{"ticker": "MOH", "price": {"title": "Molina Healthcare Historical Annual Stock Price Data", "value": 204.7, "historical": {"2020": {"Average Stock Price": "173.4471", "Year Open": "133.3700", "Year High": "220.0400", "Year Low": "107.7900", "Year Close": "212.6800", "Annual % Change": "56.74%"}, "2019": {"Average Stock Price": "131.8670", "Year Open": "112.8900", "Year High": "155.2800", "Year Low": "105.9000", "Year Close": "135.6900", "Annual % Change": "16.75%"}, "2018": {"Average Stock Price": "106.7034", "Year Open": "78.0000", "Year High": "152.7200", "Year Low": "71.1400", "Year Close": "116.2200", "Annual % Change": "51.56%"}, "2017": {"Average Stock Price": "62.7860", "Year Open": "53.5900", "Year High": "79.1800", "Year Low": "42.7000", "Year Close": "76.6800", "Annual % Change": "41.32%"}, "2016": {"Average Stock Price": "55.6203", "Year Open": "59.3700", "Year High": "67.7200", "Year Low": "45.3400", "Year Close": "54.2600", "Annual % Change": "-9.76%"}, "2015": {"Average Stock Price": "65.5430", "Year Open": "52.4300", "Year High": "81.5000", "Year Low": "49.8700", "Year Close": "60.1300", "Annual % Change": "12.33%"}, "2014": {"Average Stock Price": "42.5938", "Year Open": "36.1500", "Year High": "54.0900", "Year Low": "32.7300", "Year Close": "53.5300", "Annual % Change": "54.04%"}, "2013": {"Average Stock Price": "34.1581", "Year Open": "26.8300", "Year High": "40.6900", "Year Low": "25.7300", "Year Close": "34.7500", "Annual % Change": "28.42%"}, "2012": {"Average Stock Price": "26.9528", "Year Open": "22.4500", "Year High": "36.7800", "Year Low": "17.7700", "Year Close": "27.0600", "Annual % Change": "21.18%"}, "2011": {"Average Stock Price": "22.3276", "Year Open": "18.7200", "Year High": "28.6667", "Year Low": "14.2600", "Year Close": "22.3300", "Annual % Change": "20.27%"}, "2010": {"Average Stock Price": "17.4529", "Year Open": "15.8467", "Year High": "21.1400", "Year Low": "13.7400", "Year Close": "18.5667", "Annual % Change": "21.78%"}, "2009": {"Average Stock Price": "13.9699", "Year Open": "12.1267", "Year High": "16.7667", "Year Low": "11.2067", "Year Close": "15.2467", "Annual % Change": "29.87%"}, "2008": {"Average Stock Price": "18.3652", "Year Open": "25.5733", "Year High": "26.3267", "Year Low": "11.1667", "Year Close": "11.7400", "Annual % Change": "-54.50%"}, "2007": {"Average Stock Price": "22.5275", "Year Open": "22.3600", "Year High": "27.2200", "Year Low": "19.8000", "Year Close": "25.8000", "Annual % Change": "19.04%"}, "2006": {"Average Stock Price": "22.5143", "Year Open": "17.9933", "Year High": "27.1067", "Year Low": "15.7267", "Year Close": "21.6733", "Annual % Change": "22.03%"}, "2005": {"Average Stock Price": "24.5159", "Year Open": "31.1333", "Year High": "35.3067", "Year Low": "13.7000", "Year Close": "17.7600", "Annual % Change": "-42.56%"}, "2004": {"Average Stock Price": "23.2021", "Year Open": "16.6667", "Year High": "32.8000", "Year Low": "15.7600", "Year Close": "30.9200", "Annual % Change": "83.83%"}, "2003": {"Average Stock Price": "16.2118", "Year Open": "13.3333", "Year High": "19.3333", "Year Low": "13.3333", "Year Close": "16.8200", "Annual % Change": "0.00%"}}}, "market cap": {"value": "$12.14B"}, "income statement": {"Revenue": {"2019-12-31": "16829.00000", "2018-12-31": "18890.00000", "2017-12-31": "19883.00000", "2016-12-31": "17782.00000", "2015-12-31": "14178.00000", "2014-12-31": "9667.00000", "2013-12-31": "6589.00000", "2012-12-31": "5914.20900", "2011-12-31": "4540.26300", "2010-12-31": "4085.97700", "2009-12-31": "3669.35600", "2008-12-31": "3112.36600", "2007-12-31": "2492.45400", "2006-12-31": "2004.99500", "2005-12-31": "1650.05800"}, "Cost Of Goods Sold": {"2019-12-31": "13905.00000", "2018-12-31": "15501.00000", "2017-12-31": "17565.00000", "2016-12-31": "15259.00000", "2015-12-31": "11987.00000", "2014-12-31": "8233.00000", "2013-12-31": "5541.00000", "2012-12-31": "5132.39600", "2011-12-31": "3808.14800", "2010-12-31": "3449.50400", "2009-12-31": "3176.23600", "2008-12-31": "2621.31200", "2007-12-31": "2080.08300", "2006-12-31": "1678.65200", "2005-12-31": "1424.87200"}, "Gross Profit": {"2019-12-31": "2924.00000", "2018-12-31": "3389.00000", "2017-12-31": "2318.00000", "2016-12-31": "2523.00000", "2015-12-31": "2191.00000", "2014-12-31": "1434.00000", "2013-12-31": "1048.00000", "2012-12-31": "781.81300", "2011-12-31": "732.11520", "2010-12-31": "636.47310", "2009-12-31": "493.11990", "2008-12-31": "491.05400", "2007-12-31": "412.37110", "2006-12-31": "326.34300", "2005-12-31": "225.18600"}, "Research And Development Expenses": {"2019-12-31": "", "2018-12-31": "", "2017-12-31": "", "2016-12-31": "", "2015-12-31": "", "2014-12-31": "", "2013-12-31": "", "2012-12-31": "", "2011-12-31": "", "2010-12-31": "", "2009-12-31": "", "2008-12-31": "", "2007-12-31": "", "2006-12-31": "", "2005-12-31": ""}, "SG&A Expenses": {"2019-12-31": "1296.00000", "2018-12-31": "1333.00000", "2017-12-31": "1594.00000", "2016-12-31": "1393.00000", "2015-12-31": "1146.00000", "2014-12-31": "765.00000", "2013-12-31": "666.00000", "2012-12-31": "518.61500", "2011-12-31": "393.45200", "2010-12-31": "345.99300", "2009-12-31": "276.02700", "2008-12-31": "249.64600", "2007-12-31": "285.29500", "2006-12-31": "229.05700", "2005-12-31": "163.34200"}, "Other Operating Income Or Expenses": {"2019-12-31": "-489.00000", "2018-12-31": "-780.00000", "2017-12-31": "-908.00000", "2016-12-31": "-685.00000", "2015-12-31": "-554.00000", "2014-12-31": "-383.00000", "2013-12-31": "-172.00000", "2012-12-31": "-158.99100", "2011-12-31": "-154.58900", "2010-12-31": "-139.77500", "2009-12-31": "-127.04900", "2008-12-31": "-100.16500", "2007-12-31": "", "2006-12-31": "", "2005-12-31": "-0.93900"}, "Operating Expenses": {"2019-12-31": "15785.00000", "2018-12-31": "17759.00000", "2017-12-31": "20438.00000", "2016-12-31": "17476.00000", "2015-12-31": "13791.00000", "2014-12-31": "9474.00000", "2013-12-31": "6452.00000", "2012-12-31": "5873.11600", "2011-12-31": "4404.44200", "2010-12-31": "3980.97600", "2009-12-31": "3617.42200", "2008-12-31": "3004.81100", "2007-12-31": "2394.12700", "2006-12-31": "1929.18400", "2005-12-31": "1604.27800"}, "Operating Income": {"2019-12-31": "1044.00000", "2018-12-31": "1131.00000", "2017-12-31": "-555.00000", "2016-12-31": "306.00000", "2015-12-31": "387.00000", "2014-12-31": "193.00000", "2013-12-31": "137.00000", "2012-12-31": "41.09280", "2011-12-31": "135.82130", "2010-12-31": "105.00120", "2009-12-31": "51.93360", "2008-12-31": "107.55490", "2007-12-31": "98.32720", "2006-12-31": "75.81100", "2005-12-31": "45.78000"}, "Total Non-Operating Income/Expense": {"2019-12-31": "-72.00000", "2018-12-31": "-132.00000", "2017-12-31": "-57.00000", "2016-12-31": "-101.00000", "2015-12-31": "-65.00000", "2014-12-31": "-58.00000", "2013-12-31": "-56.00000", "2012-12-31": "-17.71400", "2011-12-31": "-15.51900", "2010-12-31": "-15.50900", "2009-12-31": "-13.77700", "2008-12-31": "-13.23100", "2007-12-31": "-5.60500", "2006-12-31": "-2.35300", "2005-12-31": "-1.92900"}, "Pre-Tax Income": {"2019-12-31": "972.00000", "2018-12-31": "999.00000", "2017-12-31": "-612.00000", "2016-12-31": "205.00000", "2015-12-31": "322.00000", "2014-12-31": "135.00000", "2013-12-31": "81.00000", "2012-12-31": "23.37900", "2011-12-31": "120.30200", "2010-12-31": "89.49200", "2009-12-31": "38.15700", "2008-12-31": "94.32400", "2007-12-31": "92.72200", "2006-12-31": "73.45800", "2005-12-31": "43.85100"}, "Income Taxes": {"2019-12-31": "235.00000", "2018-12-31": "292.00000", "2017-12-31": "-100.00000", "2016-12-31": "153.00000", "2015-12-31": "179.00000", "2014-12-31": "73.00000", "2013-12-31": "36.00000", "2012-12-31": "10.51300", "2011-12-31": "42.91400", "2010-12-31": "34.52200", "2009-12-31": "7.28900", "2008-12-31": "34.72600", "2007-12-31": "34.99600", "2006-12-31": "27.73100", "2005-12-31": "16.25500"}, "Income After Taxes": {"2019-12-31": "737.00000", "2018-12-31": "707.00000", "2017-12-31": "-512.00000", "2016-12-31": "52.00000", "2015-12-31": "143.00000", "2014-12-31": "62.00000", "2013-12-31": "45.00000", "2012-12-31": "12.86600", "2011-12-31": "77.38800", "2010-12-31": "54.97000", "2009-12-31": "30.86800", "2008-12-31": "59.59800", "2007-12-31": "57.72600", "2006-12-31": "45.72700", "2005-12-31": "27.59600"}, "Other Income": {"2019-12-31": "", "2018-12-31": "", "2017-12-31": "", "2016-12-31": "", "2015-12-31": "", "2014-12-31": "", "2013-12-31": "", "2012-12-31": "", "2011-12-31": "", "2010-12-31": "", "2009-12-31": "", "2008-12-31": "", "2007-12-31": "", "2006-12-31": "", "2005-12-31": ""}, "Income From Continuous Operations": {"2019-12-31": "737.00000", "2018-12-31": "707.00000", "2017-12-31": "-512.00000", "2016-12-31": "52.00000", "2015-12-31": "143.00000", "2014-12-31": "62.00000", "2013-12-31": "45.00000", "2012-12-31": "12.86600", "2011-12-31": "77.38800", "2010-12-31": "54.97000", "2009-12-31": "30.86800", "2008-12-31": "59.59800", "2007-12-31": "57.72600", "2006-12-31": "45.72700", "2005-12-31": "27.59600"}, "Income From Discontinued Operations": {"2019-12-31": "", "2018-12-31": "", "2017-12-31": "", "2016-12-31": "", "2015-12-31": "", "2014-12-31": "", "2013-12-31": "8.00000", "2012-12-31": "-3.07600", "2011-12-31": "-56.57000", "2010-12-31": "", "2009-12-31": "", "2008-12-31": "", "2007-12-31": "", "2006-12-31": "", "2005-12-31": ""}, "Net Income": {"2019-12-31": "737.00000", "2018-12-31": "707.00000", "2017-12-31": "-512.00000", "2016-12-31": "52.00000", "2015-12-31": "143.00000", "2014-12-31": "62.00000", "2013-12-31": "53.00000", "2012-12-31": "9.79000", "2011-12-31": "20.81800", "2010-12-31": "54.97000", "2009-12-31": "30.86800", "2008-12-31": "59.59800", "2007-12-31": "57.72600", "2006-12-31": "45.72700", "2005-12-31": "27.59600"}, "EBITDA": {"2019-12-31": "1138.00000", "2018-12-31": "1280.00000", "2017-12-31": "-345.00000", "2016-12-31": "488.00000", "2015-12-31": "543.00000", "2014-12-31": "354.00000", "2013-12-31": "231.00000", "2012-12-31": "125.79880", "2011-12-31": "284.83930", "2010-12-31": "169.57520", "2009-12-31": "91.91560", "2008-12-31": "142.67790", "2007-12-31": "127.29810", "2006-12-31": "98.17100", "2005-12-31": "61.62300"}, "EBIT": {"2019-12-31": "1044.00000", "2018-12-31": "1131.00000", "2017-12-31": "-555.00000", "2016-12-31": "306.00000", "2015-12-31": "387.00000", "2014-12-31": "193.00000", "2013-12-31": "137.00000", "2012-12-31": "41.09280", "2011-12-31": "135.82130", "2010-12-31": "105.00120", "2009-12-31": "51.93360", "2008-12-31": "107.55490", "2007-12-31": "98.32720", "2006-12-31": "75.81100", "2005-12-31": "45.78000"}, "Basic Shares Outstanding": {"2019-12-31": "62.00000", "2018-12-31": "61.00000", "2017-12-31": "56.00000", "2016-12-31": "55.40000", "2015-12-31": "52.00000", "2014-12-31": "47.00000", "2013-12-31": "46.00000", "2012-12-31": "46.38000", "2011-12-31": "45.75600", "2010-12-31": "41.17400", "2009-12-31": "38.76500", "2008-12-31": "41.51400", "2007-12-31": "42.41250", "2006-12-31": "41.94900", "2005-12-31": "41.56650"}, "Shares Outstanding": {"2019-12-31": "64.00000", "2018-12-31": "67.00000", "2017-12-31": "56.00000", "2016-12-31": "56.20000", "2015-12-31": "56.00000", "2014-12-31": "48.00000", "2013-12-31": "47.00000", "2012-12-31": "46.99900", "2011-12-31": "46.42500", "2010-12-31": "41.63100", "2009-12-31": "38.97600", "2008-12-31": "41.65800", "2007-12-31": "42.62850", "2006-12-31": "42.24600", "2005-12-31": "42.03450"}, "Basic EPS": {"2019-12-31": "11.85000", "2018-12-31": "11.57000", "2017-12-31": "-9.07000", "2016-12-31": "0.93000", "2015-12-31": "2.75000", "2014-12-31": "1.33000", "2013-12-31": "1.16000", "2012-12-31": "0.21000", "2011-12-31": "0.45000", "2010-12-31": "1.34000", "2009-12-31": "0.80000", "2008-12-31": "1.43330", "2007-12-31": "1.36000", "2006-12-31": "1.09330", "2005-12-31": "0.66670"}, "EPS - Earnings Per Share": {"2019-12-31": "11.47000", "2018-12-31": "10.61000", "2017-12-31": "-9.07000", "2016-12-31": "0.92000", "2015-12-31": "2.58000", "2014-12-31": "1.29000", "2013-12-31": "1.13000", "2012-12-31": "0.21000", "2011-12-31": "0.45000", "2010-12-31": "1.32000", "2009-12-31": "0.79000", "2008-12-31": "1.43330", "2007-12-31": "1.35330", "2006-12-31": "1.08000", "2005-12-31": "0.65330"}}, "income statement, quarterly": {"Revenue": {"2020-09-30": "5021.00000", "2020-06-30": "4618.00000", "2020-03-31": "4549.00000", "2019-12-31": "4274.00000", "2019-09-30": "4243.00000", "2019-06-30": "4193.00000", "2019-03-31": "4119.00000", "2018-12-31": "4664.00000", "2018-09-30": "4697.00000", "2018-06-30": "4883.00000", "2018-03-31": "4646.00000", "2017-12-31": "4949.00000", "2017-09-30": "5031.00000", "2017-06-30": "4999.00000", "2017-03-31": "4904.00000", "2016-12-31": "4534.00000", "2016-09-30": "4546.00000", "2016-06-30": "4359.00000", "2016-03-31": "4343.00000", "2015-12-31": "3871.00000", "2015-09-30": "3611.00000", "2015-06-30": "3525.00000", "2015-03-31": "3171.00000", "2014-12-31": "2801.36700", "2014-09-30": "2484.35100", "2014-06-30": "2312.03900", "2014-03-31": "2069.24300", "2013-12-31": "1705.68800", "2013-09-30": "1687.07900", "2013-06-30": "1605.83400", "2013-03-31": "1590.39900", "2012-12-31": "1521.30900", "2012-09-30": "1540.15000", "2012-06-30": "1479.16300", "2012-03-31": "1373.58700", "2011-12-31": "1076.73100", "2011-09-30": "1176.72200", "2011-06-30": "1167.10400", "2011-03-31": "1119.70600", "2010-12-31": "1080.75200", "2010-09-30": "1039.14600", "2010-06-30": "999.33800", "2010-03-31": "966.74100", "2009-12-31": "964.22400", "2009-09-30": "916.51200", "2009-06-30": "927.58900", "2009-03-31": "861.03100", "2008-12-31": "812.50420", "2008-09-30": "796.32900", "2008-06-30": "766.49100", "2008-03-31": "737.04200", "2007-12-31": "679.62920", "2007-09-30": "636.03400", "2007-06-30": "613.88800", "2007-03-31": "562.90300", "2006-12-31": "549.52000", "2006-09-30": "517.46500", "2006-06-30": "484.63400", "2006-03-31": "453.37600", "2005-12-31": "423.22100", "2005-09-30": "428.61100", "2005-06-30": "404.27400", "2005-03-31": "393.95200"}, "Cost Of Goods Sold": {"2020-09-30": "4098.00000", "2020-06-30": "3598.00000", "2020-03-31": "3716.00000", "2019-12-31": "3545.00000", "2019-09-30": "3523.00000", "2019-06-30": "3466.00000", "2019-03-31": "3371.00000", "2018-12-31": "3790.00000", "2018-09-30": "3901.00000", "2018-06-30": "3968.00000", "2018-03-31": "3842.00000", "2017-12-31": "4374.00000", "2017-09-30": "4343.00000", "2017-06-30": "4615.00000", "2017-03-31": "4233.00000", "2016-12-31": "3967.00000", "2016-09-30": "3867.00000", "2016-06-30": "3710.00000", "2016-03-31": "3715.00000", "2015-12-31": "3303.00000", "2015-09-30": "3050.00000", "2015-06-30": "2962.00000", "2015-03-31": "2672.00000", "2014-12-31": "2361.37500", "2014-09-30": "2137.90300", "2014-06-30": "1971.40600", "2014-03-31": "1762.31500", "2013-12-31": "1455.97800", "2013-09-30": "1423.32600", "2013-06-30": "1334.01100", "2013-03-31": "1327.68500", "2012-12-31": "1265.70900", "2012-09-30": "1356.99500", "2012-06-30": "1348.21000", "2012-03-31": "1161.48200", "2011-12-31": "881.07900", "2011-09-30": "993.74200", "2011-06-30": "988.57400", "2011-03-31": "944.75300", "2010-12-31": "899.27900", "2010-09-30": "873.54200", "2010-06-30": "853.86700", "2010-03-31": "822.81600", "2009-12-31": "842.37100", "2009-09-30": "792.77100", "2009-06-30": "803.20600", "2009-03-31": "737.88800", "2008-12-31": "684.78110", "2008-09-30": "669.35500", "2008-06-30": "640.82900", "2008-03-31": "626.34700", "2007-12-31": "560.83910", "2007-09-30": "525.90200", "2007-06-30": "516.86500", "2007-03-31": "476.47700", "2006-12-31": "462.82000", "2006-09-30": "430.87000", "2006-06-30": "401.71500", "2006-03-31": "383.24700", "2005-12-31": "355.65600", "2005-09-30": "366.61200", "2005-06-30": "369.49000", "2005-03-31": "333.11400"}, "Gross Profit": {"2020-09-30": "923.00000", "2020-06-30": "1020.00000", "2020-03-31": "833.00000", "2019-12-31": "729.00000", "2019-09-30": "720.00000", "2019-06-30": "727.00000", "2019-03-31": "748.00000", "2018-12-31": "874.00000", "2018-09-30": "796.00000", "2018-06-30": "915.00000", "2018-03-31": "804.00000", "2017-12-31": "575.00000", "2017-09-30": "688.00000", "2017-06-30": "384.00000", "2017-03-31": "671.00000", "2016-12-31": "567.00000", "2016-09-30": "679.00000", "2016-06-30": "649.00000", "2016-03-31": "628.00000", "2015-12-31": "568.00000", "2015-09-30": "561.00000", "2015-06-30": "563.00000", "2015-03-31": "499.00000", "2014-12-31": "439.99150", "2014-09-30": "346.44800", "2014-06-30": "340.63310", "2014-03-31": "306.92800", "2013-12-31": "249.71010", "2013-09-30": "263.75290", "2013-06-30": "271.82300", "2013-03-31": "262.71400", "2012-12-31": "255.60010", "2012-09-30": "183.15500", "2012-06-30": "130.95300", "2012-03-31": "212.10500", "2011-12-31": "195.65190", "2011-09-30": "182.98000", "2011-06-30": "178.53000", "2011-03-31": "174.95310", "2010-12-31": "181.47300", "2010-09-30": "165.60400", "2010-06-30": "145.47100", "2010-03-31": "143.92500", "2009-12-31": "121.85300", "2009-09-30": "123.74100", "2009-06-30": "124.38300", "2009-03-31": "123.14300", "2008-12-31": "127.72310", "2008-09-30": "126.97400", "2008-06-30": "125.66200", "2008-03-31": "110.69500", "2007-12-31": "118.79020", "2007-09-30": "110.13200", "2007-06-30": "97.02300", "2007-03-31": "86.42600", "2006-12-31": "86.70000", "2006-09-30": "86.59500", "2006-06-30": "82.91900", "2006-03-31": "70.12900", "2005-12-31": "67.56500", "2005-09-30": "61.99900", "2005-06-30": "34.78400", "2005-03-31": "60.83800"}, "Research And Development Expenses": {"2020-09-30": "", "2020-06-30": "", "2020-03-31": "", "2019-12-31": "", "2019-09-30": "", "2019-06-30": "", "2019-03-31": "", "2018-12-31": "", "2018-09-30": "", "2018-06-30": "", "2018-03-31": "", "2017-12-31": "", "2017-09-30": "", "2017-06-30": "", "2017-03-31": "", "2016-12-31": "", "2016-09-30": "", "2016-06-30": "", "2016-03-31": "", "2015-12-31": "", "2015-09-30": "", "2015-06-30": "", "2015-03-31": "", "2014-12-31": "", "2014-09-30": "", "2014-06-30": "", "2014-03-31": "", "2013-12-31": "", "2013-09-30": "", "2013-06-30": "", "2013-03-31": "", "2012-12-31": "", "2012-09-30": "", "2012-06-30": "", "2012-03-31": "", "2011-12-31": "", "2011-09-30": "", "2011-06-30": "", "2011-03-31": "", "2010-12-31": "", "2010-09-30": "", "2010-06-30": "", "2010-03-31": "", "2009-12-31": "", "2009-09-30": "", "2009-06-30": "", "2009-03-31": "", "2008-12-31": "", "2008-09-30": "", "2008-06-30": "", "2008-03-31": "", "2007-12-31": "", "2007-09-30": "", "2007-06-30": "", "2007-03-31": "", "2006-12-31": "", "2006-09-30": "", "2006-06-30": "", "2006-03-31": "", "2005-12-31": "", "2005-09-30": "", "2005-06-30": "", "2005-03-31": ""}, "SG&A Expenses": {"2020-09-30": "368.00000", "2020-06-30": "345.00000", "2020-03-31": "317.00000", "2019-12-31": "343.00000", "2019-09-30": "323.00000", "2019-06-30": "328.00000", "2019-03-31": "302.00000", "2018-12-31": "335.00000", "2018-09-30": "311.00000", "2018-06-30": "335.00000", "2018-03-31": "352.00000", "2017-12-31": "367.00000", "2017-09-30": "383.00000", "2017-06-30": "405.00000", "2017-03-31": "439.00000", "2016-12-31": "359.00000", "2016-09-30": "343.00000", "2016-06-30": "351.00000", "2016-03-31": "340.00000", "2015-12-31": "316.00000", "2015-09-30": "287.00000", "2015-06-30": "287.00000", "2015-03-31": "256.00000", "2014-12-31": "204.79500", "2014-09-30": "178.87900", "2014-06-30": "193.23900", "2014-03-31": "188.08700", "2013-12-31": "187.01000", "2013-09-30": "176.23300", "2013-06-30": "161.47900", "2013-03-31": "141.27800", "2012-12-31": "144.28700", "2012-09-30": "127.03500", "2012-06-30": "125.81900", "2012-03-31": "121.47400", "2011-12-31": "102.48500", "2011-09-30": "99.61000", "2011-06-30": "96.92100", "2011-03-31": "94.43600", "2010-12-31": "100.37400", "2010-09-30": "88.66000", "2010-06-30": "78.07900", "2010-03-31": "78.88000", "2009-12-31": "49.99100", "2009-09-30": "68.56300", "2009-06-30": "65.01100", "2009-03-31": "92.46200", "2008-12-31": "-3.55000", "2008-09-30": "88.03000", "2008-06-30": "87.07400", "2008-03-31": "78.09200", "2007-12-31": "80.46400", "2007-09-30": "74.23500", "2007-06-30": "67.20800", "2007-03-31": "63.38800", "2006-12-31": "61.03200", "2006-09-30": "60.50400", "2006-06-30": "56.30800", "2006-03-31": "51.21300", "2005-12-31": "45.73100", "2005-09-30": "47.00500", "2005-06-30": "37.06000", "2005-03-31": "33.54600"}, "Other Operating Income Or Expenses": {"2020-09-30": "-243.00000", "2020-06-30": "-230.00000", "2020-03-31": "-222.00000", "2019-12-31": "-117.00000", "2019-09-30": "-119.00000", "2019-06-30": "-112.00000", "2019-03-31": "-141.00000", "2018-12-31": "-236.00000", "2018-09-30": "-160.00000", "2018-06-30": "-205.00000", "2018-03-31": "-179.00000", "2017-12-31": "-448.00000", "2017-09-30": "-235.00000", "2017-06-30": "-114.00000", "2017-03-31": "-111.00000", "2016-12-31": "-177.00000", "2016-09-30": "-182.00000", "2016-06-30": "-159.00000", "2016-03-31": "-167.00000", "2015-12-31": "-148.00000", "2015-09-30": "-135.00000", "2015-06-30": "-135.00000", "2015-03-31": "-136.00000", "2014-12-31": "-113.50400", "2014-09-30": "-103.54800", "2014-06-30": "-92.06500", "2014-03-31": "-73.88300", "2013-12-31": "-44.39400", "2013-09-30": "-43.72300", "2013-06-30": "-46.88300", "2013-03-31": "-37.00000", "2012-12-31": "-40.55700", "2012-09-30": "-37.89400", "2012-06-30": "-38.35400", "2012-03-31": "-42.18600", "2011-12-31": "-43.95600", "2011-09-30": "-36.37400", "2011-06-30": "-37.70900", "2011-03-31": "-36.55000", "2010-12-31": "-35.19700", "2010-09-30": "-35.03700", "2010-06-30": "-34.99500", "2010-03-31": "-34.54600", "2009-12-31": "-68.02400", "2009-09-30": "-30.25700", "2009-06-30": "-30.30000", "2009-03-31": "1.53200", "2008-12-31": "", "2008-09-30": "", "2008-06-30": "", "2008-03-31": "", "2007-12-31": "", "2007-09-30": "", "2007-06-30": "", "2007-03-31": "", "2006-12-31": "", "2006-09-30": "", "2006-06-30": "", "2006-03-31": "", "2005-12-31": "", "2005-09-30": "", "2005-06-30": "-0.93900", "2005-03-31": ""}, "Operating Expenses": {"2020-09-30": "4732.00000", "2020-06-30": "4194.00000", "2020-03-31": "4275.00000", "2019-12-31": "4032.00000", "2019-09-30": "3986.00000", "2019-06-30": "3928.00000", "2019-03-31": "3839.00000", "2018-12-31": "4392.00000", "2018-09-30": "4402.00000", "2018-06-30": "4541.00000", "2018-03-31": "4424.00000", "2017-12-31": "5218.00000", "2017-09-30": "5112.00000", "2017-06-30": "5286.00000", "2017-03-31": "4822.00000", "2016-12-31": "4540.00000", "2016-09-30": "4428.00000", "2016-06-30": "4254.00000", "2016-03-31": "4254.00000", "2015-12-31": "3795.00000", "2015-09-30": "3498.00000", "2015-06-30": "3409.00000", "2015-03-31": "3089.00000", "2014-12-31": "2704.84000", "2014-09-30": "2444.57200", "2014-06-30": "2279.61200", "2014-03-31": "2044.97600", "2013-12-31": "1707.93200", "2013-09-30": "1662.15300", "2013-06-30": "1559.38800", "2013-03-31": "1522.52600", "2012-12-31": "1466.57400", "2012-09-30": "1537.78200", "2012-06-30": "1528.59300", "2012-03-31": "1340.16700", "2011-12-31": "1037.18600", "2011-09-30": "1143.15600", "2011-06-30": "1135.69400", "2011-03-31": "1088.40600", "2010-12-31": "1047.32000", "2010-09-30": "1009.19300", "2010-06-30": "978.16000", "2010-03-31": "946.30300", "2009-12-31": "970.02860", "2009-09-30": "901.42300", "2009-06-30": "908.10100", "2009-03-31": "837.87000", "2008-12-31": "790.08730", "2008-09-30": "765.90000", "2008-06-30": "736.23300", "2008-03-31": "712.59090", "2007-12-31": "648.99600", "2007-09-30": "607.21890", "2007-06-30": "591.60400", "2007-03-31": "546.30800", "2006-12-31": "530.06200", "2006-09-30": "497.00700", "2006-06-30": "462.89300", "2006-03-31": "439.22200", "2005-12-31": "405.64300", "2005-09-30": "417.73000", "2005-06-30": "411.04700", "2005-03-31": "369.85800"}, "Operating Income": {"2020-09-30": "289.00000", "2020-06-30": "424.00000", "2020-03-31": "274.00000", "2019-12-31": "242.00000", "2019-09-30": "257.00000", "2019-06-30": "265.00000", "2019-03-31": "280.00000", "2018-12-31": "272.00000", "2018-09-30": "295.00000", "2018-06-30": "342.00000", "2018-03-31": "222.00000", "2017-12-31": "-269.00000", "2017-09-30": "-81.00000", "2017-06-30": "-287.00000", "2017-03-31": "82.00000", "2016-12-31": "-6.00000", "2016-09-30": "118.00000", "2016-06-30": "105.00000", "2016-03-31": "89.00000", "2015-12-31": "76.00000", "2015-09-30": "113.00000", "2015-06-30": "116.00000", "2015-03-31": "82.00000", "2014-12-31": "96.52710", "2014-09-30": "39.77910", "2014-06-30": "32.42730", "2014-03-31": "24.26690", "2013-12-31": "-2.24460", "2013-09-30": "24.92590", "2013-06-30": "46.44590", "2013-03-31": "67.87310", "2012-12-31": "54.73490", "2012-09-30": "2.36790", "2012-06-30": "-49.42990", "2012-03-31": "33.41990", "2011-12-31": "39.54520", "2011-09-30": "33.56600", "2011-06-30": "31.41000", "2011-03-31": "31.30010", "2010-12-31": "33.43210", "2010-09-30": "29.95300", "2010-06-30": "21.17800", "2010-03-31": "20.43810", "2009-12-31": "-5.80460", "2009-09-30": "15.08910", "2009-06-30": "19.48800", "2009-03-31": "23.16100", "2008-12-31": "22.41690", "2008-09-30": "30.42900", "2008-06-30": "30.25810", "2008-03-31": "24.45110", "2007-12-31": "30.63320", "2007-09-30": "28.81510", "2007-06-30": "22.28400", "2007-03-31": "16.59500", "2006-12-31": "19.45800", "2006-09-30": "20.45800", "2006-06-30": "21.74100", "2006-03-31": "14.15400", "2005-12-31": "17.57810", "2005-09-30": "10.88100", "2005-06-30": "-6.77300", "2005-03-31": "24.09400"}, "Total Non-Operating Income/Expense": {"2020-09-30": "-27.00000", "2020-06-30": "-29.00000", "2020-03-31": "-21.00000", "2019-12-31": "-20.00000", "2019-09-30": "-24.00000", "2019-06-30": "-8.00000", "2019-03-31": "-20.00000", "2018-12-31": "-16.00000", "2018-09-30": "-36.00000", "2018-06-30": "-37.00000", "2018-03-31": "-43.00000", "2017-12-31": "-47.00000", "2017-09-30": "-32.00000", "2017-06-30": "-27.00000", "2017-03-31": "49.00000", "2016-12-31": "-25.00000", "2016-09-30": "-26.00000", "2016-06-30": "-25.00000", "2016-03-31": "-25.00000", "2015-12-31": "-20.00000", "2015-09-30": "-15.00000", "2015-06-30": "-15.00000", "2015-03-31": "-15.00000", "2014-12-31": "-14.95600", "2014-09-30": "-15.28200", "2014-06-30": "-13.98400", "2014-03-31": "-13.77800", "2013-12-31": "-14.41700", "2013-09-30": "-13.50800", "2013-06-30": "-15.16900", "2013-03-31": "-12.90600", "2012-12-31": "-4.02300", "2012-09-30": "-4.49900", "2012-06-30": "-4.89400", "2012-03-31": "-4.29800", "2011-12-31": "-3.85300", "2011-09-30": "-4.38000", "2011-06-30": "-3.68300", "2011-03-31": "-3.60300", "2010-12-31": "-3.45300", "2010-09-30": "-4.60000", "2010-06-30": "-4.09900", "2010-03-31": "-3.35700", "2009-12-31": "-3.86000", "2009-09-30": "-3.27900", "2009-06-30": "-3.22300", "2009-03-31": "-3.41500", "2008-12-31": "-3.31800", "2008-09-30": "-3.12000", "2008-06-30": "-3.42500", "2008-03-31": "-3.36800", "2007-12-31": "-3.22500", "2007-09-30": "-0.53000", "2007-06-30": "-0.72500", "2007-03-31": "-1.12500", "2006-12-31": "-0.71700", "2006-09-30": "-0.64500", "2006-06-30": "-0.57700", "2006-03-31": "-0.41400", "2005-12-31": "-0.24100", "2005-09-30": "-0.58100", "2005-06-30": "-0.81800", "2005-03-31": "-0.28900"}, "Pre-Tax Income": {"2020-09-30": "262.00000", "2020-06-30": "395.00000", "2020-03-31": "253.00000", "2019-12-31": "222.00000", "2019-09-30": "233.00000", "2019-06-30": "257.00000", "2019-03-31": "260.00000", "2018-12-31": "256.00000", "2018-09-30": "259.00000", "2018-06-30": "305.00000", "2018-03-31": "179.00000", "2017-12-31": "-316.00000", "2017-09-30": "-113.00000", "2017-06-30": "-314.00000", "2017-03-31": "131.00000", "2016-12-31": "-31.00000", "2016-09-30": "92.00000", "2016-06-30": "80.00000", "2016-03-31": "64.00000", "2015-12-31": "56.00000", "2015-09-30": "98.00000", "2015-06-30": "101.00000", "2015-03-31": "67.00000", "2014-12-31": "81.57100", "2014-09-30": "24.49700", "2014-06-30": "18.44300", "2014-03-31": "10.48900", "2013-12-31": "-16.66200", "2013-09-30": "11.41800", "2013-06-30": "31.27700", "2013-03-31": "54.96700", "2012-12-31": "50.71200", "2012-09-30": "-2.13100", "2012-06-30": "-54.32400", "2012-03-31": "29.12200", "2011-12-31": "35.69200", "2011-09-30": "29.18600", "2011-06-30": "27.72700", "2011-03-31": "27.69700", "2010-12-31": "29.97900", "2010-09-30": "25.35300", "2010-06-30": "17.07900", "2010-03-31": "17.08100", "2009-12-31": "-9.66400", "2009-09-30": "11.81000", "2009-06-30": "16.26500", "2009-03-31": "19.74600", "2008-12-31": "19.09900", "2008-09-30": "27.30900", "2008-06-30": "26.83300", "2008-03-31": "21.08300", "2007-12-31": "27.40800", "2007-09-30": "28.28500", "2007-06-30": "21.55900", "2007-03-31": "15.47000", "2006-12-31": "18.74100", "2006-09-30": "19.81300", "2006-06-30": "21.16400", "2006-03-31": "13.74000", "2005-12-31": "17.33700", "2005-09-30": "10.30000", "2005-06-30": "-7.59100", "2005-03-31": "23.80500"}, "Income Taxes": {"2020-09-30": "77.00000", "2020-06-30": "119.00000", "2020-03-31": "75.00000", "2019-12-31": "54.00000", "2019-09-30": "58.00000", "2019-06-30": "61.00000", "2019-03-31": "62.00000", "2018-12-31": "55.00000", "2018-09-30": "62.00000", "2018-06-30": "103.00000", "2018-03-31": "72.00000", "2017-12-31": "-54.00000", "2017-09-30": "-16.00000", "2017-06-30": "-84.00000", "2017-03-31": "54.00000", "2016-12-31": "16.00000", "2016-09-30": "50.00000", "2016-06-30": "47.00000", "2016-03-31": "40.00000", "2015-12-31": "26.00000", "2015-09-30": "52.00000", "2015-06-30": "62.00000", "2015-03-31": "39.00000", "2014-12-31": "48.21600", "2014-09-30": "8.42700", "2014-06-30": "10.70200", "2014-03-31": "5.65500", "2013-12-31": "-7.79100", "2013-09-30": "3.86500", "2013-06-30": "15.48100", "2013-03-31": "24.44500", "2012-12-31": "22.71300", "2012-09-30": "-1.96600", "2012-06-30": "-21.26700", "2012-03-31": "11.03300", "2011-12-31": "12.08200", "2011-09-30": "10.23600", "2011-06-30": "10.28700", "2011-03-31": "10.30900", "2010-12-31": "12.35100", "2010-09-30": "9.18000", "2010-06-30": "6.50000", "2010-03-31": "6.49100", "2009-12-31": "-5.19200", "2009-09-30": "3.24600", "2009-06-30": "1.70000", "2009-03-31": "7.53500", "2008-12-31": "4.27900", "2008-09-30": "10.82900", "2008-06-30": "11.01000", "2008-03-31": "8.60800", "2007-12-31": "10.10100", "2007-09-30": "10.77200", "2007-06-30": "8.24500", "2007-03-31": "5.87800", "2006-12-31": "7.09700", "2006-09-30": "7.47200", "2006-06-30": "8.01200", "2006-03-31": "5.15000", "2005-12-31": "6.60500", "2005-09-30": "3.48900", "2005-06-30": "-2.88500", "2005-03-31": "9.04600"}, "Income After Taxes": {"2020-09-30": "185.00000", "2020-06-30": "276.00000", "2020-03-31": "178.00000", "2019-12-31": "168.00000", "2019-09-30": "175.00000", "2019-06-30": "196.00000", "2019-03-31": "198.00000", "2018-12-31": "201.00000", "2018-09-30": "197.00000", "2018-06-30": "202.00000", "2018-03-31": "107.00000", "2017-12-31": "-262.00000", "2017-09-30": "-97.00000", "2017-06-30": "-230.00000", "2017-03-31": "77.00000", "2016-12-31": "-47.00000", "2016-09-30": "42.00000", "2016-06-30": "33.00000", "2016-03-31": "24.00000", "2015-12-31": "30.00000", "2015-09-30": "46.00000", "2015-06-30": "39.00000", "2015-03-31": "28.00000", "2014-12-31": "33.35500", "2014-09-30": "16.07000", "2014-06-30": "7.74100", "2014-03-31": "4.83400", "2013-12-31": "-8.87100", "2013-09-30": "7.55300", "2013-06-30": "15.79600", "2013-03-31": "30.52200", "2012-12-31": "27.99900", "2012-09-30": "-0.16500", "2012-06-30": "-33.05700", "2012-03-31": "18.08900", "2011-12-31": "23.61000", "2011-09-30": "18.95000", "2011-06-30": "17.44000", "2011-03-31": "17.38800", "2010-12-31": "17.62800", "2010-09-30": "16.17300", "2010-06-30": "10.57900", "2010-03-31": "10.59000", "2009-12-31": "-4.47200", "2009-09-30": "8.56400", "2009-06-30": "14.56500", "2009-03-31": "12.21100", "2008-12-31": "14.82000", "2008-09-30": "16.48000", "2008-06-30": "15.82300", "2008-03-31": "12.47500", "2007-12-31": "17.30700", "2007-09-30": "17.51300", "2007-06-30": "13.31400", "2007-03-31": "9.59200", "2006-12-31": "11.64400", "2006-09-30": "12.34100", "2006-06-30": "13.15200", "2006-03-31": "8.59000", "2005-12-31": "10.73200", "2005-09-30": "6.81100", "2005-06-30": "-4.70600", "2005-03-31": "14.75900"}, "Other Income": {"2020-09-30": "", "2020-06-30": "", "2020-03-31": "", "2019-12-31": "", "2019-09-30": "", "2019-06-30": "", "2019-03-31": "", "2018-12-31": "", "2018-09-30": "", "2018-06-30": "", "2018-03-31": "", "2017-12-31": "", "2017-09-30": "", "2017-06-30": "", "2017-03-31": "", "2016-12-31": "", "2016-09-30": "", "2016-06-30": "", "2016-03-31": "", "2015-12-31": "", "2015-09-30": "", "2015-06-30": "", "2015-03-31": "", "2014-12-31": "", "2014-09-30": "", "2014-06-30": "", "2014-03-31": "", "2013-12-31": "", "2013-09-30": "", "2013-06-30": "", "2013-03-31": "", "2012-12-31": "", "2012-09-30": "", "2012-06-30": "", "2012-03-31": "", "2011-12-31": "", "2011-09-30": "", "2011-06-30": "", "2011-03-31": "", "2010-12-31": "", "2010-09-30": "", "2010-06-30": "", "2010-03-31": "", "2009-12-31": "", "2009-09-30": "", "2009-06-30": "", "2009-03-31": "", "2008-12-31": "", "2008-09-30": "", "2008-06-30": "", "2008-03-31": "", "2007-12-31": "", "2007-09-30": "", "2007-06-30": "", "2007-03-31": "", "2006-12-31": "", "2006-09-30": "", "2006-06-30": "", "2006-03-31": "", "2005-12-31": "", "2005-09-30": "", "2005-06-30": "", "2005-03-31": ""}, "Income From Continuous Operations": {"2020-09-30": "185.00000", "2020-06-30": "276.00000", "2020-03-31": "178.00000", "2019-12-31": "168.00000", "2019-09-30": "175.00000", "2019-06-30": "196.00000", "2019-03-31": "198.00000", "2018-12-31": "201.00000", "2018-09-30": "197.00000", "2018-06-30": "202.00000", "2018-03-31": "107.00000", "2017-12-31": "-262.00000", "2017-09-30": "-97.00000", "2017-06-30": "-230.00000", "2017-03-31": "77.00000", "2016-12-31": "-47.00000", "2016-09-30": "42.00000", "2016-06-30": "33.00000", "2016-03-31": "24.00000", "2015-12-31": "30.00000", "2015-09-30": "46.00000", "2015-06-30": "39.00000", "2015-03-31": "28.00000", "2014-12-31": "33.35500", "2014-09-30": "16.07000", "2014-06-30": "7.74100", "2014-03-31": "4.83400", "2013-12-31": "-8.87100", "2013-09-30": "7.55300", "2013-06-30": "15.79600", "2013-03-31": "30.52200", "2012-12-31": "27.99900", "2012-09-30": "-0.16500", "2012-06-30": "-33.05700", "2012-03-31": "18.08900", "2011-12-31": "23.61000", "2011-09-30": "18.95000", "2011-06-30": "17.44000", "2011-03-31": "17.38800", "2010-12-31": "17.62800", "2010-09-30": "16.17300", "2010-06-30": "10.57900", "2010-03-31": "10.59000", "2009-12-31": "-4.47200", "2009-09-30": "8.56400", "2009-06-30": "14.56500", "2009-03-31": "12.21100", "2008-12-31": "14.82000", "2008-09-30": "16.48000", "2008-06-30": "15.82300", "2008-03-31": "12.47500", "2007-12-31": "17.30700", "2007-09-30": "17.51300", "2007-06-30": "13.31400", "2007-03-31": "9.59200", "2006-12-31": "11.64400", "2006-09-30": "12.34100", "2006-06-30": "13.15200", "2006-03-31": "8.59000", "2005-12-31": "10.73200", "2005-09-30": "6.81100", "2005-06-30": "-4.70600", "2005-03-31": "14.75900"}, "Income From Discontinued Operations": {"2020-09-30": "", "2020-06-30": "", "2020-03-31": "", "2019-12-31": "", "2019-09-30": "", "2019-06-30": "", "2019-03-31": "", "2018-12-31": "", "2018-09-30": "", "2018-06-30": "", "2018-03-31": "", "2017-12-31": "", "2017-09-30": "", "2017-06-30": "", "2017-03-31": "", "2016-12-31": "", "2016-09-30": "", "2016-06-30": "", "2016-03-31": "", "2015-12-31": "", "2015-09-30": "", "2015-06-30": "", "2015-03-31": "", "2014-12-31": "", "2014-09-30": "0.05200", "2014-06-30": "0.07000", "2014-03-31": "-0.33600", "2013-12-31": "-0.18400", "2013-09-30": "0.01600", "2013-06-30": "8.77500", "2013-03-31": "-0.60700", "2012-12-31": "-2.35600", "2012-09-30": "3.52900", "2012-06-30": "-4.24900", "2012-03-31": "", "2011-12-31": "", "2011-09-30": "", "2011-06-30": "", "2011-03-31": "", "2010-12-31": "", "2010-09-30": "", "2010-06-30": "", "2010-03-31": "", "2009-12-31": "", "2009-09-30": "", "2009-06-30": "", "2009-03-31": "", "2008-12-31": "", "2008-09-30": "", "2008-06-30": "", "2008-03-31": "", "2007-12-31": "", "2007-09-30": "", "2007-06-30": "", "2007-03-31": "", "2006-12-31": "", "2006-09-30": "", "2006-06-30": "", "2006-03-31": "", "2005-12-31": "", "2005-09-30": "", "2005-06-30": "", "2005-03-31": ""}, "Net Income": {"2020-09-30": "185.00000", "2020-06-30": "276.00000", "2020-03-31": "178.00000", "2019-12-31": "168.00000", "2019-09-30": "175.00000", "2019-06-30": "196.00000", "2019-03-31": "198.00000", "2018-12-31": "201.00000", "2018-09-30": "197.00000", "2018-06-30": "202.00000", "2018-03-31": "107.00000", "2017-12-31": "-262.00000", "2017-09-30": "-97.00000", "2017-06-30": "-230.00000", "2017-03-31": "77.00000", "2016-12-31": "-47.00000", "2016-09-30": "42.00000", "2016-06-30": "33.00000", "2016-03-31": "24.00000", "2015-12-31": "30.00000", "2015-09-30": "46.00000", "2015-06-30": "39.00000", "2015-03-31": "28.00000", "2014-12-31": "33.56900", "2014-09-30": "16.12200", "2014-06-30": "7.81100", "2014-03-31": "4.49800", "2013-12-31": "-9.05500", "2013-09-30": "7.56900", "2013-06-30": "24.57100", "2013-03-31": "29.91500", "2012-12-31": "25.64300", "2012-09-30": "3.36400", "2012-06-30": "-37.30600", "2012-03-31": "18.08900", "2011-12-31": "-32.96000", "2011-09-30": "18.95000", "2011-06-30": "17.44000", "2011-03-31": "17.38800", "2010-12-31": "17.62800", "2010-09-30": "16.17300", "2010-06-30": "10.57900", "2010-03-31": "10.59000", "2009-12-31": "-4.47200", "2009-09-30": "8.56400", "2009-06-30": "14.56500", "2009-03-31": "12.21100", "2008-12-31": "14.82000", "2008-09-30": "16.48000", "2008-06-30": "15.82300", "2008-03-31": "12.47500", "2007-12-31": "17.30700", "2007-09-30": "17.51300", "2007-06-30": "13.31400", "2007-03-31": "9.59200", "2006-12-31": "11.64400", "2006-09-30": "12.34100", "2006-06-30": "13.15200", "2006-03-31": "8.59000", "2005-12-31": "10.73200", "2005-09-30": "6.81100", "2005-06-30": "-4.70600", "2005-03-31": "14.75900"}, "EBITDA": {"2020-09-30": "312.00000", "2020-06-30": "445.00000", "2020-03-31": "294.00000", "2019-12-31": "268.00000", "2019-09-30": "278.00000", "2019-06-30": "287.00000", "2019-03-31": "305.00000", "2018-12-31": "299.00000", "2018-09-30": "331.00000", "2018-06-30": "384.00000", "2018-03-31": "266.00000", "2017-12-31": "-222.00000", "2017-09-30": "-30.00000", "2017-06-30": "-224.00000", "2017-03-31": "131.00000", "2016-12-31": "18.00000", "2016-09-30": "187.00000", "2016-06-30": "150.00000", "2016-03-31": "133.00000", "2015-12-31": "117.00000", "2015-09-30": "151.00000", "2015-06-30": "153.00000", "2015-03-31": "122.00000", "2014-12-31": "137.86810", "2014-09-30": "93.78410", "2014-06-30": "58.41330", "2014-03-31": "63.93480", "2013-12-31": "7.59240", "2013-09-30": "58.51790", "2013-06-30": "68.74490", "2013-03-31": "96.14510", "2012-12-31": "70.74690", "2012-09-30": "26.00690", "2012-06-30": "-24.82190", "2012-03-31": "53.86690", "2011-12-31": "128.39820", "2011-09-30": "54.68300", "2011-06-30": "50.21700", "2011-03-31": "51.54110", "2010-12-31": "55.22010", "2010-09-30": "47.58000", "2010-06-30": "35.67300", "2010-03-31": "31.10210", "2009-12-31": "4.66940", "2009-09-30": "25.26510", "2009-06-30": "29.41600", "2009-03-31": "32.56500", "2008-12-31": "31.46690", "2008-09-30": "39.30300", "2008-06-30": "38.94710", "2008-03-31": "32.96110", "2007-12-31": "38.68420", "2007-09-30": "36.06810", "2007-06-30": "29.25700", "2007-03-31": "23.28900", "2006-12-31": "25.90700", "2006-09-30": "26.30800", "2006-06-30": "26.82900", "2006-03-31": "19.12700", "2005-12-31": "22.03310", "2005-09-30": "15.17500", "2005-06-30": "-3.61100", "2005-03-31": "28.02600"}, "EBIT": {"2020-09-30": "289.00000", "2020-06-30": "424.00000", "2020-03-31": "274.00000", "2019-12-31": "242.00000", "2019-09-30": "257.00000", "2019-06-30": "265.00000", "2019-03-31": "280.00000", "2018-12-31": "272.00000", "2018-09-30": "295.00000", "2018-06-30": "342.00000", "2018-03-31": "222.00000", "2017-12-31": "-269.00000", "2017-09-30": "-81.00000", "2017-06-30": "-287.00000", "2017-03-31": "82.00000", "2016-12-31": "-6.00000", "2016-09-30": "118.00000", "2016-06-30": "105.00000", "2016-03-31": "89.00000", "2015-12-31": "76.00000", "2015-09-30": "113.00000", "2015-06-30": "116.00000", "2015-03-31": "82.00000", "2014-12-31": "96.52690", "2014-09-30": "39.77910", "2014-06-30": "32.42730", "2014-03-31": "24.26690", "2013-12-31": "-2.24490", "2013-09-30": "24.92590", "2013-06-30": "46.44590", "2013-03-31": "67.87310", "2012-12-31": "54.73490", "2012-09-30": "2.36790", "2012-06-30": "-49.42990", "2012-03-31": "33.41990", "2011-12-31": "39.54520", "2011-09-30": "33.56600", "2011-06-30": "31.41000", "2011-03-31": "31.30010", "2010-12-31": "33.43210", "2010-09-30": "29.95300", "2010-06-30": "21.17800", "2010-03-31": "20.43810", "2009-12-31": "-5.80450", "2009-09-30": "15.08910", "2009-06-30": "19.48800", "2009-03-31": "23.16100", "2008-12-31": "22.41690", "2008-09-30": "30.42900", "2008-06-30": "30.25810", "2008-03-31": "24.45110", "2007-12-31": "30.63310", "2007-09-30": "28.81510", "2007-06-30": "22.28400", "2007-03-31": "16.59500", "2006-12-31": "19.45800", "2006-09-30": "20.45800", "2006-06-30": "21.74100", "2006-03-31": "14.15400", "2005-12-31": "17.57810", "2005-09-30": "10.88100", "2005-06-30": "-6.77300", "2005-03-31": "24.09400"}, "Basic Shares Outstanding": {"2020-09-30": "58.70000", "2020-06-30": "58.60000", "2020-03-31": "60.20000", "2019-12-31": "62.00000", "2019-09-30": "62.20000", "2019-06-30": "62.10000", "2019-03-31": "62.10000", "2018-12-31": "61.00000", "2018-09-30": "61.30000", "2018-06-30": "61.20000", "2018-03-31": "59.80000", "2017-12-31": "56.00000", "2017-09-30": "56.50000", "2017-06-30": "56.00000", "2017-03-31": "56.00000", "2016-12-31": "55.40000", "2016-09-30": "56.00000", "2016-06-30": "55.00000", "2016-03-31": "55.00000", "2015-12-31": "52.00000", "2015-09-30": "55.00000", "2015-06-30": "50.00000", "2015-03-31": "49.00000", "2014-12-31": "47.00000", "2014-09-30": "46.99100", "2014-06-30": "46.27900", "2014-03-31": "46.02100", "2013-12-31": "46.00000", "2013-09-30": "45.69900", "2013-06-30": "45.44600", "2013-03-31": "45.98100", "2012-12-31": "46.38000", "2012-09-30": "46.54600", "2012-06-30": "46.35500", "2012-03-31": "45.99800", "2011-12-31": "45.75600", "2011-09-30": "45.83400", "2011-06-30": "45.89700", "2011-03-31": "45.58800", "2010-12-31": "41.17400", "2010-09-30": "42.17700", "2010-06-30": "38.61100", "2010-03-31": "38.46900", "2009-12-31": "38.76500", "2009-09-30": "38.30850", "2009-06-30": "38.68200", "2009-03-31": "39.79500", "2008-12-31": "41.51400", "2008-09-30": "41.17350", "2008-06-30": "41.99550", "2008-03-31": "42.68550", "2007-12-31": "42.41250", "2007-09-30": "42.45900", "2007-06-30": "42.34950", "2007-03-31": "42.22800", "2006-12-31": "41.94900", "2006-09-30": "42.03300", "2006-06-30": "41.92050", "2006-03-31": "41.78250", "2005-12-31": "41.56650", "2005-09-30": "41.62650", "2005-06-30": "41.56050", "2005-03-31": "41.42400"}, "Shares Outstanding": {"2020-09-30": "59.60000", "2020-06-30": "59.40000", "2020-03-31": "61.00000", "2019-12-31": "64.00000", "2019-09-30": "63.60000", "2019-06-30": "64.00000", "2019-03-31": "66.20000", "2018-12-31": "67.00000", "2018-09-30": "67.90000", "2018-06-30": "66.70000", "2018-03-31": "65.20000", "2017-12-31": "56.00000", "2017-09-30": "56.50000", "2017-06-30": "56.00000", "2017-03-31": "56.00000", "2016-12-31": "56.20000", "2016-09-30": "56.00000", "2016-06-30": "55.00000", "2016-03-31": "57.00000", "2015-12-31": "56.00000", "2015-09-30": "60.00000", "2015-06-30": "54.00000", "2015-03-31": "50.00000", "2014-12-31": "48.00000", "2014-09-30": "48.64400", "2014-06-30": "48.00300", "2014-03-31": "47.52000", "2013-12-31": "47.00000", "2013-09-30": "47.06200", "2013-06-30": "46.50700", "2013-03-31": "46.44300", "2012-12-31": "46.99900", "2012-09-30": "46.88000", "2012-06-30": "46.35500", "2012-03-31": "46.88700", "2011-12-31": "46.42500", "2011-09-30": "46.29600", "2011-06-30": "46.47100", "2011-03-31": "46.25700", "2010-12-31": "41.63100", "2010-09-30": "42.54600", "2010-06-30": "38.92600", "2010-03-31": "38.75550", "2009-12-31": "38.97600", "2009-09-30": "38.44500", "2009-06-30": "38.80500", "2009-03-31": "39.84150", "2008-12-31": "41.65800", "2008-09-30": "41.37300", "2008-06-30": "42.06600", "2008-03-31": "42.86400", "2007-12-31": "42.62850", "2007-09-30": "42.66150", "2007-06-30": "42.51450", "2007-03-31": "42.41250", "2006-12-31": "42.24600", "2006-09-30": "42.51900", "2006-06-30": "42.40500", "2006-03-31": "42.21150", "2005-12-31": "42.03450", "2005-09-30": "42.10050", "2005-06-30": "41.56050", "2005-03-31": "41.94600"}, "Basic EPS": {"2020-09-30": "3.14000", "2020-06-30": "4.72000", "2020-03-31": "2.95000", "2019-12-31": "2.70000", "2019-09-30": "2.81000", "2019-06-30": "3.15000", "2019-03-31": "3.19000", "2018-12-31": "3.27000", "2018-09-30": "3.22000", "2018-06-30": "3.29000", "2018-03-31": "1.79000", "2017-12-31": "-4.65000", "2017-09-30": "-1.70000", "2017-06-30": "-4.10000", "2017-03-31": "1.38000", "2016-12-31": "-0.86000", "2016-09-30": "0.77000", "2016-06-30": "0.58000", "2016-03-31": "0.44000", "2015-12-31": "0.55000", "2015-09-30": "0.84000", "2015-06-30": "0.78000", "2015-03-31": "0.58000", "2014-12-31": "0.72000", "2014-09-30": "0.34000", "2014-06-30": "0.17000", "2014-03-31": "0.10000", "2013-12-31": "-0.20000", "2013-09-30": "0.17000", "2013-06-30": "0.54000", "2013-03-31": "0.65000", "2012-12-31": "0.55000", "2012-09-30": "0.07000", "2012-06-30": "-0.80000", "2012-03-31": "0.39000", "2011-12-31": "-0.72000", "2011-09-30": "0.41000", "2011-06-30": "0.38000", "2011-03-31": "0.38000", "2010-12-31": "0.41670", "2010-09-30": "0.38000", "2010-06-30": "0.27000", "2010-03-31": "0.27330", "2009-12-31": "-0.10670", "2009-09-30": "0.22670", "2009-06-30": "0.37330", "2009-03-31": "0.30670", "2008-12-31": "0.36000", "2008-09-30": "0.40000", "2008-06-30": "0.38000", "2008-03-31": "0.29330", "2007-12-31": "0.40670", "2007-09-30": "0.41330", "2007-06-30": "0.31330", "2007-03-31": "0.22670", "2006-12-31": "0.28000", "2006-09-30": "0.29330", "2006-06-30": "0.31330", "2006-03-31": "0.20670", "2005-12-31": "0.26000", "2005-09-30": "0.16670", "2005-06-30": "-0.11330", "2005-03-31": "0.35330"}, "EPS - Earnings Per Share": {"2020-09-30": "3.10000", "2020-06-30": "4.65000", "2020-03-31": "2.92000", "2019-12-31": "2.67000", "2019-09-30": "2.75000", "2019-06-30": "3.06000", "2019-03-31": "2.99000", "2018-12-31": "3.05000", "2018-09-30": "2.90000", "2018-06-30": "3.02000", "2018-03-31": "1.64000", "2017-12-31": "-4.64000", "2017-09-30": "-1.70000", "2017-06-30": "-4.10000", "2017-03-31": "1.37000", "2016-12-31": "-0.85000", "2016-09-30": "0.76000", "2016-06-30": "0.58000", "2016-03-31": "0.43000", "2015-12-31": "0.53000", "2015-09-30": "0.77000", "2015-06-30": "0.72000", "2015-03-31": "0.56000", "2014-12-31": "0.71000", "2014-09-30": "0.33000", "2014-06-30": "0.16000", "2014-03-31": "0.09000", "2013-12-31": "-0.20000", "2013-09-30": "0.16000", "2013-06-30": "0.53000", "2013-03-31": "0.64000", "2012-12-31": "0.55000", "2012-09-30": "0.07000", "2012-06-30": "-0.80000", "2012-03-31": "0.39000", "2011-12-31": "-0.72000", "2011-09-30": "0.41000", "2011-06-30": "0.38000", "2011-03-31": "0.38000", "2010-12-31": "0.39670", "2010-09-30": "0.38000", "2010-06-30": "0.27000", "2010-03-31": "0.27330", "2009-12-31": "-0.11000", "2009-09-30": "0.22000", "2009-06-30": "0.37330", "2009-03-31": "0.30670", "2008-12-31": "0.36670", "2008-09-30": "0.40000", "2008-06-30": "0.37330", "2008-03-31": "0.29330", "2007-12-31": "0.40000", "2007-09-30": "0.41330", "2007-06-30": "0.31330", "2007-03-31": "0.22670", "2006-12-31": "0.26670", "2006-09-30": "0.29330", "2006-06-30": "0.31330", "2006-03-31": "0.20670", "2005-12-31": "0.25330", "2005-09-30": "0.16000", "2005-06-30": "-0.11330", "2005-03-31": "0.35330"}}, "balance sheet": {"Cash On Hand": {"2019-12-31": "4398.00000", "2018-12-31": "4507.00000", "2017-12-31": "5879.00000", "2016-12-31": "4577.00000", "2015-12-31": "4130.00000", "2014-12-31": "2558.00000", "2013-12-31": "1638.94700", "2012-12-31": "1138.61500", "2011-12-31": "830.74300", "2010-12-31": "751.26100", "2009-12-31": "644.34500", "2008-12-31": "577.03200", "2007-12-31": "701.91900", "2006-12-31": "485.13100", "2005-12-31": "352.64000"}, "Receivables": {"2019-12-31": "1406.00000", "2018-12-31": "1330.00000", "2017-12-31": "871.00000", "2016-12-31": "1013.00000", "2015-12-31": "610.00000", "2014-12-31": "596.00000", "2013-12-31": "331.67700", "2012-12-31": "149.68200", "2011-12-31": "179.57700", "2010-12-31": "168.19000", "2009-12-31": "142.72100", "2008-12-31": "132.58100", "2007-12-31": "111.53700", "2006-12-31": "118.79500", "2005-12-31": "73.54600"}, "Inventory": {"2019-12-31": "", "2018-12-31": "", "2017-12-31": "", "2016-12-31": "", "2015-12-31": "", "2014-12-31": "", "2013-12-31": "", "2012-12-31": "", "2011-12-31": "", "2010-12-31": "", "2009-12-31": "", "2008-12-31": "", "2007-12-31": "", "2006-12-31": "", "2005-12-31": ""}, "Pre-Paid Expenses": {"2019-12-31": "134.00000", "2018-12-31": "149.00000", "2017-12-31": "239.00000", "2016-12-31": "131.00000", "2015-12-31": "192.00000", "2014-12-31": "49.00000", "2013-12-31": "42.48400", "2012-12-31": "28.38600", "2011-12-31": "19.43500", "2010-12-31": "25.05000", "2009-12-31": "14.38300", "2008-12-31": "14.76600", "2007-12-31": "12.52100", "2006-12-31": "9.26300", "2005-12-31": "10.32100"}, "Other Current Assets": {"2019-12-31": "29.00000", "2018-12-31": "476.00000", "2017-12-31": "522.00000", "2016-12-31": "267.00000", "2015-12-31": "374.00000", "2014-12-31": "", "2013-12-31": "", "2012-12-31": "", "2011-12-31": "", "2010-12-31": "", "2009-12-31": "", "2008-12-31": "", "2007-12-31": "", "2006-12-31": "", "2005-12-31": ""}, "Total Current Assets": {"2019-12-31": "5967.00000", "2018-12-31": "6462.00000", "2017-12-31": "7511.00000", "2016-12-31": "5988.00000", "2015-12-31": "5306.00000", "2014-12-31": "3203.00000", "2013-12-31": "2039.66400", "2012-12-31": "1349.12600", "2011-12-31": "1048.08200", "2010-12-31": "960.21700", "2009-12-31": "810.20600", "2008-12-31": "733.45000", "2007-12-31": "834.59300", "2006-12-31": "613.50200", "2005-12-31": "438.84600"}, "Property, Plant, And Equipment": {"2019-12-31": "385.00000", "2018-12-31": "241.00000", "2017-12-31": "342.00000", "2016-12-31": "454.00000", "2015-12-31": "393.00000", "2014-12-31": "341.00000", "2013-12-31": "292.08300", "2012-12-31": "221.44300", "2011-12-31": "190.93400", "2010-12-31": "100.53700", "2009-12-31": "78.17100", "2008-12-31": "65.05800", "2007-12-31": "49.55500", "2006-12-31": "41.90300", "2005-12-31": "31.79400"}, "Long-Term Investments": {"2019-12-31": "79.00000", "2018-12-31": "120.00000", "2017-12-31": "119.00000", "2016-12-31": "110.00000", "2015-12-31": "109.00000", "2014-12-31": "102.00000", "2013-12-31": "63.09300", "2012-12-31": "57.52000", "2011-12-31": "62.29800", "2010-12-31": "62.54900", "2009-12-31": "95.96100", "2008-12-31": "96.37100", "2007-12-31": "29.01900", "2006-12-31": "20.15400", "2005-12-31": "18.24200"}, "Goodwill And Intangible Assets": {"2019-12-31": "172.00000", "2018-12-31": "190.00000", "2017-12-31": "255.00000", "2016-12-31": "760.00000", "2015-12-31": "641.00000", "2014-12-31": "361.00000", "2013-12-31": "329.60900", "2012-12-31": "228.79900", "2011-12-31": "255.75000", "2010-12-31": "317.72800", "2009-12-31": "214.25400", "2008-12-31": "192.59900", "2007-12-31": "207.22300", "2006-12-31": "143.13900", "2005-12-31": "124.91400"}, "Other Long-Term Assets": {"2019-12-31": "105.00000", "2018-12-31": "24.00000", "2017-12-31": "141.00000", "2016-12-31": "41.00000", "2015-12-31": "28.00000", "2014-12-31": "359.00000", "2013-12-31": "232.81300", "2012-12-31": "19.62100", "2011-12-31": "17.09900", "2010-12-31": "15.09000", "2009-12-31": "19.98800", "2008-12-31": "33.22300", "2007-12-31": "21.67500", "2006-12-31": "12.85400", "2005-12-31": "8.01800"}, "Total Long-Term Assets": {"2019-12-31": "820.00000", "2018-12-31": "692.00000", "2017-12-31": "960.00000", "2016-12-31": "1461.00000", "2015-12-31": "1270.00000", "2014-12-31": "1232.00000", "2013-12-31": "963.27300", "2012-12-31": "585.69590", "2011-12-31": "604.06400", "2010-12-31": "548.99700", "2009-12-31": "433.82900", "2008-12-31": "414.61800", "2007-12-31": "336.71200", "2006-12-31": "250.97300", "2005-12-31": "221.08100"}, "Total Assets": {"2019-12-31": "6787.00000", "2018-12-31": "7154.00000", "2017-12-31": "8471.00000", "2016-12-31": "7449.00000", "2015-12-31": "6576.00000", "2014-12-31": "4435.00000", "2013-12-31": "3002.93700", "2012-12-31": "1934.82200", "2011-12-31": "1652.14600", "2010-12-31": "1509.21400", "2009-12-31": "1244.03500", "2008-12-31": "1148.06800", "2007-12-31": "1171.30500", "2006-12-31": "864.47500", "2005-12-31": "659.92700"}, "Total Current Liabilities": {"2019-12-31": "3269.00000", "2018-12-31": "4246.00000", "2017-12-31": "5557.00000", "2016-12-31": "4570.00000", "2015-12-31": "3822.00000", "2014-12-31": "2175.00000", "2013-12-31": "1293.97600", "2012-12-31": "828.03700", "2011-12-31": "601.83400", "2010-12-31": "565.54800", "2009-12-31": "489.03300", "2008-12-31": "388.22700", "2007-12-31": "426.92200", "2006-12-31": "354.89300", "2005-12-31": "249.61400"}, "Long Term Debt": {"2019-12-31": "1468.00000", "2018-12-31": "1217.00000", "2017-12-31": "1516.00000", "2016-12-31": "1173.00000", "2015-12-31": "1160.00000", "2014-12-31": "887.00000", "2013-12-31": "602.85400", "2012-12-31": "261.78400", "2011-12-31": "216.92900", "2010-12-31": "164.01400", "2009-12-31": "158.90000", "2008-12-31": "164.87300", "2007-12-31": "200.00000", "2006-12-31": "45.00000", "2005-12-31": ""}, "Other Non-Current Liabilities": {"2019-12-31": "90.00000", "2018-12-31": "44.00000", "2017-12-31": "61.00000", "2016-12-31": "42.00000", "2015-12-31": "37.00000", "2014-12-31": "363.00000", "2013-12-31": "212.59000", "2012-12-31": "24.78700", "2011-12-31": "45.18300", "2010-12-31": "44.36000", "2009-12-31": "40.85800", "2008-12-31": "50.29500", "2007-12-31": "43.76900", "2006-12-31": "37.71600", "2005-12-31": "42.66700"}, "Total Long Term Liabilities": {"2019-12-31": "1558.00000", "2018-12-31": "1261.00000", "2017-12-31": "1577.00000", "2016-12-31": "1230.00000", "2015-12-31": "1197.00000", "2014-12-31": "1250.00000", "2013-12-31": "816.02400", "2012-12-31": "324.47100", "2011-12-31": "295.23900", "2010-12-31": "224.60900", "2009-12-31": "212.26400", "2008-12-31": "228.07900", "2007-12-31": "253.90500", "2006-12-31": "89.41600", "2005-12-31": "47.46300"}, "Total Liabilities": {"2019-12-31": "4827.00000", "2018-12-31": "5507.00000", "2017-12-31": "7134.00000", "2016-12-31": "5800.00000", "2015-12-31": "5019.00000", "2014-12-31": "3425.00000", "2013-12-31": "2110.00000", "2012-12-31": "1152.50800", "2011-12-31": "897.07300", "2010-12-31": "790.15700", "2009-12-31": "701.29700", "2008-12-31": "616.30600", "2007-12-31": "680.82700", "2006-12-31": "444.30900", "2005-12-31": "297.07700"}, "Common Stock Net": {"2019-12-31": "", "2018-12-31": "", "2017-12-31": "", "2016-12-31": "", "2015-12-31": "", "2014-12-31": "", "2013-12-31": "0.04600", "2012-12-31": "0.04700", "2011-12-31": "0.04600", "2010-12-31": "0.04500", "2009-12-31": "0.02600", "2008-12-31": "0.02700", "2007-12-31": "0.02800", "2006-12-31": "0.02800", "2005-12-31": "0.02800"}, "Retained Earnings (Accumulated Deficit)": {"2019-12-31": "1781.00000", "2018-12-31": "1012.00000", "2017-12-31": "298.00000", "2016-12-31": "810.00000", "2015-12-31": "758.00000", "2014-12-31": "615.00000", "2013-12-31": "553.12900", "2012-12-31": "500.20000", "2011-12-31": "490.41000", "2010-12-31": "469.59200", "2009-12-31": "414.62200", "2008-12-31": "383.75400", "2007-12-31": "324.76000", "2006-12-31": "266.87500", "2005-12-31": "221.14800"}, "Comprehensive Income": {"2019-12-31": "4.00000", "2018-12-31": "-8.00000", "2017-12-31": "-5.00000", "2016-12-31": "-2.00000", "2015-12-31": "-4.00000", "2014-12-31": "-1.00000", "2013-12-31": "-1.08600", "2012-12-31": "-0.45700", "2011-12-31": "-1.40500", "2010-12-31": "-2.19200", "2009-12-31": "-1.81200", "2008-12-31": "-2.31000", "2007-12-31": "0.27200", "2006-12-31": "-0.33700", "2005-12-31": "-0.62900"}, "Other Share Holders Equity": {"2019-12-31": "", "2018-12-31": "", "2017-12-31": "", "2016-12-31": "", "2015-12-31": "", "2014-12-31": "", "2013-12-31": "", "2012-12-31": "", "2011-12-31": "", "2010-12-31": "", "2009-12-31": "", "2008-12-31": "", "2007-12-31": "", "2006-12-31": "", "2005-12-31": ""}, "Share Holder Equity": {"2019-12-31": "1960.00000", "2018-12-31": "1647.00000", "2017-12-31": "1337.00000", "2016-12-31": "1649.00000", "2015-12-31": "1557.00000", "2014-12-31": "1010.00000", "2013-12-31": "892.93700", "2012-12-31": "782.31400", "2011-12-31": "755.07300", "2010-12-31": "719.05700", "2009-12-31": "542.73800", "2008-12-31": "531.76200", "2007-12-31": "490.47800", "2006-12-31": "420.16600", "2005-12-31": "362.85000"}, "Total Liabilities And Share Holders Equity": {"2019-12-31": "6787.00000", "2018-12-31": "7154.00000", "2017-12-31": "8471.00000", "2016-12-31": "7449.00000", "2015-12-31": "6576.00000", "2014-12-31": "4435.00000", "2013-12-31": "3002.93700", "2012-12-31": "1934.82200", "2011-12-31": "1652.14600", "2010-12-31": "1509.21400", "2009-12-31": "1244.03500", "2008-12-31": "1148.06800", "2007-12-31": "1171.30500", "2006-12-31": "864.47500", "2005-12-31": "659.92700"}}, "balance sheet, quarterly": {"Cash On Hand": {"2020-09-30": "4965.00000", "2020-06-30": "5209.00000", "2020-03-31": "4375.00000", "2019-12-31": "4398.00000", "2019-09-30": "4436.00000", "2019-06-30": "4323.00000", "2019-03-31": "4732.00000", "2018-12-31": "4507.00000", "2018-09-30": "4626.00000", "2018-06-30": "5648.00000", "2018-03-31": "6250.00000", "2017-12-31": "5879.00000", "2017-09-30": "6047.00000", "2017-06-30": "5496.00000", "2017-03-31": "5254.00000", "2016-12-31": "4577.00000", "2016-09-30": "4577.00000", "2016-06-30": "4313.00000", "2016-03-31": "4226.00000", "2015-12-31": "4130.00000", "2015-09-30": "3625.67700", "2015-06-30": "3480.50400", "2015-03-31": "3073.89000", "2014-12-31": "2558.00000", "2014-09-30": "2441.27900", "2014-06-30": "1768.22500", "2014-03-31": "1779.56900", "2013-12-31": "1638.94700", "2013-09-30": "1591.70700", "2013-06-30": "1461.21400", "2013-03-31": "1511.45700", "2012-12-31": "1138.61500", "2012-09-30": "1072.37500", "2012-06-30": "1072.00200", "2012-03-31": "875.70400", "2011-12-31": "830.74300", "2011-09-30": "812.39400", "2011-06-30": "815.81300", "2011-03-31": "801.30600", "2010-12-31": "751.26100", "2010-09-30": "621.81300", "2010-06-30": "636.19700", "2010-03-31": "614.19200", "2009-12-31": "644.34500", "2009-09-30": "619.66300", "2009-06-30": "598.23500", "2009-03-31": "607.38100", "2008-12-31": "577.03200", "2008-09-30": "546.11200", "2008-06-30": "621.69200", "2008-03-31": "596.28200", "2007-12-31": "701.91900", "2007-09-30": "555.75500", "2007-06-30": "549.99400", "2007-03-31": "503.05700", "2006-12-31": "485.13100", "2006-09-30": "428.74300", "2006-06-30": "406.68800", "2006-03-31": "390.03700", "2005-12-31": "352.64000", "2005-09-30": "332.98800", "2005-06-30": "288.07800", "2005-03-31": "315.60700"}, "Receivables": {"2020-09-30": "1775.00000", "2020-06-30": "1580.00000", "2020-03-31": "1603.00000", "2019-12-31": "1406.00000", "2019-09-30": "1280.00000", "2019-06-30": "1239.00000", "2019-03-31": "1359.00000", "2018-12-31": "1330.00000", "2018-09-30": "1346.00000", "2018-06-30": "1148.00000", "2018-03-31": "950.00000", "2017-12-31": "871.00000", "2017-09-30": "1062.00000", "2017-06-30": "1074.00000", "2017-03-31": "1006.00000", "2016-12-31": "1013.00000", "2016-09-30": "1053.00000", "2016-06-30": "1035.00000", "2016-03-31": "901.00000", "2015-12-31": "610.00000", "2015-09-30": "619.89100", "2015-06-30": "631.12400", "2015-03-31": "491.43000", "2014-12-31": "596.00000", "2014-09-30": "433.36200", "2014-06-30": "490.24000", "2014-03-31": "366.33200", "2013-12-31": "331.67700", "2013-09-30": "293.96700", "2013-06-30": "213.77600", "2013-03-31": "150.25100", "2012-12-31": "149.68200", "2012-09-30": "190.43900", "2012-06-30": "192.39600", "2012-03-31": "237.56900", "2011-12-31": "179.57700", "2011-09-30": "185.82000", "2011-06-30": "172.67400", "2011-03-31": "170.41800", "2010-12-31": "168.19000", "2010-09-30": "228.30200", "2010-06-30": "156.53700", "2010-03-31": "131.73200", "2009-12-31": "142.72100", "2009-09-30": "144.12900", "2009-06-30": "151.44000", "2009-03-31": "158.44000", "2008-12-31": "132.58100", "2008-09-30": "169.76000", "2008-06-30": "113.59700", "2008-03-31": "117.55300", "2007-12-31": "111.53700", "2007-09-30": "124.14500", "2007-06-30": "108.82400", "2007-03-31": "111.39300", "2006-12-31": "118.79500", "2006-09-30": "90.57700", "2006-06-30": "81.98600", "2006-03-31": "73.88400", "2005-12-31": "73.54600", "2005-09-30": "71.19100", "2005-06-30": "80.90500", "2005-03-31": "74.11500"}, "Inventory": {"2020-09-30": "", "2020-06-30": "", "2020-03-31": "", "2019-12-31": "", "2019-09-30": "", "2019-06-30": "", "2019-03-31": "", "2018-12-31": "", "2018-09-30": "", "2018-06-30": "", "2018-03-31": "", "2017-12-31": "", "2017-09-30": "", "2017-06-30": "", "2017-03-31": "", "2016-12-31": "", "2016-09-30": "", "2016-06-30": "", "2016-03-31": "", "2015-12-31": "", "2015-09-30": "", "2015-06-30": "", "2015-03-31": "", "2014-12-31": "", "2014-09-30": "", "2014-06-30": "", "2014-03-31": "", "2013-12-31": "", "2013-09-30": "", "2013-06-30": "", "2013-03-31": "", "2012-12-31": "", "2012-09-30": "", "2012-06-30": "", "2012-03-31": "", "2011-12-31": "", "2011-09-30": "", "2011-06-30": "", "2011-03-31": "", "2010-12-31": "", "2010-09-30": "", "2010-06-30": "", "2010-03-31": "", "2009-12-31": "", "2009-09-30": "", "2009-06-30": "", "2009-03-31": "", "2008-12-31": "", "2008-09-30": "", "2008-06-30": "", "2008-03-31": "", "2007-12-31": "", "2007-09-30": "", "2007-06-30": "", "2007-03-31": "", "2006-12-31": "", "2006-09-30": "", "2006-06-30": "", "2006-03-31": "", "2005-12-31": "", "2005-09-30": "", "2005-06-30": "", "2005-03-31": ""}, "Pre-Paid Expenses": {"2020-09-30": "213.00000", "2020-06-30": "273.00000", "2020-03-31": "346.00000", "2019-12-31": "163.00000", "2019-09-30": "140.00000", "2019-06-30": "132.00000", "2019-03-31": "124.00000", "2018-12-31": "149.00000", "2018-09-30": "486.00000", "2018-06-30": "344.00000", "2018-03-31": "411.00000", "2017-12-31": "239.00000", "2017-09-30": "174.00000", "2017-06-30": "159.00000", "2017-03-31": "142.00000", "2016-12-31": "131.00000", "2016-09-30": "169.00000", "2016-06-30": "197.00000", "2016-03-31": "260.00000", "2015-12-31": "192.00000", "2015-09-30": "120.43800", "2015-06-30": "148.61500", "2015-03-31": "193.49800", "2014-12-31": "49.00000", "2014-09-30": "82.06200", "2014-06-30": "93.86200", "2014-03-31": "112.91600", "2013-12-31": "42.48400", "2013-09-30": "50.06100", "2013-06-30": "47.81700", "2013-03-31": "39.57700", "2012-12-31": "28.38600", "2012-09-30": "30.00200", "2012-06-30": "29.78000", "2012-03-31": "24.71500", "2011-12-31": "19.43500", "2011-09-30": "22.28500", "2011-06-30": "23.24600", "2011-03-31": "28.60800", "2010-12-31": "25.05000", "2010-09-30": "25.18500", "2010-06-30": "23.84300", "2010-03-31": "15.05100", "2009-12-31": "14.38300", "2009-09-30": "14.31200", "2009-06-30": "14.03400", "2009-03-31": "17.67800", "2008-12-31": "14.76600", "2008-09-30": "14.40200", "2008-06-30": "14.48400", "2008-03-31": "13.77800", "2007-12-31": "12.52100", "2007-09-30": "11.42400", "2007-06-30": "10.61600", "2007-03-31": "11.51200", "2006-12-31": "9.26300", "2006-09-30": "8.56400", "2006-06-30": "7.53400", "2006-03-31": "9.61500", "2005-12-31": "10.32100", "2005-09-30": "9.66700", "2005-06-30": "8.59300", "2005-03-31": "7.82800"}, "Other Current Assets": {"2020-09-30": "", "2020-06-30": "", "2020-03-31": "", "2019-12-31": "", "2019-09-30": "21.00000", "2019-06-30": "169.00000", "2019-03-31": "516.00000", "2018-12-31": "476.00000", "2018-09-30": "843.00000", "2018-06-30": "887.00000", "2018-03-31": "585.00000", "2017-12-31": "522.00000", "2017-09-30": "425.00000", "2017-06-30": "440.00000", "2017-03-31": "", "2016-12-31": "267.00000", "2016-09-30": "314.00000", "2016-06-30": "", "2016-03-31": "377.00000", "2015-12-31": "374.00000", "2015-09-30": "490.08700", "2015-06-30": "508.50400", "2015-03-31": "474.12100", "2014-12-31": "", "2014-09-30": "", "2014-06-30": "", "2014-03-31": "", "2013-12-31": "", "2013-09-30": "", "2013-06-30": "", "2013-03-31": "", "2012-12-31": "", "2012-09-30": "", "2012-06-30": "", "2012-03-31": "", "2011-12-31": "", "2011-09-30": "", "2011-06-30": "", "2011-03-31": "", "2010-12-31": "", "2010-09-30": "", "2010-06-30": "", "2010-03-31": "", "2009-12-31": "", "2009-09-30": "", "2009-06-30": "", "2009-03-31": "", "2008-12-31": "", "2008-09-30": "", "2008-06-30": "", "2008-03-31": "", "2007-12-31": "", "2007-09-30": "", "2007-06-30": "", "2007-03-31": "", "2006-12-31": "", "2006-09-30": "", "2006-06-30": "", "2006-03-31": "", "2005-12-31": "", "2005-09-30": "", "2005-06-30": "", "2005-03-31": ""}, "Total Current Assets": {"2020-09-30": "6953.00000", "2020-06-30": "7062.00000", "2020-03-31": "6324.00000", "2019-12-31": "5967.00000", "2019-09-30": "5877.00000", "2019-06-30": "5863.00000", "2019-03-31": "6731.00000", "2018-12-31": "6462.00000", "2018-09-30": "7301.00000", "2018-06-30": "8027.00000", "2018-03-31": "8196.00000", "2017-12-31": "7511.00000", "2017-09-30": "7708.00000", "2017-06-30": "7169.00000", "2017-03-31": "6402.00000", "2016-12-31": "5988.00000", "2016-09-30": "6113.00000", "2016-06-30": "5545.00000", "2016-03-31": "5764.00000", "2015-12-31": "5306.00000", "2015-09-30": "4910.32400", "2015-06-30": "4806.22700", "2015-03-31": "4275.57000", "2014-12-31": "3203.00000", "2014-09-30": "2987.52000", "2014-06-30": "2371.84500", "2014-03-31": "2281.23100", "2013-12-31": "2039.66400", "2013-09-30": "1966.21500", "2013-06-30": "1744.80200", "2013-03-31": "1727.03800", "2012-12-31": "1349.12600", "2012-09-30": "1314.34900", "2012-06-30": "1321.03600", "2012-03-31": "1152.01300", "2011-12-31": "1048.08200", "2011-09-30": "1034.59500", "2011-06-30": "1028.15600", "2011-03-31": "1015.72700", "2010-12-31": "960.21700", "2010-09-30": "882.88000", "2010-06-30": "821.30300", "2010-03-31": "765.25400", "2009-12-31": "810.20600", "2009-09-30": "785.36500", "2009-06-30": "770.53800", "2009-03-31": "787.38300", "2008-12-31": "733.45000", "2008-09-30": "744.44600", "2008-06-30": "761.33000", "2008-03-31": "736.32200", "2007-12-31": "834.59300", "2007-09-30": "691.90100", "2007-06-30": "672.14200", "2007-03-31": "626.68200", "2006-12-31": "613.50200", "2006-09-30": "529.95700", "2006-06-30": "499.08600", "2006-03-31": "476.57500", "2005-12-31": "438.84600", "2005-09-30": "417.55500", "2005-06-30": "381.15200", "2005-03-31": "400.63600"}, "Property, Plant, And Equipment": {"2020-09-30": "395.00000", "2020-06-30": "399.00000", "2020-03-31": "385.00000", "2019-12-31": "385.00000", "2019-09-30": "379.00000", "2019-06-30": "373.00000", "2019-03-31": "376.00000", "2018-12-31": "241.00000", "2018-09-30": "264.00000", "2018-06-30": "276.00000", "2018-03-31": "318.00000", "2017-12-31": "342.00000", "2017-09-30": "397.00000", "2017-06-30": "449.00000", "2017-03-31": "447.00000", "2016-12-31": "454.00000", "2016-09-30": "450.00000", "2016-06-30": "448.00000", "2016-03-31": "419.00000", "2015-12-31": "393.00000", "2015-09-30": "374.86200", "2015-06-30": "363.24400", "2015-03-31": "344.72700", "2014-12-31": "341.00000", "2014-09-30": "328.54700", "2014-06-30": "317.63000", "2014-03-31": "310.36400", "2013-12-31": "292.08300", "2013-09-30": "267.27700", "2013-06-30": "249.29800", "2013-03-31": "237.73500", "2012-12-31": "221.44300", "2012-09-30": "210.97200", "2012-06-30": "206.48900", "2012-03-31": "198.56400", "2011-12-31": "190.93400", "2011-09-30": "127.65700", "2011-06-30": "117.83600", "2011-03-31": "107.75700", "2010-12-31": "100.53700", "2010-09-30": "91.82600", "2010-06-30": "83.56200", "2010-03-31": "77.87900", "2009-12-31": "78.17100", "2009-09-30": "76.24400", "2009-06-30": "73.95700", "2009-03-31": "70.11600", "2008-12-31": "65.05800", "2008-09-30": "64.63300", "2008-06-30": "59.19100", "2008-03-31": "53.96200", "2007-12-31": "49.55500", "2007-09-30": "47.43100", "2007-06-30": "45.50300", "2007-03-31": "42.46500", "2006-12-31": "41.90300", "2006-09-30": "37.15800", "2006-06-30": "34.09300", "2006-03-31": "32.71600", "2005-12-31": "31.79400", "2005-09-30": "30.17300", "2005-06-30": "29.24800", "2005-03-31": "26.41600"}, "Long-Term Investments": {"2020-09-30": "93.00000", "2020-06-30": "87.00000", "2020-03-31": "82.00000", "2019-12-31": "79.00000", "2019-09-30": "79.00000", "2019-06-30": "98.00000", "2019-03-31": "100.00000", "2018-12-31": "120.00000", "2018-09-30": "118.00000", "2018-06-30": "117.00000", "2018-03-31": "120.00000", "2017-12-31": "119.00000", "2017-09-30": "117.00000", "2017-06-30": "118.00000", "2017-03-31": "115.00000", "2016-12-31": "110.00000", "2016-09-30": "116.00000", "2016-06-30": "107.00000", "2016-03-31": "116.00000", "2015-12-31": "109.00000", "2015-09-30": "101.97000", "2015-06-30": "110.95600", "2015-03-31": "101.36600", "2014-12-31": "102.00000", "2014-09-30": "93.11900", "2014-06-30": "95.46500", "2014-03-31": "92.96400", "2013-12-31": "63.09300", "2013-09-30": "76.89900", "2013-06-30": "69.46200", "2013-03-31": "68.71700", "2012-12-31": "57.52000", "2012-09-30": "58.01100", "2012-06-30": "56.70900", "2012-03-31": "58.07600", "2011-12-31": "62.29800", "2011-09-30": "68.60600", "2011-06-30": "69.28800", "2011-03-31": "69.49400", "2010-12-31": "62.54900", "2010-09-30": "65.34100", "2010-06-30": "77.77300", "2010-03-31": "92.51000", "2009-12-31": "95.96100", "2009-09-30": "102.25500", "2009-06-30": "106.75300", "2009-03-31": "99.58500", "2008-12-31": "96.37100", "2008-09-30": "100.33700", "2008-06-30": "96.66100", "2008-03-31": "99.29100", "2007-12-31": "29.01900", "2007-09-30": "27.76200", "2007-06-30": "23.48000", "2007-03-31": "23.35400", "2006-12-31": "20.15400", "2006-09-30": "19.98000", "2006-06-30": "18.30200", "2006-03-31": "18.20500", "2005-12-31": "18.24200", "2005-09-30": "11.38600", "2005-06-30": "10.93600", "2005-03-31": "10.88800"}, "Goodwill And Intangible Assets": {"2020-09-30": "265.00000", "2020-06-30": "164.00000", "2020-03-31": "168.00000", "2019-12-31": "172.00000", "2019-09-30": "176.00000", "2019-06-30": "180.00000", "2019-03-31": "185.00000", "2018-12-31": "190.00000", "2018-09-30": "195.00000", "2018-06-30": "201.00000", "2018-03-31": "250.00000", "2017-12-31": "255.00000", "2017-09-30": "531.00000", "2017-06-30": "671.00000", "2017-03-31": "751.00000", "2016-12-31": "760.00000", "2016-09-30": "768.00000", "2016-06-30": "757.00000", "2016-03-31": "768.00000", "2015-12-31": "641.00000", "2015-09-30": "417.64400", "2015-06-30": "352.50800", "2015-03-31": "356.74800", "2014-12-31": "361.00000", "2014-09-30": "321.67000", "2014-06-30": "319.23100", "2014-03-31": "324.32500", "2013-12-31": "329.60900", "2013-09-30": "335.41800", "2013-06-30": "222.13900", "2013-03-31": "223.95200", "2012-12-31": "228.79900", "2012-09-30": "236.12100", "2012-06-30": "241.49000", "2012-03-31": "247.17800", "2011-12-31": "255.75000", "2011-09-30": "296.97900", "2011-06-30": "303.72100", "2011-03-31": "310.53200", "2010-12-31": "317.72800", "2010-09-30": "328.53100", "2010-06-30": "326.22900", "2010-03-31": "210.60500", "2009-12-31": "214.25400", "2009-09-30": "214.10200", "2009-06-30": "204.04000", "2009-03-31": "201.70600", "2008-12-31": "192.59900", "2008-09-30": "200.78300", "2008-06-30": "204.18200", "2008-03-31": "204.96200", "2007-12-31": "207.22300", "2007-09-30": "133.50200", "2007-06-30": "137.27400", "2007-03-31": "139.87700", "2006-12-31": "143.13900", "2006-09-30": "146.95300", "2006-06-30": "150.69900", "2006-03-31": "122.89300", "2005-12-31": "124.91400", "2005-09-30": "124.35000", "2005-06-30": "125.29000", "2005-03-31": "97.12700"}, "Other Long-Term Assets": {"2020-09-30": "101.00000", "2020-06-30": "99.00000", "2020-03-31": "99.00000", "2019-12-31": "105.00000", "2019-09-30": "108.00000", "2019-06-30": "106.00000", "2019-03-31": "111.00000", "2018-12-31": "24.00000", "2018-09-30": "30.00000", "2018-06-30": "28.00000", "2018-03-31": "135.00000", "2017-12-31": "141.00000", "2017-09-30": "42.00000", "2017-06-30": "47.00000", "2017-03-31": "224.00000", "2016-12-31": "41.00000", "2016-09-30": "40.00000", "2016-06-30": "265.00000", "2016-03-31": "37.00000", "2015-12-31": "28.00000", "2015-09-30": "36.61200", "2015-06-30": "37.81400", "2015-03-31": "34.06400", "2014-12-31": "359.00000", "2014-09-30": "274.10500", "2014-06-30": "295.81400", "2014-03-31": "236.34700", "2013-12-31": "232.81300", "2013-09-30": "227.39900", "2013-06-30": "242.89600", "2013-03-31": "176.83400", "2012-12-31": "19.62100", "2012-09-30": "20.09800", "2012-06-30": "20.40000", "2012-03-31": "19.75900", "2011-12-31": "17.09900", "2011-09-30": "13.93200", "2011-06-30": "14.78800", "2011-03-31": "17.59800", "2010-12-31": "15.09000", "2010-09-30": "17.46300", "2010-06-30": "19.24200", "2010-03-31": "19.32200", "2009-12-31": "19.98800", "2009-09-30": "20.11300", "2009-06-30": "21.71800", "2009-03-31": "21.45000", "2008-12-31": "33.22300", "2008-09-30": "19.84600", "2008-06-30": "22.24700", "2008-03-31": "22.43500", "2007-12-31": "21.67500", "2007-09-30": "45.42100", "2007-06-30": "12.92600", "2007-03-31": "12.52100", "2006-12-31": "12.85400", "2006-09-30": "8.53900", "2006-06-30": "8.60800", "2006-03-31": "8.80400", "2005-12-31": "8.01800", "2005-09-30": "8.46500", "2005-06-30": "9.01300", "2005-03-31": "8.04000"}, "Total Long-Term Assets": {"2020-09-30": "928.00000", "2020-06-30": "814.00000", "2020-03-31": "805.00000", "2019-12-31": "820.00000", "2019-09-30": "824.00000", "2019-06-30": "827.00000", "2019-03-31": "848.00000", "2018-12-31": "692.00000", "2018-09-30": "750.00000", "2018-06-30": "736.00000", "2018-03-31": "937.00000", "2017-12-31": "960.00000", "2017-09-30": "1246.00000", "2017-06-30": "1414.00000", "2017-03-31": "1636.00000", "2016-12-31": "1461.00000", "2016-09-30": "1457.00000", "2016-06-30": "1657.00000", "2016-03-31": "1419.00000", "2015-12-31": "1270.00000", "2015-09-30": "1004.70700", "2015-06-30": "929.93210", "2015-03-31": "894.21900", "2014-12-31": "1232.00000", "2014-09-30": "1068.62000", "2014-06-30": "1080.18400", "2014-03-31": "1012.25000", "2013-12-31": "963.27300", "2013-09-30": "958.85100", "2013-06-30": "835.11400", "2013-03-31": "761.05100", "2012-12-31": "585.69590", "2012-09-30": "592.71800", "2012-06-30": "596.43200", "2012-03-31": "587.99100", "2011-12-31": "604.06400", "2011-09-30": "583.70900", "2011-06-30": "572.26500", "2011-03-31": "567.42700", "2010-12-31": "548.99700", "2010-09-30": "548.55000", "2010-06-30": "540.10100", "2010-03-31": "425.69400", "2009-12-31": "433.82900", "2009-09-30": "438.64000", "2009-06-30": "432.62100", "2009-03-31": "419.57100", "2008-12-31": "414.61800", "2008-09-30": "413.42700", "2008-06-30": "410.42400", "2008-03-31": "409.09600", "2007-12-31": "336.71200", "2007-09-30": "254.11600", "2007-06-30": "250.58300", "2007-03-31": "250.35500", "2006-12-31": "250.97300", "2006-09-30": "247.61700", "2006-06-30": "247.53600", "2006-03-31": "182.61800", "2005-12-31": "221.08100", "2005-09-30": "174.37400", "2005-06-30": "174.48700", "2005-03-31": "142.47100"}, "Total Assets": {"2020-09-30": "7881.00000", "2020-06-30": "7876.00000", "2020-03-31": "7129.00000", "2019-12-31": "6787.00000", "2019-09-30": "6701.00000", "2019-06-30": "6690.00000", "2019-03-31": "7579.00000", "2018-12-31": "7154.00000", "2018-09-30": "8051.00000", "2018-06-30": "8763.00000", "2018-03-31": "9133.00000", "2017-12-31": "8471.00000", "2017-09-30": "8954.00000", "2017-06-30": "8583.00000", "2017-03-31": "8038.00000", "2016-12-31": "7449.00000", "2016-09-30": "7570.00000", "2016-06-30": "7202.00000", "2016-03-31": "7183.00000", "2015-12-31": "6576.00000", "2015-09-30": "5915.03100", "2015-06-30": "5736.15900", "2015-03-31": "5169.78900", "2014-12-31": "4435.00000", "2014-09-30": "4056.14000", "2014-06-30": "3452.02900", "2014-03-31": "3293.48100", "2013-12-31": "3002.93700", "2013-09-30": "2925.06600", "2013-06-30": "2579.91600", "2013-03-31": "2488.08900", "2012-12-31": "1934.82200", "2012-09-30": "1907.06700", "2012-06-30": "1917.46800", "2012-03-31": "1740.00400", "2011-12-31": "1652.14600", "2011-09-30": "1618.30400", "2011-06-30": "1600.42100", "2011-03-31": "1583.15400", "2010-12-31": "1509.21400", "2010-09-30": "1431.43000", "2010-06-30": "1361.40400", "2010-03-31": "1190.94800", "2009-12-31": "1244.03500", "2009-09-30": "1224.00500", "2009-06-30": "1203.15900", "2009-03-31": "1206.95400", "2008-12-31": "1148.06800", "2008-09-30": "1157.87300", "2008-06-30": "1171.75400", "2008-03-31": "1145.41800", "2007-12-31": "1171.30500", "2007-09-30": "946.01700", "2007-06-30": "922.72500", "2007-03-31": "877.03700", "2006-12-31": "864.47500", "2006-09-30": "777.57400", "2006-06-30": "746.62200", "2006-03-31": "659.19300", "2005-12-31": "659.92700", "2005-09-30": "591.92900", "2005-06-30": "555.63900", "2005-03-31": "543.10700"}, "Total Current Liabilities": {"2020-09-30": "3556.00000", "2020-06-30": "3755.00000", "2020-03-31": "3570.00000", "2019-12-31": "3269.00000", "2019-09-30": "3308.00000", "2019-06-30": "3388.00000", "2019-03-31": "4292.00000", "2018-12-31": "4246.00000", "2018-09-30": "5213.00000", "2018-06-30": "5820.00000", "2018-03-31": "6005.00000", "2017-12-31": "5557.00000", "2017-09-30": "5962.00000", "2017-06-30": "5793.00000", "2017-03-31": "4422.00000", "2016-12-31": "4570.00000", "2016-09-30": "4665.00000", "2016-06-30": "3646.00000", "2016-03-31": "4377.00000", "2015-12-31": "3822.00000", "2015-09-30": "3861.17000", "2015-06-30": "3738.51400", "2015-03-31": "3593.19600", "2014-12-31": "2175.00000", "2014-09-30": "1936.07300", "2014-06-30": "1630.93600", "2014-03-31": "1555.94400", "2013-12-31": "1293.97600", "2013-09-30": "1045.43800", "2013-06-30": "707.15900", "2013-03-31": "803.04600", "2012-12-31": "828.03700", "2012-09-30": "831.93600", "2012-06-30": "839.10600", "2012-03-31": "677.09000", "2011-12-31": "601.83400", "2011-09-30": "604.44400", "2011-06-30": "608.82200", "2011-03-31": "616.09800", "2010-12-31": "565.54800", "2010-09-30": "510.08700", "2010-06-30": "475.92700", "2010-03-31": "424.32700", "2009-12-31": "489.03300", "2009-09-30": "468.06300", "2009-06-30": "458.30000", "2009-03-31": "461.13900", "2008-12-31": "388.22700", "2008-09-30": "396.61300", "2008-06-30": "428.72000", "2008-03-31": "393.84700", "2007-12-31": "426.92200", "2007-09-30": "413.78500", "2007-06-30": "399.37900", "2007-03-31": "371.06500", "2006-12-31": "354.89300", "2006-09-30": "309.69600", "2006-06-30": "292.22500", "2006-03-31": "275.08500", "2005-12-31": "249.61400", "2005-09-30": "230.52000", "2005-06-30": "197.51900", "2005-03-31": "181.42300"}, "Long Term Debt": {"2020-09-30": "2039.00000", "2020-06-30": "2041.00000", "2020-03-31": "1825.00000", "2019-12-31": "1468.00000", "2019-09-30": "1472.00000", "2019-06-30": "1473.00000", "2019-03-31": "1355.00000", "2018-12-31": "1217.00000", "2018-09-30": "1217.00000", "2018-06-30": "1217.00000", "2018-03-31": "1516.00000", "2017-12-31": "1516.00000", "2017-09-30": "1515.00000", "2017-06-30": "1215.00000", "2017-03-31": "1653.00000", "2016-12-31": "1173.00000", "2016-09-30": "1169.00000", "2016-06-30": "1626.00000", "2016-03-31": "1163.00000", "2015-12-31": "1160.00000", "2015-09-30": "476.47100", "2015-06-30": "474.26900", "2015-03-31": "471.98400", "2014-12-31": "887.00000", "2014-09-30": "896.88000", "2014-06-30": "625.26600", "2014-03-31": "615.57800", "2013-12-31": "602.85400", "2013-09-30": "770.07200", "2013-06-30": "761.49100", "2013-03-31": "642.00500", "2012-12-31": "261.78400", "2012-09-30": "260.55100", "2012-06-30": "269.33800", "2012-03-31": "228.15000", "2011-12-31": "216.92900", "2011-09-30": "168.10900", "2011-06-30": "166.72500", "2011-03-31": "165.35400", "2010-12-31": "164.01400", "2010-09-30": "162.70000", "2010-06-30": "266.40900", "2010-03-31": "160.14300", "2009-12-31": "158.90000", "2009-09-30": "157.68100", "2009-06-30": "156.48400", "2009-03-31": "155.31200", "2008-12-31": "164.87300", "2008-09-30": "200.00000", "2008-06-30": "200.00000", "2008-03-31": "200.00000", "2007-12-31": "200.00000", "2007-09-30": "20.00000", "2007-06-30": "30.00000", "2007-03-31": "30.00000", "2006-12-31": "45.00000", "2006-09-30": "15.00000", "2006-06-30": "15.00000", "2006-03-31": "", "2005-12-31": "", "2005-09-30": "1.58800", "2005-06-30": "4.73500", "2005-03-31": "4.78000"}, "Other Non-Current Liabilities": {"2020-09-30": "85.00000", "2020-06-30": "84.00000", "2020-03-31": "87.00000", "2019-12-31": "90.00000", "2019-09-30": "90.00000", "2019-06-30": "93.00000", "2019-03-31": "97.00000", "2018-12-31": "44.00000", "2018-09-30": "60.00000", "2018-06-30": "68.00000", "2018-03-31": "59.00000", "2017-12-31": "61.00000", "2017-09-30": "48.00000", "2017-06-30": "54.00000", "2017-03-31": "225.00000", "2016-12-31": "42.00000", "2016-09-30": "39.00000", "2016-06-30": "264.00000", "2016-03-31": "38.00000", "2015-12-31": "37.00000", "2015-09-30": "32.27000", "2015-06-30": "31.09500", "2015-03-31": "33.34900", "2014-12-31": "363.00000", "2014-09-30": "251.17700", "2014-06-30": "278.75700", "2014-03-31": "224.23900", "2013-12-31": "212.59000", "2013-09-30": "216.70800", "2013-06-30": "230.96000", "2013-03-31": "247.48600", "2012-12-31": "24.78700", "2012-09-30": "22.10100", "2012-06-30": "22.30100", "2012-03-31": "22.24300", "2011-12-31": "45.18300", "2011-09-30": "40.98300", "2011-06-30": "44.54900", "2011-03-31": "43.73500", "2010-12-31": "44.36000", "2010-09-30": "44.13800", "2010-06-30": "42.13900", "2010-03-31": "41.45100", "2009-12-31": "40.85800", "2009-09-30": "40.06600", "2009-06-30": "40.30900", "2009-03-31": "49.51100", "2008-12-31": "50.29500", "2008-09-30": "46.56800", "2008-06-30": "45.28200", "2008-03-31": "43.33800", "2007-12-31": "43.76900", "2007-09-30": "42.73700", "2007-06-30": "41.12300", "2007-03-31": "40.55400", "2006-12-31": "37.71600", "2006-09-30": "39.58300", "2006-06-30": "40.49400", "2006-03-31": "4.48800", "2005-12-31": "42.66700", "2005-09-30": "4.56200", "2005-06-30": "4.36100", "2005-03-31": "4.43200"}, "Total Long Term Liabilities": {"2020-09-30": "2124.00000", "2020-06-30": "2125.00000", "2020-03-31": "1912.00000", "2019-12-31": "1558.00000", "2019-09-30": "1562.00000", "2019-06-30": "1566.00000", "2019-03-31": "1452.00000", "2018-12-31": "1261.00000", "2018-09-30": "1277.00000", "2018-06-30": "1285.00000", "2018-03-31": "1575.00000", "2017-12-31": "1577.00000", "2017-09-30": "1563.00000", "2017-06-30": "1269.00000", "2017-03-31": "1889.00000", "2016-12-31": "1230.00000", "2016-09-30": "1214.00000", "2016-06-30": "1915.00000", "2016-03-31": "1216.00000", "2015-12-31": "1197.00000", "2015-09-30": "535.85200", "2015-06-30": "534.53800", "2015-03-31": "534.60000", "2014-12-31": "1250.00000", "2014-09-30": "1155.77600", "2014-06-30": "904.02290", "2014-03-31": "839.81700", "2013-12-31": "816.02400", "2013-09-30": "986.78000", "2013-06-30": "996.37010", "2013-03-31": "920.84410", "2012-12-31": "324.47100", "2012-09-30": "320.13000", "2012-06-30": "332.35200", "2012-03-31": "287.60200", "2011-12-31": "295.23900", "2011-09-30": "232.04000", "2011-06-30": "225.74200", "2011-03-31": "226.55100", "2010-12-31": "224.60900", "2010-09-30": "223.61100", "2010-06-30": "317.62300", "2010-03-31": "212.79500", "2009-12-31": "212.26400", "2009-09-30": "211.17000", "2009-06-30": "210.68400", "2009-03-31": "217.12000", "2008-12-31": "228.07900", "2008-09-30": "253.16600", "2008-06-30": "250.57900", "2008-03-31": "248.75700", "2007-12-31": "253.90500", "2007-09-30": "63.79300", "2007-06-30": "74.69900", "2007-03-31": "73.85700", "2006-12-31": "89.41600", "2006-09-30": "61.28800", "2006-06-30": "62.84000", "2006-03-31": "8.14500", "2005-12-31": "47.46300", "2005-09-30": "10.32200", "2005-06-30": "13.99500", "2005-03-31": "14.95700"}, "Total Liabilities": {"2020-09-30": "5680.00000", "2020-06-30": "5880.00000", "2020-03-31": "5482.00000", "2019-12-31": "4827.00000", "2019-09-30": "4870.00000", "2019-06-30": "4954.00000", "2019-03-31": "5744.00000", "2018-12-31": "5507.00000", "2018-09-30": "6490.00000", "2018-06-30": "7105.00000", "2018-03-31": "7580.00000", "2017-12-31": "7134.00000", "2017-09-30": "7525.00000", "2017-06-30": "7062.00000", "2017-03-31": "6311.00000", "2016-12-31": "5800.00000", "2016-09-30": "5879.00000", "2016-06-30": "5561.00000", "2016-03-31": "5593.00000", "2015-12-31": "5019.00000", "2015-09-30": "4397.02200", "2015-06-30": "4273.05200", "2015-03-31": "4127.79600", "2014-12-31": "3425.00000", "2014-09-30": "3091.84900", "2014-06-30": "2534.95900", "2014-03-31": "2395.76100", "2013-12-31": "2110.00000", "2013-09-30": "2032.21800", "2013-06-30": "1703.52900", "2013-03-31": "1723.89000", "2012-12-31": "1152.50800", "2012-09-30": "1152.06600", "2012-06-30": "1171.45800", "2012-03-31": "964.69200", "2011-12-31": "897.07300", "2011-09-30": "836.48400", "2011-06-30": "834.56400", "2011-03-31": "842.64900", "2010-12-31": "790.15700", "2010-09-30": "733.69800", "2010-06-30": "793.55000", "2010-03-31": "637.12200", "2009-12-31": "701.29700", "2009-09-30": "679.23300", "2009-06-30": "668.98400", "2009-03-31": "678.25900", "2008-12-31": "616.30600", "2008-09-30": "649.77900", "2008-06-30": "679.29900", "2008-03-31": "642.60400", "2007-12-31": "680.82700", "2007-09-30": "477.57800", "2007-06-30": "474.07800", "2007-03-31": "444.92200", "2006-12-31": "444.30900", "2006-09-30": "370.98400", "2006-06-30": "355.06500", "2006-03-31": "283.23000", "2005-12-31": "297.07700", "2005-09-30": "240.84200", "2005-06-30": "211.51400", "2005-03-31": "196.38000"}, "Common Stock Net": {"2020-09-30": "", "2020-06-30": "", "2020-03-31": "", "2019-12-31": "", "2019-09-30": "", "2019-06-30": "", "2019-03-31": "", "2018-12-31": "", "2018-09-30": "", "2018-06-30": "", "2018-03-31": "", "2017-12-31": "", "2017-09-30": "", "2017-06-30": "", "2017-03-31": "0.00000", "2016-12-31": "", "2016-09-30": "", "2016-06-30": "", "2016-03-31": "0.00000", "2015-12-31": "", "2015-09-30": "0.05600", "2015-06-30": "0.05600", "2015-03-31": "0.05000", "2014-12-31": "", "2014-09-30": "0.04800", "2014-06-30": "0.04600", "2014-03-31": "0.04600", "2013-12-31": "0.04600", "2013-09-30": "0.04600", "2013-06-30": "0.04600", "2013-03-31": "0.04500", "2012-12-31": "0.04700", "2012-09-30": "0.04600", "2012-06-30": "0.04600", "2012-03-31": "0.04600", "2011-12-31": "0.04600", "2011-09-30": "0.04600", "2011-06-30": "0.04600", "2011-03-31": "0.03100", "2010-12-31": "0.04500", "2010-09-30": "0.03000", "2010-06-30": "0.02600", "2010-03-31": "0.02600", "2009-12-31": "0.02600", "2009-09-30": "0.02600", "2009-06-30": "0.02600", "2009-03-31": "0.02700", "2008-12-31": "0.02700", "2008-09-30": "0.02700", "2008-06-30": "0.02900", "2008-03-31": "0.02800", "2007-12-31": "0.02800", "2007-09-30": "0.02800", "2007-06-30": "0.02800", "2007-03-31": "0.02800", "2006-12-31": "0.02800", "2006-09-30": "0.02800", "2006-06-30": "0.02800", "2006-03-31": "0.02800", "2005-12-31": "0.02800", "2005-09-30": "0.02800", "2005-06-30": "0.02800", "2005-03-31": "0.02800"}, "Retained Earnings (Accumulated Deficit)": {"2020-09-30": "1983.00000", "2020-06-30": "1798.00000", "2020-03-31": "1522.00000", "2019-12-31": "1781.00000", "2019-09-30": "1666.00000", "2019-06-30": "1491.00000", "2019-03-31": "1295.00000", "2018-12-31": "1012.00000", "2018-09-30": "811.00000", "2018-06-30": "614.00000", "2018-03-31": "412.00000", "2017-12-31": "298.00000", "2017-09-30": "560.00000", "2017-06-30": "657.00000", "2017-03-31": "887.00000", "2016-12-31": "810.00000", "2016-09-30": "857.00000", "2016-06-30": "815.00000", "2016-03-31": "782.00000", "2015-12-31": "758.00000", "2015-09-30": "728.74700", "2015-06-30": "682.44800", "2015-03-31": "643.50500", "2014-12-31": "615.00000", "2014-09-30": "581.56000", "2014-06-30": "565.43800", "2014-03-31": "557.62700", "2013-12-31": "553.12900", "2013-09-30": "562.25500", "2013-06-30": "554.68600", "2013-03-31": "530.11500", "2012-12-31": "500.20000", "2012-09-30": "474.55700", "2012-06-30": "471.19300", "2012-03-31": "508.49900", "2011-12-31": "490.41000", "2011-09-30": "523.37000", "2011-06-30": "504.42000", "2011-03-31": "486.98000", "2010-12-31": "469.59200", "2010-09-30": "451.96400", "2010-06-30": "435.79100", "2010-03-31": "425.21200", "2009-12-31": "414.62200", "2009-09-30": "419.09400", "2009-06-30": "410.53000", "2009-03-31": "395.96500", "2008-12-31": "383.75400", "2008-09-30": "371.61700", "2008-06-30": "354.43100", "2008-03-31": "337.91500", "2007-12-31": "324.76000", "2007-09-30": "306.84900", "2007-06-30": "289.33500", "2007-03-31": "276.02100", "2006-12-31": "266.87500", "2006-09-30": "255.23100", "2006-06-30": "242.89000", "2006-03-31": "229.73800", "2005-12-31": "221.14800", "2005-09-30": "210.41600", "2005-06-30": "203.60500", "2005-03-31": "208.31100"}, "Comprehensive Income": {"2020-09-30": "37.00000", "2020-06-30": "32.00000", "2020-03-31": "-15.00000", "2019-12-31": "4.00000", "2019-09-30": "5.00000", "2019-06-30": "5.00000", "2019-03-31": "-3.00000", "2018-12-31": "-8.00000", "2018-09-30": "-10.00000", "2018-06-30": "-11.00000", "2018-03-31": "-12.00000", "2017-12-31": "-5.00000", "2017-09-30": "-1.00000", "2017-06-30": "-1.00000", "2017-03-31": "-1.00000", "2016-12-31": "-2.00000", "2016-09-30": "3.00000", "2016-06-30": "4.00000", "2016-03-31": "2.00000", "2015-12-31": "-4.00000", "2015-09-30": "-0.70100", "2015-06-30": "-1.83000", "2015-03-31": "0.29700", "2014-12-31": "-1.00000", "2014-09-30": "-0.61700", "2014-06-30": "0.04000", "2014-03-31": "-0.38200", "2013-12-31": "-1.08600", "2013-09-30": "-1.41100", "2013-06-30": "-2.70500", "2013-03-31": "-0.19700", "2012-12-31": "-0.45700", "2012-09-30": "-0.33000", "2012-06-30": "-0.78500", "2012-03-31": "-1.10900", "2011-12-31": "-1.40500", "2011-09-30": "-1.76200", "2011-06-30": "-1.59700", "2011-03-31": "-2.30900", "2010-12-31": "-2.19200", "2010-09-30": "-2.10700", "2010-06-30": "-2.03900", "2010-03-31": "-1.68400", "2009-12-31": "-1.81200", "2009-09-30": "-1.66500", "2009-06-30": "-1.70200", "2009-03-31": "-2.34200", "2008-12-31": "-2.31000", "2008-09-30": "-4.53700", "2008-06-30": "-2.97500", "2008-03-31": "-1.88300", "2007-12-31": "0.27200", "2007-09-30": "0.11100", "2007-06-30": "-0.14100", "2007-03-31": "-0.21900", "2006-12-31": "-0.33700", "2006-09-30": "-0.39100", "2006-06-30": "-0.71400", "2006-03-31": "-0.64800", "2005-12-31": "-0.62900", "2005-09-30": "-0.59600", "2005-06-30": "-0.35700", "2005-03-31": "-0.46900"}, "Other Share Holders Equity": {"2020-09-30": "", "2020-06-30": "", "2020-03-31": "", "2019-12-31": "", "2019-09-30": "", "2019-06-30": "", "2019-03-31": "", "2018-12-31": "", "2018-09-30": "", "2018-06-30": "", "2018-03-31": "", "2017-12-31": "", "2017-09-30": "", "2017-06-30": "", "2017-03-31": "", "2016-12-31": "", "2016-09-30": "", "2016-06-30": "", "2016-03-31": "", "2015-12-31": "", "2015-09-30": "", "2015-06-30": "", "2015-03-31": "", "2014-12-31": "", "2014-09-30": "", "2014-06-30": "", "2014-03-31": "", "2013-12-31": "", "2013-09-30": "", "2013-06-30": "", "2013-03-31": "", "2012-12-31": "", "2012-09-30": "", "2012-06-30": "", "2012-03-31": "", "2011-12-31": "", "2011-09-30": "", "2011-06-30": "", "2011-03-31": "", "2010-12-31": "", "2010-09-30": "", "2010-06-30": "", "2010-03-31": "", "2009-12-31": "", "2009-09-30": "", "2009-06-30": "", "2009-03-31": "", "2008-12-31": "", "2008-09-30": "", "2008-06-30": "", "2008-03-31": "", "2007-12-31": "", "2007-09-30": "", "2007-06-30": "", "2007-03-31": "", "2006-12-31": "", "2006-09-30": "", "2006-06-30": "", "2006-03-31": "", "2005-12-31": "", "2005-09-30": "", "2005-06-30": "", "2005-03-31": ""}, "Share Holder Equity": {"2020-09-30": "2201.00000", "2020-06-30": "1996.00000", "2020-03-31": "1647.00000", "2019-12-31": "1960.00000", "2019-09-30": "1831.00000", "2019-06-30": "1736.00000", "2019-03-31": "1835.00000", "2018-12-31": "1647.00000", "2018-09-30": "1561.00000", "2018-06-30": "1658.00000", "2018-03-31": "1553.00000", "2017-12-31": "1337.00000", "2017-09-30": "1429.00000", "2017-06-30": "1521.00000", "2017-03-31": "1727.00000", "2016-12-31": "1649.00000", "2016-09-30": "1691.00000", "2016-06-30": "1641.00000", "2016-03-31": "1590.00000", "2015-12-31": "1557.00000", "2015-09-30": "1518.00900", "2015-06-30": "1463.10700", "2015-03-31": "1041.99300", "2014-12-31": "1010.00000", "2014-09-30": "964.29100", "2014-06-30": "917.07000", "2014-03-31": "897.72000", "2013-12-31": "892.93700", "2013-09-30": "892.84800", "2013-06-30": "876.38700", "2013-03-31": "764.19900", "2012-12-31": "782.31400", "2012-09-30": "755.00100", "2012-06-30": "746.01000", "2012-03-31": "775.31200", "2011-12-31": "755.07300", "2011-09-30": "781.82000", "2011-06-30": "765.85700", "2011-03-31": "740.50500", "2010-12-31": "719.05700", "2010-09-30": "697.73200", "2010-06-30": "567.85400", "2010-03-31": "553.82600", "2009-12-31": "542.73800", "2009-09-30": "544.77200", "2009-06-30": "534.17500", "2009-03-31": "528.69500", "2008-12-31": "531.76200", "2008-09-30": "508.09400", "2008-06-30": "492.45500", "2008-03-31": "502.81400", "2007-12-31": "490.47800", "2007-09-30": "468.43900", "2007-06-30": "448.64700", "2007-03-31": "432.11500", "2006-12-31": "420.16600", "2006-09-30": "406.59000", "2006-06-30": "391.55700", "2006-03-31": "375.96300", "2005-12-31": "362.85000", "2005-09-30": "351.08700", "2005-06-30": "344.12500", "2005-03-31": "346.72700"}, "Total Liabilities And Share Holders Equity": {"2020-09-30": "7881.00000", "2020-06-30": "7876.00000", "2020-03-31": "7129.00000", "2019-12-31": "6787.00000", "2019-09-30": "6701.00000", "2019-06-30": "6690.00000", "2019-03-31": "7579.00000", "2018-12-31": "7154.00000", "2018-09-30": "8051.00000", "2018-06-30": "8763.00000", "2018-03-31": "9133.00000", "2017-12-31": "8471.00000", "2017-09-30": "8954.00000", "2017-06-30": "8583.00000", "2017-03-31": "8038.00000", "2016-12-31": "7449.00000", "2016-09-30": "7570.00000", "2016-06-30": "7202.00000", "2016-03-31": "7183.00000", "2015-12-31": "6576.00000", "2015-09-30": "5915.03100", "2015-06-30": "5736.15900", "2015-03-31": "5169.78900", "2014-12-31": "4435.00000", "2014-09-30": "4056.14000", "2014-06-30": "3452.02900", "2014-03-31": "3293.48100", "2013-12-31": "3002.93700", "2013-09-30": "2925.06600", "2013-06-30": "2579.91600", "2013-03-31": "2488.08900", "2012-12-31": "1934.82200", "2012-09-30": "1907.06700", "2012-06-30": "1917.46800", "2012-03-31": "1740.00400", "2011-12-31": "1652.14600", "2011-09-30": "1618.30400", "2011-06-30": "1600.42100", "2011-03-31": "1583.15400", "2010-12-31": "1509.21400", "2010-09-30": "1431.43000", "2010-06-30": "1361.40400", "2010-03-31": "1190.94800", "2009-12-31": "1244.03500", "2009-09-30": "1224.00500", "2009-06-30": "1203.15900", "2009-03-31": "1206.95400", "2008-12-31": "1148.06800", "2008-09-30": "1157.87300", "2008-06-30": "1171.75400", "2008-03-31": "1145.41800", "2007-12-31": "1171.30500", "2007-09-30": "946.01700", "2007-06-30": "922.72500", "2007-03-31": "877.03700", "2006-12-31": "864.47500", "2006-09-30": "777.57400", "2006-06-30": "746.62200", "2006-03-31": "659.19300", "2005-12-31": "659.92700", "2005-09-30": "591.92900", "2005-06-30": "555.63900", "2005-03-31": "543.10700"}}, "cash flow statement": {"Net Income/Loss": {"2019-12-31": "737.00000", "2018-12-31": "707.00000", "2017-12-31": "-512.00000", "2016-12-31": "52.00000", "2015-12-31": "143.00000", "2014-12-31": "62.00000", "2013-12-31": "53.00000", "2012-12-31": "9.79000", "2011-12-31": "20.81800", "2010-12-31": "54.97000", "2009-12-31": "30.86800", "2008-12-31": "59.59800", "2007-12-31": "57.72600", "2006-12-31": "45.72700", "2005-12-31": "27.59600"}, "Total Depreciation And Amortization - Cash Flow": {"2019-12-31": "94.00000", "2018-12-31": "149.00000", "2017-12-31": "210.00000", "2016-12-31": "182.00000", "2015-12-31": "156.00000", "2014-12-31": "161.00000", "2013-12-31": "94.00000", "2012-12-31": "84.70600", "2011-12-31": "149.01800", "2010-12-31": "64.57400", "2009-12-31": "39.98200", "2008-12-31": "35.12300", "2007-12-31": "28.97100", "2006-12-31": "22.36000", "2005-12-31": "15.84300"}, "Other Non-Cash Items": {"2019-12-31": "29.00000", "2018-12-31": "79.00000", "2017-12-31": "517.00000", "2016-12-31": "95.00000", "2015-12-31": "35.00000", "2014-12-31": "27.00000", "2013-12-31": "38.00000", "2012-12-31": "19.60800", "2011-12-31": "34.01000", "2010-12-31": "9.22200", "2009-12-31": "9.69100", "2008-12-31": "9.57900", "2007-12-31": "-1.22700", "2006-12-31": "5.10600", "2005-12-31": "5.15700"}, "Total Non-Cash Items": {"2019-12-31": "123.00000", "2018-12-31": "228.00000", "2017-12-31": "727.00000", "2016-12-31": "277.00000", "2015-12-31": "191.00000", "2014-12-31": "188.00000", "2013-12-31": "132.00000", "2012-12-31": "104.31400", "2011-12-31": "183.02800", "2010-12-31": "73.79600", "2009-12-31": "49.67300", "2008-12-31": "44.70200", "2007-12-31": "27.74400", "2006-12-31": "27.46600", "2005-12-31": "21.00000"}, "Change In Accounts Receivable": {"2019-12-31": "-76.00000", "2018-12-31": "-530.00000", "2017-12-31": "103.00000", "2016-12-31": "-348.00000", "2015-12-31": "56.00000", "2014-12-31": "-298.00000", "2013-12-31": "-149.00000", "2012-12-31": "18.21600", "2011-12-31": "0.35200", "2010-12-31": "-7.53900", "2009-12-31": "-8.09200", "2008-12-31": "-17.02500", "2007-12-31": "15.00700", "2006-12-31": "-38.84700", "2005-12-31": "-5.10200"}, "Change In Inventories": {"2019-12-31": "", "2018-12-31": "", "2017-12-31": "", "2016-12-31": "", "2015-12-31": "", "2014-12-31": "", "2013-12-31": "", "2012-12-31": "", "2011-12-31": "", "2010-12-31": "", "2009-12-31": "", "2008-12-31": "", "2007-12-31": "", "2006-12-31": "", "2005-12-31": ""}, "Change In Accounts Payable": {"2019-12-31": "-107.00000", "2018-12-31": "-226.00000", "2017-12-31": "263.00000", "2016-12-31": "226.00000", "2015-12-31": "482.00000", "2014-12-31": "531.00000", "2013-12-31": "175.00000", "2012-12-31": "92.05400", "2011-12-31": "48.12000", "2010-12-31": "34.36300", "2009-12-31": "22.87400", "2008-12-31": "-19.16400", "2007-12-31": "6.68300", "2006-12-31": "51.55000", "2005-12-31": "57.14400"}, "Change In Assets/Liabilities": {"2019-12-31": "-237.00000", "2018-12-31": "-589.00000", "2017-12-31": "251.00000", "2016-12-31": "496.00000", "2015-12-31": "191.00000", "2014-12-31": "524.00000", "2013-12-31": "-15.00000", "2012-12-31": "97.16000", "2011-12-31": "-4.84600", "2010-12-31": "-53.93300", "2009-12-31": "88.56400", "2008-12-31": "-28.54500", "2007-12-31": "19.07300", "2006-12-31": "11.81200", "2005-12-31": "-1.06300"}, "Total Change In Assets/Liabilities": {"2019-12-31": "-433.00000", "2018-12-31": "-1249.00000", "2017-12-31": "589.00000", "2016-12-31": "344.00000", "2015-12-31": "791.00000", "2014-12-31": "810.00000", "2013-12-31": "5.00000", "2012-12-31": "233.68000", "2011-12-31": "21.54900", "2010-12-31": "32.63100", "2009-12-31": "74.83000", "2008-12-31": "-63.86900", "2007-12-31": "73.15600", "2006-12-31": "29.12400", "2005-12-31": "48.66200"}, "Cash Flow From Operating Activities": {"2019-12-31": "427.00000", "2018-12-31": "-314.00000", "2017-12-31": "804.00000", "2016-12-31": "673.00000", "2015-12-31": "1125.00000", "2014-12-31": "1060.00000", "2013-12-31": "190.00000", "2012-12-31": "347.78400", "2011-12-31": "225.39500", "2010-12-31": "161.39700", "2009-12-31": "155.37100", "2008-12-31": "40.43100", "2007-12-31": "158.62600", "2006-12-31": "102.31700", "2005-12-31": "97.25800"}, "Net Change In Property, Plant, And Equipment": {"2019-12-31": "-57.00000", "2018-12-31": "-30.00000", "2017-12-31": "-86.00000", "2016-12-31": "-176.00000", "2015-12-31": "-132.00000", "2014-12-31": "-115.00000", "2013-12-31": "-98.00000", "2012-12-31": "-78.14500", "2011-12-31": "-60.58100", "2010-12-31": "-48.53800", "2009-12-31": "-35.87000", "2008-12-31": "-34.69000", "2007-12-31": "-22.29900", "2006-12-31": "-20.29700", "2005-12-31": "-13.96000"}, "Net Change In Intangible Assets": {"2019-12-31": "", "2018-12-31": "", "2017-12-31": "", "2016-12-31": "", "2015-12-31": "", "2014-12-31": "", "2013-12-31": "", "2012-12-31": "", "2011-12-31": "", "2010-12-31": "", "2009-12-31": "", "2008-12-31": "", "2007-12-31": "", "2006-12-31": "", "2005-12-31": ""}, "Net Acquisitions/Divestitures": {"2019-12-31": "", "2018-12-31": "", "2017-12-31": "", "2016-12-31": "-48.00000", "2015-12-31": "-450.00000", "2014-12-31": "-44.00000", "2013-12-31": "-62.00000", "2012-12-31": "9.16200", "2011-12-31": "-84.25300", "2010-12-31": "-130.74300", "2009-12-31": "-11.29400", "2008-12-31": "-1.00000", "2007-12-31": "-70.17200", "2006-12-31": "5.82000", "2005-12-31": "-40.86600"}, "Net Change In Short-term Investments": {"2019-12-31": "", "2018-12-31": "", "2017-12-31": "", "2016-12-31": "", "2015-12-31": "", "2014-12-31": "", "2013-12-31": "", "2012-12-31": "", "2011-12-31": "", "2010-12-31": "", "2009-12-31": "", "2008-12-31": "", "2007-12-31": "", "2006-12-31": "", "2005-12-31": ""}, "Net Change In Long-Term Investments": {"2019-12-31": "-234.00000", "2018-12-31": "1001.00000", "2017-12-31": "-938.00000", "2016-12-31": "37.00000", "2015-12-31": "-797.00000", "2014-12-31": "-320.00000", "2013-12-31": "-370.00000", "2012-12-31": "-8.43100", "2011-12-31": "-43.30100", "2010-12-31": "-79.76500", "2009-12-31": "17.60100", "2008-12-31": "-16.70500", "2007-12-31": "-160.39700", "2006-12-31": "22.43000", "2005-12-31": "-15.54700"}, "Net Change In Investments - Total": {"2019-12-31": "-234.00000", "2018-12-31": "1001.00000", "2017-12-31": "-938.00000", "2016-12-31": "37.00000", "2015-12-31": "-797.00000", "2014-12-31": "-320.00000", "2013-12-31": "-370.00000", "2012-12-31": "-8.43100", "2011-12-31": "-43.30100", "2010-12-31": "-79.76500", "2009-12-31": "17.60100", "2008-12-31": "-16.70500", "2007-12-31": "-160.39700", "2006-12-31": "22.43000", "2005-12-31": "-15.54700"}, "Investing Activities - Other": {"2019-12-31": "-2.00000", "2018-12-31": "172.00000", "2017-12-31": "-38.00000", "2016-12-31": "-19.00000", "2015-12-31": "-41.00000", "2014-12-31": "-57.00000", "2013-12-31": "-13.00000", "2012-12-31": "-16.17000", "2011-12-31": "-48.79200", "2010-12-31": "-29.77700", "2009-12-31": "-8.15000", "2008-12-31": "-12.12500", "2007-12-31": "-3.40500", "2006-12-31": "-4.00700", "2005-12-31": "-2.20100"}, "Cash Flow From Investing Activities": {"2019-12-31": "-293.00000", "2018-12-31": "1143.00000", "2017-12-31": "-1062.00000", "2016-12-31": "-206.00000", "2015-12-31": "-1420.00000", "2014-12-31": "-536.00000", "2013-12-31": "-543.00000", "2012-12-31": "-93.58400", "2011-12-31": "-236.92700", "2010-12-31": "-288.82300", "2009-12-31": "-37.71300", "2008-12-31": "-64.52000", "2007-12-31": "-256.27300", "2006-12-31": "3.94600", "2005-12-31": "-72.57400"}, "Net Long-Term Debt": {"2019-12-31": "-20.00000", "2018-12-31": "-662.00000", "2017-12-31": "625.00000", "2016-12-31": "", "2015-12-31": "689.00000", "2014-12-31": "123.00000", "2013-12-31": "460.00000", "2012-12-31": "38.87100", "2011-12-31": "48.60000", "2010-12-31": "", "2009-12-31": "-9.65300", "2008-12-31": "", "2007-12-31": "155.00000", "2006-12-31": "45.00000", "2005-12-31": "-1.89400"}, "Net Current Debt": {"2019-12-31": "", "2018-12-31": "", "2017-12-31": "", "2016-12-31": "", "2015-12-31": "", "2014-12-31": "", "2013-12-31": "", "2012-12-31": "", "2011-12-31": "", "2010-12-31": "", "2009-12-31": "", "2008-12-31": "", "2007-12-31": "", "2006-12-31": "", "2005-12-31": ""}, "Debt Issuance/Retirement Net - Total": {"2019-12-31": "-20.00000", "2018-12-31": "-662.00000", "2017-12-31": "625.00000", "2016-12-31": "", "2015-12-31": "689.00000", "2014-12-31": "123.00000", "2013-12-31": "460.00000", "2012-12-31": "38.87100", "2011-12-31": "48.60000", "2010-12-31": "", "2009-12-31": "-9.65300", "2008-12-31": "", "2007-12-31": "155.00000", "2006-12-31": "45.00000", "2005-12-31": "-1.89400"}, "Net Common Equity Issued/Repurchased": {"2019-12-31": "-47.00000", "2018-12-31": "", "2017-12-31": "", "2016-12-31": "", "2015-12-31": "391.00000", "2014-12-31": "14.00000", "2013-12-31": "31.00000", "2012-12-31": "5.20500", "2011-12-31": "0.34700", "2010-12-31": "115.18700", "2009-12-31": "-25.69700", "2008-12-31": "-47.85600", "2007-12-31": "4.25700", "2006-12-31": "2.41600", "2005-12-31": "1.87200"}, "Net Total Equity Issued/Repurchased": {"2019-12-31": "-47.00000", "2018-12-31": "", "2017-12-31": "", "2016-12-31": "", "2015-12-31": "391.00000", "2014-12-31": "14.00000", "2013-12-31": "31.00000", "2012-12-31": "5.20500", "2011-12-31": "0.34700", "2010-12-31": "115.18700", "2009-12-31": "-25.69700", "2008-12-31": "-47.85600", "2007-12-31": "4.25700", "2006-12-31": "2.41600", "2005-12-31": "1.87200"}, "Total Common And Preferred Stock Dividends Paid": {"2019-12-31": "", "2018-12-31": "", "2017-12-31": "", "2016-12-31": "", "2015-12-31": "", "2014-12-31": "", "2013-12-31": "", "2012-12-31": "", "2011-12-31": "", "2010-12-31": "", "2009-12-31": "", "2008-12-31": "", "2007-12-31": "", "2006-12-31": "", "2005-12-31": ""}, "Financial Activities - Other": {"2019-12-31": "-485.00000", "2018-12-31": "-531.00000", "2017-12-31": "11.00000", "2016-12-31": "19.00000", "2015-12-31": "5.00000", "2014-12-31": "-58.00000", "2013-12-31": "2.00000", "2012-12-31": "3.66700", "2011-12-31": "0.52600", "2010-12-31": "-1.37600", "2009-12-31": "0.03100", "2008-12-31": "0.04300", "2007-12-31": "-6.19600", "2006-12-31": "0.76800", "2005-12-31": "-3.53000"}, "Cash Flow From Financial Activities": {"2019-12-31": "-552.00000", "2018-12-31": "-1193.00000", "2017-12-31": "636.00000", "2016-12-31": "19.00000", "2015-12-31": "1085.00000", "2014-12-31": "79.00000", "2013-12-31": "493.00000", "2012-12-31": "47.74300", "2011-12-31": "49.47300", "2010-12-31": "113.81100", "2009-12-31": "-35.31900", "2008-12-31": "-47.81300", "2007-12-31": "153.06100", "2006-12-31": "48.18400", "2005-12-31": "-3.55200"}, "Net Cash Flow": {"2019-12-31": "-418.00000", "2018-12-31": "-364.00000", "2017-12-31": "378.00000", "2016-12-31": "486.00000", "2015-12-31": "790.00000", "2014-12-31": "603.00000", "2013-12-31": "140.00000", "2012-12-31": "301.94300", "2011-12-31": "37.94100", "2010-12-31": "-13.61500", "2009-12-31": "82.33900", "2008-12-31": "-71.90200", "2007-12-31": "55.41400", "2006-12-31": "154.44700", "2005-12-31": "21.13200"}, "Stock-Based Compensation": {"2019-12-31": "39.00000", "2018-12-31": "27.00000", "2017-12-31": "46.00000", "2016-12-31": "26.00000", "2015-12-31": "23.00000", "2014-12-31": "22.00000", "2013-12-31": "29.00000", "2012-12-31": "20.01800", "2011-12-31": "17.05200", "2010-12-31": "9.53100", "2009-12-31": "7.48500", "2008-12-31": "7.81100", "2007-12-31": "7.18800", "2006-12-31": "5.50500", "2005-12-31": "1.28300"}, "Common Stock Dividends Paid": {"2019-12-31": "", "2018-12-31": "", "2017-12-31": "", "2016-12-31": "", "2015-12-31": "", "2014-12-31": "", "2013-12-31": "", "2012-12-31": "", "2011-12-31": "", "2010-12-31": "", "2009-12-31": "", "2008-12-31": "", "2007-12-31": "", "2006-12-31": "", "2005-12-31": ""}}, "cash flow statement, quarterly": {"Net Income/Loss": {"2020-09-30": 185, "2020-06-30": 276, "2020-03-31": "178.00000", "2019-12-31": 168, "2019-09-30": 175, "2019-06-30": 196, "2019-03-31": "198.00000", "2018-12-31": 201, "2018-09-30": 197, "2018-06-30": 202, "2018-03-31": "107.00000", "2017-12-31": -262, "2017-09-30": -97, "2017-06-30": -230, "2017-03-31": "77.00000", "2016-12-31": -47, "2016-09-30": 42, "2016-06-30": 33, "2016-03-31": "24.00000", "2015-12-31": 30, "2015-09-30": 46, "2015-06-30": 39, "2015-03-31": "28.00000", "2014-12-31": 33.569, "2014-09-30": 16.122, "2014-06-30": 7.811, "2014-03-31": "4.49800", "2013-12-31": -9.055, "2013-09-30": 7.569, "2013-06-30": 24.571, "2013-03-31": "29.91500", "2012-12-31": 25.643, "2012-09-30": 3.364, "2012-06-30": -37.306, "2012-03-31": "18.08900", "2011-12-31": -32.96, "2011-09-30": 18.95, "2011-06-30": 17.44, "2011-03-31": "17.38800", "2010-12-31": 17.628, "2010-09-30": 16.173, "2010-06-30": 10.579, "2010-03-31": "10.59000", "2009-12-31": -4.472, "2009-09-30": 8.564, "2009-06-30": 14.565, "2009-03-31": "12.21100", "2008-12-31": 14.82, "2008-09-30": 16.48, "2008-06-30": 15.823, "2008-03-31": "12.47500", "2007-12-31": 17.307, "2007-09-30": 17.513, "2007-06-30": 13.314, "2007-03-31": "9.59200", "2006-12-31": 11.644, "2006-09-30": 12.341, "2006-06-30": 13.152, "2006-03-31": "8.59000", "2005-12-31": 10.732, "2005-09-30": 6.811, "2005-06-30": -4.706, "2005-03-31": "14.75900"}, "Total Depreciation And Amortization - Cash Flow": {"2020-09-30": 23, "2020-06-30": 21, "2020-03-31": "20.00000", "2019-12-31": 26, "2019-09-30": 21, "2019-06-30": 22, "2019-03-31": "25.00000", "2018-12-31": 27, "2018-09-30": 36, "2018-06-30": 42, "2018-03-31": "44.00000", "2017-12-31": 47, "2017-09-30": 51, "2017-06-30": 63, "2017-03-31": "49.00000", "2016-12-31": 24, "2016-09-30": 69, "2016-06-30": 45, "2016-03-31": "44.00000", "2015-12-31": 41, "2015-09-30": 38, "2015-06-30": 37, "2015-03-31": "40.00000", "2014-12-31": 41.341, "2014-09-30": 54.005, "2014-06-30": 25.986, "2014-03-31": "39.66800", "2013-12-31": 9.837, "2013-09-30": 33.592, "2013-06-30": 22.299, "2013-03-31": "28.27200", "2012-12-31": 16.012, "2012-09-30": 23.639, "2012-06-30": 24.608, "2012-03-31": "20.44700", "2011-12-31": 88.853, "2011-09-30": 21.117, "2011-06-30": 18.807, "2011-03-31": "20.24100", "2010-12-31": 21.788, "2010-09-30": 17.627, "2010-06-30": 14.495, "2010-03-31": "10.66400", "2009-12-31": 10.474, "2009-09-30": 10.176, "2009-06-30": 9.928, "2009-03-31": "9.40400", "2008-12-31": 9.05, "2008-09-30": 8.874, "2008-06-30": 8.689, "2008-03-31": "8.51000", "2007-12-31": 8.051, "2007-09-30": 7.253, "2007-06-30": 6.973, "2007-03-31": "6.69400", "2006-12-31": 6.449, "2006-09-30": 5.85, "2006-06-30": 5.088, "2006-03-31": "4.97300", "2005-12-31": 4.455, "2005-09-30": 4.294, "2005-06-30": 3.162, "2005-03-31": "3.93200"}, "Other Non-Cash Items": {"2020-09-30": 9, "2020-06-30": 15, "2020-03-31": "23.00000", "2019-12-31": 8, "2019-09-30": -7, "2019-06-30": 1, "2019-03-31": "27.00000", "2018-12-31": 80, "2018-09-30": -44, "2018-06-30": 14, "2018-03-31": "29.00000", "2017-12-31": 284, "2017-09-30": 160, "2017-06-30": 61, "2017-03-31": "12.00000", "2016-12-31": 37, "2016-09-30": -23, "2016-06-30": 30, "2016-03-31": "51.00000", "2015-12-31": 18, "2015-09-30": -8, "2015-06-30": 15, "2015-03-31": "10.00000", "2014-12-31": 17.715, "2014-09-30": -18.041, "2014-06-30": 23.948, "2014-03-31": "3.37800", "2013-12-31": 41.382, "2013-09-30": -6.411, "2013-06-30": -1.215, "2013-03-31": "4.24400", "2012-12-31": 4.273, "2012-09-30": 7.498, "2012-06-30": -4.757, "2012-03-31": "12.59400", "2011-12-31": 9.77, "2011-09-30": 16.483, "2011-06-30": 0.998, "2011-03-31": "6.75900", "2010-12-31": -5.27, "2010-09-30": 7.483, "2010-06-30": 0.936, "2010-03-31": "6.07300", "2009-12-31": 0.617, "2009-09-30": 2.398, "2009-06-30": 1.441, "2009-03-31": "5.23500", "2008-12-31": 7.97, "2008-09-30": 2.358, "2008-06-30": 1.384, "2008-03-31": "-2.13300", "2007-12-31": -2.326, "2007-09-30": 2.218, "2007-06-30": 0.013, "2007-03-31": "-1.13200", "2006-12-31": 3.285, "2006-09-30": 1.557, "2006-06-30": 0.872, "2006-03-31": "-0.60800", "2005-12-31": 4.927, "2005-09-30": -0.179, "2005-06-30": -2.259, "2005-03-31": "2.66800"}, "Total Non-Cash Items": {"2020-09-30": 32, "2020-06-30": 36, "2020-03-31": "43.00000", "2019-12-31": 34, "2019-09-30": 14, "2019-06-30": 23, "2019-03-31": "52.00000", "2018-12-31": 107, "2018-09-30": -8, "2018-06-30": 56, "2018-03-31": "73.00000", "2017-12-31": 331, "2017-09-30": 211, "2017-06-30": 124, "2017-03-31": "61.00000", "2016-12-31": 61, "2016-09-30": 46, "2016-06-30": 75, "2016-03-31": "95.00000", "2015-12-31": 59, "2015-09-30": 30, "2015-06-30": 52, "2015-03-31": "50.00000", "2014-12-31": 59.056, "2014-09-30": 35.964, "2014-06-30": 49.934, "2014-03-31": "43.04600", "2013-12-31": 51.219, "2013-09-30": 27.181, "2013-06-30": 21.084, "2013-03-31": "32.51600", "2012-12-31": 20.285, "2012-09-30": 31.137, "2012-06-30": 19.851, "2012-03-31": "33.04100", "2011-12-31": 98.623, "2011-09-30": 37.6, "2011-06-30": 19.805, "2011-03-31": "27.00000", "2010-12-31": 16.518, "2010-09-30": 25.11, "2010-06-30": 15.431, "2010-03-31": "16.73700", "2009-12-31": 11.091, "2009-09-30": 12.574, "2009-06-30": 11.369, "2009-03-31": "14.63900", "2008-12-31": 17.02, "2008-09-30": 11.232, "2008-06-30": 10.073, "2008-03-31": "6.37700", "2007-12-31": 5.725, "2007-09-30": 9.471, "2007-06-30": 6.986, "2007-03-31": "5.56200", "2006-12-31": 9.734, "2006-09-30": 7.407, "2006-06-30": 5.96, "2006-03-31": "4.36500", "2005-12-31": 9.382, "2005-09-30": 4.115, "2005-06-30": 0.903, "2005-03-31": "6.60000"}, "Change In Accounts Receivable": {"2020-09-30": -195, "2020-06-30": 23, "2020-03-31": "-197.00000", "2019-12-31": -126, "2019-09-30": -41, "2019-06-30": 120, "2019-03-31": "-29.00000", "2018-12-31": -23, "2018-09-30": -192, "2018-06-30": -232, "2018-03-31": "-83.00000", "2017-12-31": 131, "2017-09-30": 4, "2017-06-30": 0, "2017-03-31": "-32.00000", "2016-12-31": 79, "2016-09-30": -12, "2016-06-30": -149, "2016-03-31": "-266.00000", "2015-12-31": 79, "2015-09-30": 12, "2015-06-30": -140, "2015-03-31": "105.00000", "2014-12-31": -171.252, "2014-09-30": 47.831, "2014-06-30": -135.282, "2014-03-31": "-39.29700", "2013-12-31": -4.715, "2013-09-30": -80.191, "2013-06-30": -63.525, "2013-03-31": "-0.56900", "2012-12-31": 7.227, "2012-09-30": 4.098, "2012-06-30": 61.247, "2012-03-31": "-54.35600", "2011-12-31": -5.059, "2011-09-30": -21.588, "2011-06-30": 7.611, "2011-03-31": "19.38800", "2010-12-31": 57.357, "2010-09-30": -63.298, "2010-06-30": -9.652, "2010-03-31": "8.05400", "2009-12-31": 7.475, "2009-09-30": 7.311, "2009-06-30": 6.735, "2009-03-31": "-29.61300", "2008-12-31": 41.198, "2008-09-30": -56.163, "2008-06-30": 3.956, "2008-03-31": "-6.01600", "2007-12-31": 28.317, "2007-09-30": -17.836, "2007-06-30": 1.684, "2007-03-31": "2.84200", "2006-12-31": -25.748, "2006-09-30": -6.891, "2006-06-30": -2.856, "2006-03-31": "-3.35200", "2005-12-31": -6.987, "2005-09-30": 5.429, "2005-06-30": 5.141, "2005-03-31": "-8.68500"}, "Change In Inventories": {"2020-09-30": 0, "2020-06-30": 0, "2020-03-31": "", "2019-12-31": 0, "2019-09-30": 0, "2019-06-30": 0, "2019-03-31": "", "2018-12-31": 0, "2018-09-30": 0, "2018-06-30": 0, "2018-03-31": "", "2017-12-31": 0, "2017-09-30": 0, "2017-06-30": 0, "2017-03-31": "", "2016-12-31": 0, "2016-09-30": 0, "2016-06-30": 0, "2016-03-31": "", "2015-12-31": 0, "2015-09-30": 0, "2015-06-30": 0, "2015-03-31": "", "2014-12-31": 0, "2014-09-30": 0, "2014-06-30": 0, "2014-03-31": "", "2013-12-31": 0, "2013-09-30": 0, "2013-06-30": 0, "2013-03-31": "", "2012-12-31": 0, "2012-09-30": 0, "2012-06-30": 0, "2012-03-31": "", "2011-12-31": 0, "2011-09-30": 0, "2011-06-30": 0, "2011-03-31": "", "2010-12-31": 0, "2010-09-30": 0, "2010-06-30": 0, "2010-03-31": "", "2009-12-31": 0, "2009-09-30": 0, "2009-06-30": 0, "2009-03-31": "", "2008-12-31": 0, "2008-09-30": 0, "2008-06-30": 0, "2008-03-31": "", "2007-12-31": 0, "2007-09-30": 0, "2007-06-30": 0, "2007-03-31": "", "2006-12-31": 0, "2006-09-30": 0, "2006-06-30": 0, "2006-03-31": "", "2005-12-31": 0, "2005-09-30": 0, "2005-06-30": 0, "2005-03-31": ""}, "Change In Accounts Payable": {"2020-09-30": 325, "2020-06-30": -21, "2020-03-31": "127.00000", "2019-12-31": -121, "2019-09-30": 208, "2019-06-30": -228, "2019-03-31": "34.00000", "2018-12-31": -82, "2018-09-30": 123, "2018-06-30": -104, "2018-03-31": "-163.00000", "2017-12-31": -286, "2017-09-30": 401, "2017-06-30": 151, "2017-03-31": "-3.00000", "2016-12-31": 58, "2016-09-30": 86, "2016-06-30": -173, "2016-03-31": "255.00000", "2015-12-31": 123, "2015-09-30": 67, "2015-06-30": 44, "2015-03-31": "248.00000", "2014-12-31": 76.941, "2014-09-30": 199.664, "2014-06-30": 104.641, "2014-03-31": "149.75400", "2013-12-31": 36.824, "2013-09-30": 167.219, "2013-06-30": -25.658, "2013-03-31": "-3.38500", "2012-12-31": -41.933, "2012-09-30": 10.925, "2012-06-30": 69.705, "2012-03-31": "53.35700", "2011-12-31": 41.421, "2011-09-30": 19.442, "2011-06-30": -9.769, "2011-03-31": "-2.97400", "2010-12-31": 1.016, "2010-09-30": 3.063, "2010-06-30": 18.627, "2010-03-31": "11.65700", "2009-12-31": 12.202, "2009-09-30": -5.593, "2009-06-30": -2.92, "2009-03-31": "19.18500", "2008-12-31": -6.345, "2008-09-30": -6.754, "2008-06-30": -6.235, "2008-03-31": "0.17000", "2007-12-31": -11.991, "2007-09-30": 5.483, "2007-06-30": 23.051, "2007-03-31": "-9.86000", "2006-12-31": 34.514, "2006-09-30": 7.117, "2006-06-30": -8.306, "2006-03-31": "18.22500", "2005-12-31": 18.04, "2005-09-30": 19.977, "2005-06-30": 23.772, "2005-03-31": "-4.64500"}, "Change In Assets/Liabilities": {"2020-09-30": -159, "2020-06-30": 171, "2020-03-31": "-322.00000", "2019-12-31": 128, "2019-09-30": -219, "2019-06-30": -127, "2019-03-31": "-19.00000", "2018-12-31": 94, "2018-09-30": -665, "2018-06-30": -81, "2018-03-31": "63.00000", "2017-12-31": 29, "2017-09-30": -350, "2017-06-30": 65, "2017-03-31": "507.00000", "2016-12-31": -48, "2016-09-30": 297, "2016-06-30": 397, "2016-03-31": "-150.00000", "2015-12-31": -70, "2015-09-30": 198, "2015-06-30": 131, "2015-03-31": "-68.00000", "2014-12-31": 166.167, "2014-09-30": 381.119, "2014-06-30": -12.588, "2014-03-31": "-10.69800", "2013-12-31": 29.962, "2013-09-30": 73.743, "2013-06-30": -103.755, "2013-03-31": "-14.95000", "2012-12-31": 15.38, "2012-09-30": -33.294, "2012-06-30": 76.171, "2012-03-31": "38.90300", "2011-12-31": -28.427, "2011-09-30": -11.714, "2011-06-30": -19.252, "2011-03-31": "54.54700", "2010-12-31": 18.111, "2010-09-30": 16.984, "2010-06-30": 2.304, "2010-03-31": "-91.33200", "2009-12-31": 26.729, "2009-09-30": 6.465, "2009-06-30": 5.314, "2009-03-31": "50.05600", "2008-12-31": -5.713, "2008-09-30": -30.935, "2008-06-30": 47.422, "2008-03-31": "-39.31900", "2007-12-31": -2.689, "2007-09-30": -3.09, "2007-06-30": 9.882, "2007-03-31": "14.97000", "2006-12-31": 9.744, "2006-09-30": -1.03, "2006-06-30": -3.053, "2006-03-31": "6.15100", "2005-12-31": 0.298, "2005-09-30": -1.074, "2005-06-30": -0.765, "2005-03-31": "0.47800"}, "Total Change In Assets/Liabilities": {"2020-09-30": -375, "2020-06-30": 301, "2020-03-31": "-85.00000", "2019-12-31": -173, "2019-09-30": 53, "2019-06-30": -312, "2019-03-31": "-1.00000", "2018-12-31": -431, "2018-09-30": -694, "2018-06-30": -338, "2018-03-31": "214.00000", "2017-12-31": -222, "2017-09-30": 171, "2017-06-30": 59, "2017-03-31": "581.00000", "2016-12-31": 26, "2016-09-30": 267, "2016-06-30": 31, "2016-03-31": "20.00000", "2015-12-31": 130, "2015-09-30": 182, "2015-06-30": 3, "2015-03-31": "476.00000", "2014-12-31": 126.177, "2014-09-30": 553.652, "2014-06-30": -33.182, "2014-03-31": "163.35300", "2013-12-31": 36.092, "2013-09-30": 188.742, "2013-06-30": -177.507, "2013-03-31": "-42.32700", "2012-12-31": 37.832, "2012-09-30": -6.46, "2012-06-30": 202.863, "2012-03-31": "-0.55500", "2011-12-31": 4.569, "2011-09-30": -16.285, "2011-06-30": -6.47, "2011-03-31": "39.73500", "2010-12-31": 117.766, "2010-09-30": -57.661, "2010-06-30": 26.078, "2010-03-31": "-53.55200", "2009-12-31": 18.469, "2009-09-30": 14.305, "2009-06-30": 1.991, "2009-03-31": "40.06500", "2008-12-31": 28.862, "2008-09-30": -87.28, "2008-06-30": 36.857, "2008-03-31": "-42.30800", "2007-12-31": 22.758, "2007-09-30": -2.022, "2007-06-30": 31.67, "2007-03-31": "20.75000", "2006-12-31": 13.753, "2006-09-30": 8.85, "2006-06-30": -21.496, "2006-03-31": "28.01700", "2005-12-31": 16.148, "2005-09-30": 41.639, "2005-06-30": 9.795, "2005-03-31": "-18.92000"}, "Cash Flow From Operating Activities": {"2020-09-30": -158, "2020-06-30": 613, "2020-03-31": "136.00000", "2019-12-31": 29, "2019-09-30": 242, "2019-06-30": -93, "2019-03-31": "249.00000", "2018-12-31": -123, "2018-09-30": -505, "2018-06-30": -80, "2018-03-31": "394.00000", "2017-12-31": -153, "2017-09-30": 285, "2017-06-30": -47, "2017-03-31": "719.00000", "2016-12-31": 40, "2016-09-30": 355, "2016-06-30": 139, "2016-03-31": "139.00000", "2015-12-31": 219, "2015-09-30": 258, "2015-06-30": 94, "2015-03-31": "554.00000", "2014-12-31": 218.802, "2014-09-30": 605.738, "2014-06-30": 24.563, "2014-03-31": "210.89700", "2013-12-31": 78.256, "2013-09-30": 223.492, "2013-06-30": -131.852, "2013-03-31": "20.10400", "2012-12-31": 83.76, "2012-09-30": 28.041, "2012-06-30": 185.408, "2012-03-31": "50.57500", "2011-12-31": 70.232, "2011-09-30": 40.265, "2011-06-30": 30.775, "2011-03-31": "84.12300", "2010-12-31": 151.912, "2010-09-30": -16.378, "2010-06-30": 52.088, "2010-03-31": "-26.22500", "2009-12-31": 25.088, "2009-09-30": 35.443, "2009-06-30": 27.925, "2009-03-31": "66.91500", "2008-12-31": 60.702, "2008-09-30": -59.568, "2008-06-30": 62.753, "2008-03-31": "-23.45600", "2007-12-31": 45.79, "2007-09-30": 24.962, "2007-06-30": 51.97, "2007-03-31": "35.90400", "2006-12-31": 35.131, "2006-09-30": 28.598, "2006-06-30": -2.384, "2006-03-31": "40.97200", "2005-12-31": 36.262, "2005-09-30": 52.565, "2005-06-30": 5.992, "2005-03-31": "2.43900"}, "Net Change In Property, Plant, And Equipment": {"2020-09-30": -19, "2020-06-30": -24, "2020-03-31": "-21.00000", "2019-12-31": -27, "2019-09-30": -10, "2019-06-30": -14, "2019-03-31": "-6.00000", "2018-12-31": -6, "2018-09-30": -10, "2018-06-30": -10, "2018-03-31": "-4.00000", "2017-12-31": -1, "2017-09-30": -25, "2017-06-30": -34, "2017-03-31": "-26.00000", "2016-12-31": -33, "2016-09-30": -41, "2016-06-30": -56, "2016-03-31": "-46.00000", "2015-12-31": -31, "2015-09-30": -35, "2015-06-30": -41, "2015-03-31": "-25.00000", "2014-12-31": -43.229, "2014-09-30": -34.101, "2014-06-30": -19.882, "2014-03-31": "-17.78800", "2013-12-31": -33.574, "2013-09-30": -29.197, "2013-06-30": -24.062, "2013-03-31": "-11.16700", "2012-12-31": -25.597, "2012-09-30": -19.247, "2012-06-30": -19.796, "2012-03-31": "-13.50500", "2011-12-31": -14.66, "2011-09-30": -15.055, "2011-06-30": -15.925, "2011-03-31": "-14.94100", "2010-12-31": -16.62, "2010-09-30": -14.395, "2010-06-30": -11.547, "2010-03-31": "-5.97600", "2009-12-31": -7.48, "2009-09-30": -8.466, "2009-06-30": -9.557, "2009-03-31": "-10.36700", "2008-12-31": -6.376, "2008-09-30": -11.216, "2008-06-30": -8.921, "2008-03-31": "-8.17700", "2007-12-31": -5.785, "2007-09-30": -6.074, "2007-06-30": -6.795, "2007-03-31": "-3.64500", "2006-12-31": -7.012, "2006-09-30": -5.952, "2006-06-30": -3.67, "2006-03-31": "-3.66300", "2005-12-31": -4.152, "2005-09-30": -3.01, "2005-06-30": -4.609, "2005-03-31": "-2.18900"}, "Net Change In Intangible Assets": {"2020-09-30": 0, "2020-06-30": 0, "2020-03-31": "", "2019-12-31": 0, "2019-09-30": 0, "2019-06-30": 0, "2019-03-31": "", "2018-12-31": 0, "2018-09-30": 0, "2018-06-30": 0, "2018-03-31": "", "2017-12-31": 0, "2017-09-30": 0, "2017-06-30": 0, "2017-03-31": "", "2016-12-31": 0, "2016-09-30": 0, "2016-06-30": 0, "2016-03-31": "", "2015-12-31": 0, "2015-09-30": 0, "2015-06-30": 0, "2015-03-31": "", "2014-12-31": 0, "2014-09-30": 0, "2014-06-30": 0, "2014-03-31": "", "2013-12-31": 0, "2013-09-30": 0, "2013-06-30": 0, "2013-03-31": "", "2012-12-31": 0, "2012-09-30": 0, "2012-06-30": 0, "2012-03-31": "", "2011-12-31": 0, "2011-09-30": 0, "2011-06-30": 0, "2011-03-31": "", "2010-12-31": 0, "2010-09-30": 0, "2010-06-30": 0, "2010-03-31": "", "2009-12-31": 0, "2009-09-30": 0, "2009-06-30": 0, "2009-03-31": "", "2008-12-31": 0, "2008-09-30": 0, "2008-06-30": 0, "2008-03-31": "", "2007-12-31": 0, "2007-09-30": 0, "2007-06-30": 0, "2007-03-31": "", "2006-12-31": 0, "2006-09-30": 0, "2006-06-30": 0, "2006-03-31": "", "2005-12-31": 0, "2005-09-30": 0, "2005-06-30": 0, "2005-03-31": ""}, "Net Acquisitions/Divestitures": {"2020-09-30": -62, "2020-06-30": 0, "2020-03-31": "", "2019-12-31": 0, "2019-09-30": 0, "2019-06-30": 0, "2019-03-31": "", "2018-12-31": 0, "2018-09-30": 0, "2018-06-30": 0, "2018-03-31": "", "2017-12-31": 0, "2017-09-30": 0, "2017-06-30": 0, "2017-03-31": "", "2016-12-31": 0, "2016-09-30": -40, "2016-06-30": -6, "2016-03-31": "-2.00000", "2015-12-31": -373, "2015-09-30": -69, "2015-06-30": 0, "2015-03-31": "-8.00000", "2014-12-31": -36.5, "2014-09-30": -7.5, "2014-06-30": 0, "2014-03-31": "", "2013-12-31": -4.316, "2013-09-30": -57.684, "2013-06-30": 0, "2013-03-31": "", "2012-12-31": 9.162, "2012-09-30": 0, "2012-06-30": 0, "2012-03-31": "", "2011-12-31": -81, "2011-09-30": 0, "2011-06-30": 0, "2011-03-31": "-3.25300", "2010-12-31": -3.512, "2010-09-30": 7.169, "2010-06-30": -131.97, "2010-03-31": "-2.43000", "2009-12-31": -0.394, "2009-09-30": -10.9, "2009-06-30": 0, "2009-03-31": "", "2008-12-31": 0, "2008-09-30": 0, "2008-06-30": -1, "2008-03-31": "", "2007-12-31": -70.172, "2007-09-30": 0, "2007-06-30": 0, "2007-03-31": "", "2006-12-31": 0, "2006-09-30": 0, "2006-06-30": 5.82, "2006-03-31": "", "2005-12-31": -8.578, "2005-09-30": -1.088, "2005-06-30": -31.2, "2005-03-31": ""}, "Net Change In Short-term Investments": {"2020-09-30": 0, "2020-06-30": 0, "2020-03-31": "", "2019-12-31": 0, "2019-09-30": 0, "2019-06-30": 0, "2019-03-31": "", "2018-12-31": 0, "2018-09-30": 0, "2018-06-30": 0, "2018-03-31": "", "2017-12-31": 0, "2017-09-30": 0, "2017-06-30": 0, "2017-03-31": "", "2016-12-31": 0, "2016-09-30": 0, "2016-06-30": 0, "2016-03-31": "", "2015-12-31": 0, "2015-09-30": 0, "2015-06-30": 0, "2015-03-31": "", "2014-12-31": 0, "2014-09-30": 0, "2014-06-30": 0, "2014-03-31": "", "2013-12-31": 0, "2013-09-30": 0, "2013-06-30": 0, "2013-03-31": "", "2012-12-31": 0, "2012-09-30": 0, "2012-06-30": 0, "2012-03-31": "", "2011-12-31": 0, "2011-09-30": 0, "2011-06-30": 0, "2011-03-31": "", "2010-12-31": 0, "2010-09-30": 0, "2010-06-30": 0, "2010-03-31": "", "2009-12-31": 0, "2009-09-30": 0, "2009-06-30": 0, "2009-03-31": "", "2008-12-31": 0, "2008-09-30": 0, "2008-06-30": 0, "2008-03-31": "", "2007-12-31": 0, "2007-09-30": 0, "2007-06-30": 0, "2007-03-31": "", "2006-12-31": 0, "2006-09-30": 0, "2006-06-30": 0, "2006-03-31": "", "2005-12-31": 0, "2005-09-30": 0, "2005-06-30": 0, "2005-03-31": ""}, "Net Change In Long-Term Investments": {"2020-09-30": 141, "2020-06-30": 165, "2020-03-31": "-85.00000", "2019-12-31": -186, "2019-09-30": 323, "2019-06-30": -552, "2019-03-31": "181.00000", "2018-12-31": 133, "2018-09-30": 447, "2018-06-30": 267, "2018-03-31": "154.00000", "2017-12-31": -580, "2017-09-30": 404, "2017-06-30": -462, "2017-03-31": "-300.00000", "2016-12-31": -31, "2016-09-30": 230, "2016-06-30": 101, "2016-03-31": "-263.00000", "2015-12-31": -349, "2015-09-30": 4, "2015-06-30": -269, "2015-03-31": "-183.00000", "2014-12-31": -177.512, "2014-09-30": -100.832, "2014-06-30": -46.881, "2014-03-31": "5.22500", "2013-12-31": 30.153, "2013-09-30": -17.422, "2013-06-30": -382.366, "2013-03-31": "-0.36500", "2012-12-31": 12.369, "2012-09-30": -13.224, "2012-06-30": 14.856, "2012-03-31": "-22.43200", "2011-12-31": -11.505, "2011-09-30": 30.417, "2011-06-30": -18.504, "2011-03-31": "-43.70900", "2010-12-31": -101.315, "2010-09-30": -2.958, "2010-06-30": 20.98, "2010-03-31": "3.52800", "2009-12-31": -4.834, "2009-09-30": 12.325, "2009-06-30": 22.61, "2009-03-31": "-12.50000", "2008-12-31": -24.224, "2008-09-30": 33.161, "2008-06-30": -12.178, "2008-03-31": "-13.46400", "2007-12-31": -134.437, "2007-09-30": -29.261, "2007-06-30": 4.724, "2007-03-31": "-1.42300", "2006-12-31": 10.266, "2006-09-30": 3.425, "2006-06-30": 7.015, "2006-03-31": "1.72400", "2005-12-31": 6.006, "2005-09-30": -24.266, "2005-06-30": -12.253, "2005-03-31": "14.96600"}, "Net Change In Investments - Total": {"2020-09-30": 141, "2020-06-30": 165, "2020-03-31": "-85.00000", "2019-12-31": -186, "2019-09-30": 323, "2019-06-30": -552, "2019-03-31": "181.00000", "2018-12-31": 133, "2018-09-30": 447, "2018-06-30": 267, "2018-03-31": "154.00000", "2017-12-31": -580, "2017-09-30": 404, "2017-06-30": -462, "2017-03-31": "-300.00000", "2016-12-31": -31, "2016-09-30": 230, "2016-06-30": 101, "2016-03-31": "-263.00000", "2015-12-31": -349, "2015-09-30": 4, "2015-06-30": -269, "2015-03-31": "-183.00000", "2014-12-31": -177.512, "2014-09-30": -100.832, "2014-06-30": -46.881, "2014-03-31": "5.22500", "2013-12-31": 30.153, "2013-09-30": -17.422, "2013-06-30": -382.366, "2013-03-31": "-0.36500", "2012-12-31": 12.369, "2012-09-30": -13.224, "2012-06-30": 14.856, "2012-03-31": "-22.43200", "2011-12-31": -11.505, "2011-09-30": 30.417, "2011-06-30": -18.504, "2011-03-31": "-43.70900", "2010-12-31": -101.315, "2010-09-30": -2.958, "2010-06-30": 20.98, "2010-03-31": "3.52800", "2009-12-31": -4.834, "2009-09-30": 12.325, "2009-06-30": 22.61, "2009-03-31": "-12.50000", "2008-12-31": -24.224, "2008-09-30": 33.161, "2008-06-30": -12.178, "2008-03-31": "-13.46400", "2007-12-31": -134.437, "2007-09-30": -29.261, "2007-06-30": 4.724, "2007-03-31": "-1.42300", "2006-12-31": 10.266, "2006-09-30": 3.425, "2006-06-30": 7.015, "2006-03-31": "1.72400", "2005-12-31": 6.006, "2005-09-30": -24.266, "2005-06-30": -12.253, "2005-03-31": "14.96600"}, "Investing Activities - Other": {"2020-09-30": 0, "2020-06-30": 0, "2020-03-31": "3.00000", "2019-12-31": 0, "2019-09-30": 0, "2019-06-30": 2, "2019-03-31": "-4.00000", "2018-12-31": 195, "2018-09-30": -14, "2018-06-30": -4, "2018-03-31": "-5.00000", "2017-12-31": -5, "2017-09-30": -9, "2017-06-30": -13, "2017-03-31": "-11.00000", "2016-12-31": -11, "2016-09-30": -7, "2016-06-30": 2, "2016-03-31": "-3.00000", "2015-12-31": -2, "2015-09-30": -8, "2015-06-30": -19, "2015-03-31": "-12.00000", "2014-12-31": -17.479, "2014-09-30": -16.511, "2014-06-30": -8.082, "2014-03-31": "-14.92800", "2013-12-31": 6.153, "2013-09-30": -5.301, "2013-06-30": -4.184, "2013-03-31": "-9.66800", "2012-12-31": 1.276, "2012-09-30": 2.984, "2012-06-30": -13.649, "2012-03-31": "-6.78100", "2011-12-31": -7.1, "2011-09-30": -19.247, "2011-06-30": -4.593, "2011-03-31": "-17.85200", "2010-12-31": -2.988, "2010-09-30": -14.774, "2010-06-30": -11.785, "2010-03-31": "-0.23000", "2009-12-31": 6.713, "2009-09-30": 3.204, "2009-06-30": -16.673, "2009-03-31": "-1.39400", "2008-12-31": -8.267, "2008-09-30": -3.435, "2008-06-30": 1.563, "2008-03-31": "-1.98600", "2007-12-31": 0.555, "2007-09-30": -4.254, "2007-06-30": 0.631, "2007-03-31": "-0.33700", "2006-12-31": -2.093, "2006-09-30": -1.89, "2006-06-30": 1.002, "2006-03-31": "-1.02600", "2005-12-31": 2.685, "2005-09-30": 0.118, "2005-06-30": -0.696, "2005-03-31": "-4.30800"}, "Cash Flow From Investing Activities": {"2020-09-30": 60, "2020-06-30": 141, "2020-03-31": "-103.00000", "2019-12-31": -213, "2019-09-30": 313, "2019-06-30": -564, "2019-03-31": "171.00000", "2018-12-31": 322, "2018-09-30": 423, "2018-06-30": 253, "2018-03-31": "145.00000", "2017-12-31": -586, "2017-09-30": 370, "2017-06-30": -509, "2017-03-31": "-337.00000", "2016-12-31": -75, "2016-09-30": 142, "2016-06-30": 41, "2016-03-31": "-314.00000", "2015-12-31": -755, "2015-09-30": -108, "2015-06-30": -329, "2015-03-31": "-228.00000", "2014-12-31": -274.72, "2014-09-30": -158.944, "2014-06-30": -74.845, "2014-03-31": "-27.49100", "2013-12-31": -1.584, "2013-09-30": -109.604, "2013-06-30": -410.612, "2013-03-31": "-21.20000", "2012-12-31": -2.79, "2012-09-30": -29.487, "2012-06-30": -18.589, "2012-03-31": "-42.71800", "2011-12-31": -114.265, "2011-09-30": -3.885, "2011-06-30": -39.022, "2011-03-31": "-79.75500", "2010-12-31": -124.435, "2010-09-30": -24.958, "2010-06-30": -134.322, "2010-03-31": "-5.10800", "2009-12-31": -5.995, "2009-09-30": -3.837, "2009-06-30": -3.62, "2009-03-31": "-24.26100", "2008-12-31": -38.867, "2008-09-30": 18.51, "2008-06-30": -20.536, "2008-03-31": "-23.62700", "2007-12-31": -209.839, "2007-09-30": -39.589, "2007-06-30": -1.44, "2007-03-31": "-5.40500", "2006-12-31": 1.161, "2006-09-30": -4.417, "2006-06-30": 10.167, "2006-03-31": "-2.96500", "2005-12-31": -4.039, "2005-09-30": -28.246, "2005-06-30": -48.758, "2005-03-31": "8.46900"}, "Net Long-Term Debt": {"2020-09-30": 0, "2020-06-30": 189, "2020-03-31": "368.00000", "2019-12-31": 0, "2019-09-30": -55, "2019-06-30": -19, "2019-03-31": "54.00000", "2018-12-31": -62, "2018-09-30": -211, "2018-06-30": -389, "2018-03-31": "", "2017-12-31": 0, "2017-09-30": 300, "2017-06-30": 325, "2017-03-31": "", "2016-12-31": 0, "2016-09-30": 0, "2016-06-30": 0, "2016-03-31": "", "2015-12-31": 689, "2015-09-30": 0, "2015-06-30": 0, "2015-03-31": "", "2014-12-31": -0.387, "2014-09-30": 123.387, "2014-06-30": 0, "2014-03-31": "", "2013-12-31": 0.135, "2013-09-30": 0, "2013-06-30": 111.514, "2013-03-31": "348.35100", "2012-12-31": -0.283, "2012-09-30": -10.273, "2012-06-30": 39.728, "2012-03-31": "9.69900", "2011-12-31": 48.6, "2011-09-30": 0, "2011-06-30": 0, "2011-03-31": "", "2010-12-31": 0, "2010-09-30": -105, "2010-06-30": 105, "2010-03-31": "", "2009-12-31": 0, "2009-09-30": 0, "2009-06-30": 0, "2009-03-31": "-9.65300", "2008-12-31": 0, "2008-09-30": 0, "2008-06-30": 0, "2008-03-31": "", "2007-12-31": 180, "2007-09-30": -10, "2007-06-30": 0, "2007-03-31": "-15.00000", "2006-12-31": 30, "2006-09-30": 0, "2006-06-30": 15, "2006-03-31": "", "2005-12-31": -1.767, "2005-09-30": -3.145, "2005-06-30": -0.042, "2005-03-31": "3.06000"}, "Net Current Debt": {"2020-09-30": 0, "2020-06-30": 0, "2020-03-31": "", "2019-12-31": 0, "2019-09-30": 0, "2019-06-30": 0, "2019-03-31": "", "2018-12-31": 0, "2018-09-30": 0, "2018-06-30": 0, "2018-03-31": "", "2017-12-31": 0, "2017-09-30": 0, "2017-06-30": 0, "2017-03-31": "", "2016-12-31": 0, "2016-09-30": 0, "2016-06-30": 0, "2016-03-31": "", "2015-12-31": 0, "2015-09-30": 0, "2015-06-30": 0, "2015-03-31": "", "2014-12-31": 0, "2014-09-30": 0, "2014-06-30": 0, "2014-03-31": "", "2013-12-31": 0, "2013-09-30": 0, "2013-06-30": 0, "2013-03-31": "", "2012-12-31": 0, "2012-09-30": 0, "2012-06-30": 0, "2012-03-31": "", "2011-12-31": 0, "2011-09-30": 0, "2011-06-30": 0, "2011-03-31": "", "2010-12-31": 0, "2010-09-30": 0, "2010-06-30": 0, "2010-03-31": "", "2009-12-31": 0, "2009-09-30": 0, "2009-06-30": 0, "2009-03-31": "", "2008-12-31": 0, "2008-09-30": 0, "2008-06-30": 0, "2008-03-31": "", "2007-12-31": 0, "2007-09-30": 0, "2007-06-30": 0, "2007-03-31": "", "2006-12-31": 0, "2006-09-30": 0, "2006-06-30": 0, "2006-03-31": "", "2005-12-31": 0, "2005-09-30": 0, "2005-06-30": 0, "2005-03-31": ""}, "Debt Issuance/Retirement Net - Total": {"2020-09-30": 0, "2020-06-30": 189, "2020-03-31": "368.00000", "2019-12-31": 0, "2019-09-30": -55, "2019-06-30": -19, "2019-03-31": "54.00000", "2018-12-31": -62, "2018-09-30": -211, "2018-06-30": -389, "2018-03-31": "", "2017-12-31": 0, "2017-09-30": 300, "2017-06-30": 325, "2017-03-31": "", "2016-12-31": 0, "2016-09-30": 0, "2016-06-30": 0, "2016-03-31": "", "2015-12-31": 689, "2015-09-30": 0, "2015-06-30": 0, "2015-03-31": "", "2014-12-31": -0.387, "2014-09-30": 123.387, "2014-06-30": 0, "2014-03-31": "", "2013-12-31": 0.135, "2013-09-30": 0, "2013-06-30": 111.514, "2013-03-31": "348.35100", "2012-12-31": -0.283, "2012-09-30": -10.273, "2012-06-30": 39.728, "2012-03-31": "9.69900", "2011-12-31": 48.6, "2011-09-30": 0, "2011-06-30": 0, "2011-03-31": "", "2010-12-31": 0, "2010-09-30": -105, "2010-06-30": 105, "2010-03-31": "", "2009-12-31": 0, "2009-09-30": 0, "2009-06-30": 0, "2009-03-31": "-9.65300", "2008-12-31": 0, "2008-09-30": 0, "2008-06-30": 0, "2008-03-31": "", "2007-12-31": 180, "2007-09-30": -10, "2007-06-30": 0, "2007-03-31": "-15.00000", "2006-12-31": 30, "2006-09-30": 0, "2006-06-30": 15, "2006-03-31": "", "2005-12-31": -1.767, "2005-09-30": -3.145, "2005-06-30": -0.042, "2005-03-31": "3.06000"}, "Net Common Equity Issued/Repurchased": {"2020-09-30": 0, "2020-06-30": 0, "2020-03-31": "-453.00000", "2019-12-31": -47, "2019-09-30": 0, "2019-06-30": 0, "2019-03-31": "", "2018-12-31": 0, "2018-09-30": 0, "2018-06-30": 0, "2018-03-31": "", "2017-12-31": 0, "2017-09-30": 0, "2017-06-30": -1, "2017-03-31": "1.00000", "2016-12-31": -10, "2016-09-30": 0, "2016-06-30": 10, "2016-03-31": "", "2015-12-31": 10, "2015-09-30": 0, "2015-06-30": 380, "2015-03-31": "1.00000", "2014-12-31": 6.372, "2014-09-30": 0.011, "2014-06-30": 6.287, "2014-03-31": "1.33000", "2013-12-31": 0.77, "2013-09-30": 0.304, "2013-06-30": 4.617, "2013-03-31": "25.30900", "2012-12-31": -0.366, "2012-09-30": 0.086, "2012-06-30": 2.737, "2012-03-31": "2.74800", "2011-12-31": 1.707, "2011-09-30": -7, "2011-06-30": 3.178, "2011-03-31": "2.46200", "2010-12-31": 113.325, "2010-09-30": 0.319, "2010-06-30": 1.543, "2010-03-31": "", "2009-12-31": 0.934, "2009-09-30": 0, "2009-06-30": -11.655, "2009-03-31": "-14.97600", "2008-12-31": -17.109, "2008-09-30": -1.973, "2008-06-30": -28.946, "2008-03-31": "0.17200", "2007-12-31": 1.718, "2007-09-30": 0.883, "2007-06-30": 1.266, "2007-03-31": "0.39000", "2006-12-31": 0.6, "2006-09-30": 0.344, "2006-06-30": 0.802, "2006-03-31": "0.67000", "2005-12-31": 0.458, "2005-09-30": -0.06, "2005-06-30": 1.088, "2005-03-31": "0.38600"}, "Net Total Equity Issued/Repurchased": {"2020-09-30": 0, "2020-06-30": 0, "2020-03-31": "-453.00000", "2019-12-31": -47, "2019-09-30": 0, "2019-06-30": 0, "2019-03-31": "", "2018-12-31": 0, "2018-09-30": 0, "2018-06-30": 0, "2018-03-31": "", "2017-12-31": 0, "2017-09-30": 0, "2017-06-30": -1, "2017-03-31": "1.00000", "2016-12-31": -10, "2016-09-30": 0, "2016-06-30": 10, "2016-03-31": "", "2015-12-31": 10, "2015-09-30": 0, "2015-06-30": 380, "2015-03-31": "1.00000", "2014-12-31": 6.372, "2014-09-30": 0.011, "2014-06-30": 6.287, "2014-03-31": "1.33000", "2013-12-31": 0.77, "2013-09-30": 0.304, "2013-06-30": 4.617, "2013-03-31": "25.30900", "2012-12-31": -0.366, "2012-09-30": 0.086, "2012-06-30": 2.737, "2012-03-31": "2.74800", "2011-12-31": 1.707, "2011-09-30": -7, "2011-06-30": 3.178, "2011-03-31": "2.46200", "2010-12-31": 113.325, "2010-09-30": 0.319, "2010-06-30": 1.543, "2010-03-31": "", "2009-12-31": 0.934, "2009-09-30": 0, "2009-06-30": -11.655, "2009-03-31": "-14.97600", "2008-12-31": -17.109, "2008-09-30": -1.973, "2008-06-30": -28.946, "2008-03-31": "0.17200", "2007-12-31": 1.718, "2007-09-30": 0.883, "2007-06-30": 1.266, "2007-03-31": "0.39000", "2006-12-31": 0.6, "2006-09-30": 0.344, "2006-06-30": 0.802, "2006-03-31": "0.67000", "2005-12-31": 0.458, "2005-09-30": -0.06, "2005-06-30": 1.088, "2005-03-31": "0.38600"}, "Total Common And Preferred Stock Dividends Paid": {"2020-09-30": 0, "2020-06-30": 0, "2020-03-31": "", "2019-12-31": 0, "2019-09-30": 0, "2019-06-30": 0, "2019-03-31": "", "2018-12-31": 0, "2018-09-30": 0, "2018-06-30": 0, "2018-03-31": "", "2017-12-31": 0, "2017-09-30": 0, "2017-06-30": 0, "2017-03-31": "", "2016-12-31": 0, "2016-09-30": 0, "2016-06-30": 0, "2016-03-31": "", "2015-12-31": 0, "2015-09-30": 0, "2015-06-30": 0, "2015-03-31": "", "2014-12-31": 0, "2014-09-30": 0, "2014-06-30": 0, "2014-03-31": "", "2013-12-31": 0, "2013-09-30": 0, "2013-06-30": 0, "2013-03-31": "", "2012-12-31": 0, "2012-09-30": 0, "2012-06-30": 0, "2012-03-31": "", "2011-12-31": 0, "2011-09-30": 0, "2011-06-30": 0, "2011-03-31": "", "2010-12-31": 0, "2010-09-30": 0, "2010-06-30": 0, "2010-03-31": "", "2009-12-31": 0, "2009-09-30": 0, "2009-06-30": 0, "2009-03-31": "", "2008-12-31": 0, "2008-09-30": 0, "2008-06-30": 0, "2008-03-31": "", "2007-12-31": 0, "2007-09-30": 0, "2007-06-30": 0, "2007-03-31": "", "2006-12-31": 0, "2006-09-30": 0, "2006-06-30": 0, "2006-03-31": "", "2005-12-31": 0, "2005-09-30": 0, "2005-06-30": 0, "2005-03-31": ""}, "Financial Activities - Other": {"2020-09-30": -2, "2020-06-30": 0, "2020-03-31": "-33.00000", "2019-12-31": 5, "2019-09-30": -93, "2019-06-30": -295, "2019-03-31": "-102.00000", "2018-12-31": -119, "2018-09-30": -298, "2018-06-30": -109, "2018-03-31": "-5.00000", "2017-12-31": 4, "2017-09-30": -1, "2017-06-30": 10, "2017-03-31": "-2.00000", "2016-12-31": 18, "2016-09-30": 0, "2016-06-30": -1, "2016-03-31": "2.00000", "2015-12-31": 2, "2015-09-30": 0, "2015-06-30": -1, "2015-03-31": "4.00000", "2014-12-31": -9.768, "2014-09-30": 1.053, "2014-06-30": -12.023, "2014-03-31": "-37.26200", "2013-12-31": 1.637, "2013-09-30": -0.306, "2013-06-30": -0.508, "2013-03-31": "1.17700", "2012-12-31": -0.031, "2012-09-30": 0.021, "2012-06-30": 0.085, "2012-03-31": "3.59200", "2011-12-31": 0.061, "2011-09-30": -1.101, "2011-06-30": 0.49, "2011-03-31": "1.07600", "2010-12-31": -111.371, "2010-09-30": 111.487, "2010-06-30": -1.605, "2010-03-31": "0.11300", "2009-12-31": 0.005, "2009-09-30": 0.026, "2009-06-30": 0, "2009-03-31": "", "2008-12-31": 0, "2008-09-30": 0.043, "2008-06-30": 0, "2008-03-31": "", "2007-12-31": -6.199, "2007-09-30": -0.164, "2007-06-30": -0.261, "2007-03-31": "0.42800", "2006-12-31": -0.326, "2006-09-30": 0.441, "2006-06-30": 0.186, "2006-03-31": "0.46700", "2005-12-31": -5.204, "2005-09-30": -0.084, "2005-06-30": 1.758, "2005-03-31": ""}, "Cash Flow From Financial Activities": {"2020-09-30": -2, "2020-06-30": 189, "2020-03-31": "-118.00000", "2019-12-31": -42, "2019-09-30": -148, "2019-06-30": -314, "2019-03-31": "-48.00000", "2018-12-31": -181, "2018-09-30": -509, "2018-06-30": -498, "2018-03-31": "-5.00000", "2017-12-31": 4, "2017-09-30": 299, "2017-06-30": 334, "2017-03-31": "-1.00000", "2016-12-31": 8, "2016-09-30": 0, "2016-06-30": 9, "2016-03-31": "2.00000", "2015-12-31": 701, "2015-09-30": 0, "2015-06-30": 379, "2015-03-31": "5.00000", "2014-12-31": -3.783, "2014-09-30": 124.451, "2014-06-30": -5.736, "2014-03-31": "-35.93200", "2013-12-31": 2.542, "2013-09-30": -0.002, "2013-06-30": 115.623, "2013-03-31": "374.83700", "2012-12-31": -0.68, "2012-09-30": -10.166, "2012-06-30": 42.55, "2012-03-31": "16.03900", "2011-12-31": 50.368, "2011-09-30": -8.101, "2011-06-30": 3.668, "2011-03-31": "3.53800", "2010-12-31": 1.954, "2010-09-30": 6.806, "2010-06-30": 104.938, "2010-03-31": "0.11300", "2009-12-31": 0.939, "2009-09-30": 0.026, "2009-06-30": -11.655, "2009-03-31": "-24.62900", "2008-12-31": -17.109, "2008-09-30": -1.93, "2008-06-30": -28.946, "2008-03-31": "0.17200", "2007-12-31": 175.519, "2007-09-30": -9.281, "2007-06-30": 1.005, "2007-03-31": "-14.18200", "2006-12-31": 30.274, "2006-09-30": 0.785, "2006-06-30": 15.988, "2006-03-31": "1.13700", "2005-12-31": -6.513, "2005-09-30": -3.289, "2005-06-30": 2.804, "2005-03-31": "3.44600"}, "Net Cash Flow": {"2020-09-30": -100, "2020-06-30": 943, "2020-03-31": "-85.00000", "2019-12-31": -226, "2019-09-30": 407, "2019-06-30": -971, "2019-03-31": "372.00000", "2018-12-31": 18, "2018-09-30": -591, "2018-06-30": -325, "2018-03-31": "534.00000", "2017-12-31": -735, "2017-09-30": 954, "2017-06-30": -222, "2017-03-31": "381.00000", "2016-12-31": -27, "2016-09-30": 497, "2016-06-30": 189, "2016-03-31": "-173.00000", "2015-12-31": 165, "2015-09-30": 150, "2015-06-30": 144, "2015-03-31": "331.00000", "2014-12-31": -59.701, "2014-09-30": 571.245, "2014-06-30": -56.018, "2014-03-31": "147.47400", "2013-12-31": 79.214, "2013-09-30": 113.886, "2013-06-30": -426.841, "2013-03-31": "373.74100", "2012-12-31": 80.29, "2012-09-30": -11.612, "2012-06-30": 209.369, "2012-03-31": "23.89600", "2011-12-31": 6.335, "2011-09-30": 28.279, "2011-06-30": -4.579, "2011-03-31": "7.90600", "2010-12-31": 29.431, "2010-09-30": -34.53, "2010-06-30": 22.704, "2010-03-31": "-31.22000", "2009-12-31": 20.032, "2009-09-30": 31.632, "2009-06-30": 12.65, "2009-03-31": "18.02500", "2008-12-31": 4.726, "2008-09-30": -42.988, "2008-06-30": 13.271, "2008-03-31": "-46.91100", "2007-12-31": 11.47, "2007-09-30": -23.908, "2007-06-30": 51.535, "2007-03-31": "16.31700", "2006-12-31": 66.566, "2006-09-30": 24.966, "2006-06-30": 23.771, "2006-03-31": "39.14400", "2005-12-31": 25.71, "2005-09-30": 21.03, "2005-06-30": -39.962, "2005-03-31": "14.35400"}, "Stock-Based Compensation": {"2020-09-30": 15, "2020-06-30": 16, "2020-03-31": "12.00000", "2019-12-31": 10, "2019-09-30": 10, "2019-06-30": 10, "2019-03-31": "9.00000", "2018-12-31": 7, "2018-09-30": 7, "2018-06-30": 7, "2018-03-31": "6.00000", "2017-12-31": 8, "2017-09-30": 3, "2017-06-30": 29, "2017-03-31": "6.00000", "2016-12-31": 2, "2016-09-30": 8, "2016-06-30": 9, "2016-03-31": "7.00000", "2015-12-31": 7, "2015-09-30": 7, "2015-06-30": 3, "2015-03-31": "6.00000", "2014-12-31": 5.885, "2014-09-30": 5.659, "2014-06-30": 4.86, "2014-03-31": "5.59600", "2013-12-31": 8.346, "2013-09-30": 8.504, "2013-06-30": 7.729, "2013-03-31": "4.42100", "2012-12-31": 4.57, "2012-09-30": 5.636, "2012-06-30": 5.146, "2012-03-31": "4.66600", "2011-12-31": 4.329, "2011-09-30": 4.349, "2011-06-30": 4.31, "2011-03-31": "4.06400", "2010-12-31": 2.263, "2010-09-30": 2.76, "2010-06-30": 2.372, "2010-03-31": "2.13600", "2009-12-31": 1.755, "2009-09-30": 2.272, "2009-06-30": 2.024, "2009-03-31": "1.43400", "2008-12-31": 2.042, "2008-09-30": 2.182, "2008-06-30": 2.076, "2008-03-31": "1.51100", "2007-12-31": 1.95, "2007-09-30": 1.594, "2007-06-30": 1.777, "2007-03-31": "1.86700", "2006-12-31": 1.174, "2006-09-30": 1.584, "2006-06-30": 1.52, "2006-03-31": "1.22700", "2005-12-31": 0.408, "2005-09-30": 0.534, "2005-06-30": 0.166, "2005-03-31": "0.17500"}, "Common Stock Dividends Paid": {"2020-09-30": 0, "2020-06-30": 0, "2020-03-31": "", "2019-12-31": 0, "2019-09-30": 0, "2019-06-30": 0, "2019-03-31": "", "2018-12-31": 0, "2018-09-30": 0, "2018-06-30": 0, "2018-03-31": "", "2017-12-31": 0, "2017-09-30": 0, "2017-06-30": 0, "2017-03-31": "", "2016-12-31": 0, "2016-09-30": 0, "2016-06-30": 0, "2016-03-31": "", "2015-12-31": 0, "2015-09-30": 0, "2015-06-30": 0, "2015-03-31": "", "2014-12-31": 0, "2014-09-30": 0, "2014-06-30": 0, "2014-03-31": "", "2013-12-31": 0, "2013-09-30": 0, "2013-06-30": 0, "2013-03-31": "", "2012-12-31": 0, "2012-09-30": 0, "2012-06-30": 0, "2012-03-31": "", "2011-12-31": 0, "2011-09-30": 0, "2011-06-30": 0, "2011-03-31": "", "2010-12-31": 0, "2010-09-30": 0, "2010-06-30": 0, "2010-03-31": "", "2009-12-31": 0, "2009-09-30": 0, "2009-06-30": 0, "2009-03-31": "", "2008-12-31": 0, "2008-09-30": 0, "2008-06-30": 0, "2008-03-31": "", "2007-12-31": 0, "2007-09-30": 0, "2007-06-30": 0, "2007-03-31": "", "2006-12-31": 0, "2006-09-30": 0, "2006-06-30": 0, "2006-03-31": "", "2005-12-31": 0, "2005-09-30": 0, "2005-06-30": 0, "2005-03-31": ""}}, "financial ratios": {"Current Ratio": {"2019-12-31": "1.82530", "2018-12-31": "1.52190", "2017-12-31": "1.35160", "2016-12-31": "1.31030", "2015-12-31": "1.38830", "2014-12-31": "1.47260", "2013-12-31": "1.57630", "2012-12-31": "1.62930", "2011-12-31": "1.74150", "2010-12-31": "1.69790", "2009-12-31": "1.65680", "2008-12-31": "1.88920", "2007-12-31": "1.95490", "2006-12-31": "1.72870", "2005-12-31": "1.75810"}, "Long-term Debt / Capital": {"2019-12-31": "0.42820", "2018-12-31": "0.42490", "2017-12-31": "0.53140", "2016-12-31": "0.41570", "2015-12-31": "0.42690", "2014-12-31": "0.46760", "2013-12-31": "0.40300", "2012-12-31": "0.25070", "2011-12-31": "0.22320", "2010-12-31": "0.18570", "2009-12-31": "0.22650", "2008-12-31": "0.23670", "2007-12-31": "0.28970", "2006-12-31": "0.09670", "2005-12-31": ""}, "Debt/Equity Ratio": {"2019-12-31": "0.75820", "2018-12-31": "0.88520", "2017-12-31": "1.62230", "2016-12-31": "0.99760", "2015-12-31": "1.03340", "2014-12-31": "0.87820", "2013-12-31": "0.87900", "2012-12-31": "0.33610", "2011-12-31": "0.28890", "2010-12-31": "0.22810", "2009-12-31": "0.29280", "2008-12-31": "0.31010", "2007-12-31": "0.40780", "2006-12-31": "0.10710", "2005-12-31": ""}, "Gross Margin": {"2019-12-31": "17.37480", "2018-12-31": "17.94070", "2017-12-31": "11.65820", "2016-12-31": "14.18850", "2015-12-31": "15.45350", "2014-12-31": "14.83400", "2013-12-31": "15.90530", "2012-12-31": "13.21920", "2011-12-31": "16.12500", "2010-12-31": "15.57700", "2009-12-31": "13.43890", "2008-12-31": "15.77750", "2007-12-31": "16.54480", "2006-12-31": "16.27650", "2005-12-31": "13.64720"}, "Operating Margin": {"2019-12-31": "6.20360", "2018-12-31": "5.98730", "2017-12-31": "-2.79130", "2016-12-31": "1.72080", "2015-12-31": "2.72960", "2014-12-31": "1.99650", "2013-12-31": "2.07920", "2012-12-31": "0.69480", "2011-12-31": "2.99150", "2010-12-31": "2.56980", "2009-12-31": "1.41530", "2008-12-31": "3.45570", "2007-12-31": "3.94500", "2006-12-31": "3.78110", "2005-12-31": "2.77450"}, "EBIT Margin": {"2019-12-31": "6.20360", "2018-12-31": "5.98730", "2017-12-31": "-2.79130", "2016-12-31": "1.72080", "2015-12-31": "2.72960", "2014-12-31": "1.99650", "2013-12-31": "2.07920", "2012-12-31": "0.69480", "2011-12-31": "2.99150", "2010-12-31": "2.56980", "2009-12-31": "1.41530", "2008-12-31": "3.45570", "2007-12-31": "3.94500", "2006-12-31": "3.78110", "2005-12-31": "2.77450"}, "EBITDA Margin": {"2019-12-31": "6.76210", "2018-12-31": "6.77610", "2017-12-31": "-1.73520", "2016-12-31": "2.74430", "2015-12-31": "3.82990", "2014-12-31": "3.66190", "2013-12-31": "3.50580", "2012-12-31": "2.12710", "2011-12-31": "6.27360", "2010-12-31": "4.15020", "2009-12-31": "2.50500", "2008-12-31": "4.58420", "2007-12-31": "5.10730", "2006-12-31": "4.89630", "2005-12-31": "3.73460"}, "Pre-Tax Profit Margin": {"2019-12-31": "5.77570", "2018-12-31": "5.28850", "2017-12-31": "-3.07800", "2016-12-31": "1.15290", "2015-12-31": "2.27110", "2014-12-31": "1.39650", "2013-12-31": "1.22930", "2012-12-31": "0.39530", "2011-12-31": "2.64970", "2010-12-31": "2.19020", "2009-12-31": "1.03990", "2008-12-31": "3.03060", "2007-12-31": "3.72010", "2006-12-31": "3.66380", "2005-12-31": "2.65750"}, "Net Profit Margin": {"2019-12-31": "4.37930", "2018-12-31": "3.74270", "2017-12-31": "-2.57510", "2016-12-31": "0.29240", "2015-12-31": "1.00860", "2014-12-31": "0.64140", "2013-12-31": "0.80440", "2012-12-31": "0.16550", "2011-12-31": "0.45850", "2010-12-31": "1.34530", "2009-12-31": "0.84120", "2008-12-31": "1.91490", "2007-12-31": "2.31600", "2006-12-31": "2.28070", "2005-12-31": "1.67240"}, "Asset Turnover": {"2019-12-31": "2.47960", "2018-12-31": "2.64050", "2017-12-31": "2.34720", "2016-12-31": "2.38720", "2015-12-31": "2.15600", "2014-12-31": "2.17970", "2013-12-31": "2.19420", "2012-12-31": "3.05670", "2011-12-31": "2.74810", "2010-12-31": "2.70740", "2009-12-31": "2.94960", "2008-12-31": "2.71100", "2007-12-31": "2.12790", "2006-12-31": "2.31930", "2005-12-31": "2.50040"}, "Inventory Turnover Ratio": {"2019-12-31": "", "2018-12-31": "", "2017-12-31": "", "2016-12-31": "", "2015-12-31": "", "2014-12-31": "", "2013-12-31": "", "2012-12-31": "", "2011-12-31": "", "2010-12-31": "", "2009-12-31": "", "2008-12-31": "", "2007-12-31": "", "2006-12-31": "", "2005-12-31": ""}, "Receiveable Turnover": {"2019-12-31": "11.96940", "2018-12-31": "14.20300", "2017-12-31": "22.82780", "2016-12-31": "17.55380", "2015-12-31": "23.24260", "2014-12-31": "16.21980", "2013-12-31": "19.86570", "2012-12-31": "39.51180", "2011-12-31": "25.28310", "2010-12-31": "24.29380", "2009-12-31": "25.71000", "2008-12-31": "23.47520", "2007-12-31": "22.34640", "2006-12-31": "16.87780", "2005-12-31": "22.43570"}, "Days Sales In Receivables": {"2019-12-31": "30.49440", "2018-12-31": "25.69880", "2017-12-31": "15.98930", "2016-12-31": "20.79320", "2015-12-31": "15.70390", "2014-12-31": "22.50340", "2013-12-31": "18.37340", "2012-12-31": "9.23770", "2011-12-31": "14.43650", "2010-12-31": "15.02440", "2009-12-31": "14.19680", "2008-12-31": "15.54830", "2007-12-31": "16.33370", "2006-12-31": "21.62610", "2005-12-31": "16.26870"}, "ROE - Return On Equity": {"2019-12-31": "37.60200", "2018-12-31": "42.92650", "2017-12-31": "-38.29470", "2016-12-31": "3.15340", "2015-12-31": "9.18430", "2014-12-31": "6.13860", "2013-12-31": "5.03950", "2012-12-31": "1.64460", "2011-12-31": "10.24910", "2010-12-31": "7.64470", "2009-12-31": "5.68750", "2008-12-31": "11.20770", "2007-12-31": "11.76930", "2006-12-31": "10.88310", "2005-12-31": "7.60530"}, "Return On Tangible Equity": {"2019-12-31": "41.21920", "2018-12-31": "48.52440", "2017-12-31": "-47.31980", "2016-12-31": "5.84930", "2015-12-31": "15.61140", "2014-12-31": "9.55320", "2013-12-31": "7.98820", "2012-12-31": "2.32440", "2011-12-31": "15.49860", "2010-12-31": "13.69700", "2009-12-31": "9.39710", "2008-12-31": "17.57210", "2007-12-31": "20.37950", "2006-12-31": "16.50630", "2005-12-31": "11.59810"}, "ROA - Return On Assets": {"2019-12-31": "10.85900", "2018-12-31": "9.88260", "2017-12-31": "-6.04420", "2016-12-31": "0.69810", "2015-12-31": "2.17460", "2014-12-31": "1.39800", "2013-12-31": "1.49850", "2012-12-31": "0.66500", "2011-12-31": "4.68410", "2010-12-31": "3.64230", "2009-12-31": "2.48130", "2008-12-31": "5.19120", "2007-12-31": "4.92830", "2006-12-31": "5.28960", "2005-12-31": "4.18170"}, "ROI - Return On Investment": {"2019-12-31": "21.49940", "2018-12-31": "24.68580", "2017-12-31": "-17.94600", "2016-12-31": "1.84270", "2015-12-31": "5.26320", "2014-12-31": "3.26830", "2013-12-31": "3.00840", "2012-12-31": "1.23230", "2011-12-31": "7.96170", "2010-12-31": "6.22490", "2009-12-31": "4.39940", "2008-12-31": "8.55510", "2007-12-31": "8.36030", "2006-12-31": "9.83030", "2005-12-31": "7.60530"}, "Book Value Per Share": {"2019-12-31": "31.61290", "2018-12-31": "26.56450", "2017-12-31": "22.28330", "2016-12-31": "28.92980", "2015-12-31": "27.80360", "2014-12-31": "20.20000", "2013-12-31": "19.46630", "2012-12-31": "16.72970", "2011-12-31": "16.48090", "2010-12-31": "15.81630", "2009-12-31": "14.12990", "2008-12-31": "13.26500", "2007-12-31": "11.49580", "2006-12-31": "9.96160", "2005-12-31": "8.70390"}, "Operating Cash Flow Per Share": {"2019-12-31": 11.3585, "2018-12-31": -19.0437, "2017-12-31": 2.382, "2016-12-31": -8.1142, "2015-12-31": -1.994, "2014-12-31": 18.0407, "2013-12-31": -3.3572, "2012-12-31": 2.5448, "2011-12-31": 0.9782, "2010-12-31": -0.1095, "2009-12-31": 3.0158, "2008-12-31": -2.7506, "2007-12-31": 1.2992, "2006-12-31": 0.1081, "2005-12-31": 2.3138}, "Free Cash Flow Per Share": {"2019-12-31": 10.9156, "2018-12-31": -17.9557, "2017-12-31": 3.978, "2016-12-31": -8.8887, "2015-12-31": -1.9554, "2014-12-31": 17.7301, "2013-12-31": -3.7797, "2012-12-31": 2.187, "2011-12-31": 0.8392, "2010-12-31": -0.3551, "2009-12-31": 2.9282, "2008-12-31": -3.0602, "2007-12-31": 1.2565, "2006-12-31": -0.0402, "2005-12-31": 1.9817}}, "financial ratios, quarterly": {"Current Ratio": {"2020-09-30": "1.95530", "2020-06-30": "1.88070", "2020-03-31": "1.77140", "2019-12-31": "1.82530", "2019-09-30": "1.77660", "2019-06-30": "1.73050", "2019-03-31": "1.56830", "2018-12-31": "1.52190", "2018-09-30": "1.40050", "2018-06-30": "1.37920", "2018-03-31": "1.36490", "2017-12-31": "1.35160", "2017-09-30": "1.29290", "2017-06-30": "1.23750", "2017-03-31": "1.44780", "2016-12-31": "1.31030", "2016-09-30": "1.31040", "2016-06-30": "1.52080", "2016-03-31": "1.31690", "2015-12-31": "1.38830", "2015-09-30": "1.27170", "2015-06-30": "1.28560", "2015-03-31": "1.18990", "2014-12-31": "1.47260", "2014-09-30": "1.54310", "2014-06-30": "1.45430", "2014-03-31": "1.46610", "2013-12-31": "1.57630", "2013-09-30": "1.88080", "2013-06-30": "2.46730", "2013-03-31": "2.15060", "2012-12-31": "1.62930", "2012-09-30": "1.57990", "2012-06-30": "1.57430", "2012-03-31": "1.70140", "2011-12-31": "1.74150", "2011-09-30": "1.71160", "2011-06-30": "1.68880", "2011-03-31": "1.64860", "2010-12-31": "1.69790", "2010-09-30": "1.73080", "2010-06-30": "1.72570", "2010-03-31": "1.80350", "2009-12-31": "1.65680", "2009-09-30": "1.67790", "2009-06-30": "1.68130", "2009-03-31": "1.70750", "2008-12-31": "1.88920", "2008-09-30": "1.87700", "2008-06-30": "1.77580", "2008-03-31": "1.86960", "2007-12-31": "1.95490", "2007-09-30": "1.67210", "2007-06-30": "1.68300", "2007-03-31": "1.68890", "2006-12-31": "1.72870", "2006-09-30": "1.71120", "2006-06-30": "1.70790", "2006-03-31": "1.73250", "2005-12-31": "1.75810", "2005-09-30": "1.81140", "2005-06-30": "1.92970", "2005-03-31": "2.20830"}, "Long-term Debt / Capital": {"2020-09-30": "0.48090", "2020-06-30": "0.50560", "2020-03-31": "0.52560", "2019-12-31": "0.42820", "2019-09-30": "0.44570", "2019-06-30": "0.45900", "2019-03-31": "0.42480", "2018-12-31": "0.42490", "2018-09-30": "0.43810", "2018-06-30": "0.42330", "2018-03-31": "0.49400", "2017-12-31": "0.53140", "2017-09-30": "0.51460", "2017-06-30": "0.44410", "2017-03-31": "0.48910", "2016-12-31": "0.41570", "2016-09-30": "0.40870", "2016-06-30": "0.49770", "2016-03-31": "0.42240", "2015-12-31": "0.42690", "2015-09-30": "0.23890", "2015-06-30": "0.24480", "2015-03-31": "0.31180", "2014-12-31": "0.46760", "2014-09-30": "0.48190", "2014-06-30": "0.40540", "2014-03-31": "0.40680", "2013-12-31": "0.40300", "2013-09-30": "0.46310", "2013-06-30": "0.46490", "2013-03-31": "0.45660", "2012-12-31": "0.25070", "2012-09-30": "0.25660", "2012-06-30": "0.26530", "2012-03-31": "0.22740", "2011-12-31": "0.22320", "2011-09-30": "0.17700", "2011-06-30": "0.17880", "2011-03-31": "0.18250", "2010-12-31": "0.18570", "2010-09-30": "0.18910", "2010-06-30": "0.31930", "2010-03-31": "0.22430", "2009-12-31": "0.22650", "2009-09-30": "0.22450", "2009-06-30": "0.22660", "2009-03-31": "0.22710", "2008-12-31": "0.23670", "2008-09-30": "0.28240", "2008-06-30": "0.28880", "2008-03-31": "0.28460", "2007-12-31": "0.28970", "2007-09-30": "0.04090", "2007-06-30": "0.06270", "2007-03-31": "0.06490", "2006-12-31": "0.09670", "2006-09-30": "0.03560", "2006-06-30": "0.03690", "2006-03-31": "", "2005-12-31": "", "2005-09-30": "0.00450", "2005-06-30": "0.01360", "2005-03-31": "0.01360"}, "Debt/Equity Ratio": {"2020-09-30": "0.92640", "2020-06-30": "1.02250", "2020-03-31": "1.12390", "2019-12-31": "0.74900", "2019-09-30": "0.81210", "2019-06-30": "0.88590", "2019-03-31": "0.84630", "2018-12-31": "0.88520", "2018-09-30": "0.96930", "2018-06-30": "1.02590", "2018-03-31": "1.34060", "2017-12-31": "1.62230", "2017-09-30": "1.60740", "2017-06-30": "1.30700", "2017-03-31": "0.95770", "2016-12-31": "0.99760", "2016-09-30": "0.96690", "2016-06-30": "0.99150", "2016-03-31": "1.01760", "2015-12-31": "1.03340", "2015-09-30": "0.61080", "2015-06-30": "0.62880", "2015-03-31": "0.87580", "2014-12-31": "0.87820", "2014-09-30": "0.94250", "2014-06-30": "0.88400", "2014-03-31": "0.89040", "2013-12-31": "0.87900", "2013-09-30": "0.86260", "2013-06-30": "0.86890", "2013-03-31": "0.84160", "2012-12-31": "0.33610", "2012-09-30": "0.34660", "2012-06-30": "0.36260", "2012-03-31": "0.29570", "2011-12-31": "0.28890", "2011-09-30": "0.21500", "2011-06-30": "0.21770", "2011-03-31": "0.22330", "2010-12-31": "0.22810", "2010-09-30": "0.23320", "2010-06-30": "0.46920", "2010-03-31": "0.28920", "2009-12-31": "0.29280", "2009-09-30": "0.28940", "2009-06-30": "0.29290", "2009-03-31": "0.29380", "2008-12-31": "0.31010", "2008-09-30": "0.39360", "2008-06-30": "0.40610", "2008-03-31": "0.39780", "2007-12-31": "0.40780", "2007-09-30": "0.04270", "2007-06-30": "0.06690", "2007-03-31": "0.06940", "2006-12-31": "0.10710", "2006-09-30": "0.03690", "2006-06-30": "0.03830", "2006-03-31": "", "2005-12-31": "", "2005-09-30": "0.00500", "2005-06-30": "0.01430", "2005-03-31": "0.01430"}, "Gross Margin": {"2020-09-30": "18.38280", "2020-06-30": "22.08750", "2020-03-31": "18.31170", "2019-12-31": "17.05660", "2019-09-30": "16.96910", "2019-06-30": "17.33840", "2019-03-31": "18.15980", "2018-12-31": "18.73930", "2018-09-30": "16.94700", "2018-06-30": "18.73850", "2018-03-31": "17.30520", "2017-12-31": "11.61850", "2017-09-30": "13.67520", "2017-06-30": "7.68150", "2017-03-31": "13.68270", "2016-12-31": "12.50550", "2016-09-30": "14.93620", "2016-06-30": "14.88870", "2016-03-31": "14.46010", "2015-12-31": "14.67320", "2015-09-30": "15.53590", "2015-06-30": "15.97160", "2015-03-31": "15.73640", "2014-12-31": "15.70630", "2014-09-30": "13.94520", "2014-06-30": "14.73300", "2014-03-31": "14.83290", "2013-12-31": "14.63990", "2013-09-30": "15.63370", "2013-06-30": "16.92720", "2013-03-31": "16.51880", "2012-12-31": "16.80130", "2012-09-30": "11.89200", "2012-06-30": "8.85320", "2012-03-31": "15.44170", "2011-12-31": "18.17090", "2011-09-30": "15.55000", "2011-06-30": "15.29680", "2011-03-31": "15.62490", "2010-12-31": "16.79140", "2010-09-30": "15.93660", "2010-06-30": "14.55670", "2010-03-31": "14.88770", "2009-12-31": "12.63740", "2009-09-30": "13.50130", "2009-06-30": "13.40930", "2009-03-31": "14.30180", "2008-12-31": "15.71970", "2008-09-30": "15.94490", "2008-06-30": "16.39450", "2008-03-31": "15.01880", "2007-12-31": "17.47870", "2007-09-30": "17.31540", "2007-06-30": "15.80470", "2007-03-31": "15.35360", "2006-12-31": "15.77740", "2006-09-30": "16.73450", "2006-06-30": "17.10960", "2006-03-31": "15.46820", "2005-12-31": "15.96450", "2005-09-30": "14.46510", "2005-06-30": "8.60410", "2005-03-31": "15.44300"}, "Operating Margin": {"2020-09-30": "5.75580", "2020-06-30": "9.18150", "2020-03-31": "6.02330", "2019-12-31": "5.66210", "2019-09-30": "6.05700", "2019-06-30": "6.32010", "2019-03-31": "6.79780", "2018-12-31": "5.83190", "2018-09-30": "6.28060", "2018-06-30": "7.00390", "2018-03-31": "4.77830", "2017-12-31": "-5.43540", "2017-09-30": "-1.61000", "2017-06-30": "-5.74110", "2017-03-31": "1.67210", "2016-12-31": "-0.13230", "2016-09-30": "2.59570", "2016-06-30": "2.40880", "2016-03-31": "2.04930", "2015-12-31": "1.96330", "2015-09-30": "3.12930", "2015-06-30": "3.29080", "2015-03-31": "2.58590", "2014-12-31": "3.44570", "2014-09-30": "1.60120", "2014-06-30": "1.40250", "2014-03-31": "1.17270", "2013-12-31": "-0.13160", "2013-09-30": "1.47750", "2013-06-30": "2.89230", "2013-03-31": "4.26770", "2012-12-31": "3.59790", "2012-09-30": "0.15370", "2012-06-30": "-3.34180", "2012-03-31": "2.43300", "2011-12-31": "3.67270", "2011-09-30": "2.85250", "2011-06-30": "2.69130", "2011-03-31": "2.79540", "2010-12-31": "3.09340", "2010-09-30": "2.88250", "2010-06-30": "2.11920", "2010-03-31": "2.11410", "2009-12-31": "-0.60200", "2009-09-30": "1.64640", "2009-06-30": "2.10090", "2009-03-31": "2.68990", "2008-12-31": "2.75900", "2008-09-30": "3.82120", "2008-06-30": "3.94760", "2008-03-31": "3.31750", "2007-12-31": "4.50730", "2007-09-30": "4.53040", "2007-06-30": "3.63000", "2007-03-31": "2.94810", "2006-12-31": "3.54090", "2006-09-30": "3.95350", "2006-06-30": "4.48610", "2006-03-31": "3.12190", "2005-12-31": "4.15340", "2005-09-30": "2.53870", "2005-06-30": "-1.67540", "2005-03-31": "6.11600"}, "EBIT Margin": {"2020-09-30": "5.75580", "2020-06-30": "9.18150", "2020-03-31": "6.02330", "2019-12-31": "5.66210", "2019-09-30": "6.05700", "2019-06-30": "6.32010", "2019-03-31": "6.79780", "2018-12-31": "5.83190", "2018-09-30": "6.28060", "2018-06-30": "7.00390", "2018-03-31": "4.77830", "2017-12-31": "-5.43540", "2017-09-30": "-1.61000", "2017-06-30": "-5.74110", "2017-03-31": "1.67210", "2016-12-31": "-0.13230", "2016-09-30": "2.59570", "2016-06-30": "2.40880", "2016-03-31": "2.04930", "2015-12-31": "1.96330", "2015-09-30": "3.12930", "2015-06-30": "3.29080", "2015-03-31": "2.58590", "2014-12-31": "3.44570", "2014-09-30": "1.60120", "2014-06-30": "1.40250", "2014-03-31": "1.17270", "2013-12-31": "-0.13160", "2013-09-30": "1.47750", "2013-06-30": "2.89230", "2013-03-31": "4.26770", "2012-12-31": "3.59790", "2012-09-30": "0.15370", "2012-06-30": "-3.34180", "2012-03-31": "2.43300", "2011-12-31": "3.67270", "2011-09-30": "2.85250", "2011-06-30": "2.69130", "2011-03-31": "2.79540", "2010-12-31": "3.09340", "2010-09-30": "2.88250", "2010-06-30": "2.11920", "2010-03-31": "2.11410", "2009-12-31": "-0.60200", "2009-09-30": "1.64640", "2009-06-30": "2.10090", "2009-03-31": "2.68990", "2008-12-31": "2.75900", "2008-09-30": "3.82120", "2008-06-30": "3.94760", "2008-03-31": "3.31750", "2007-12-31": "4.50730", "2007-09-30": "4.53040", "2007-06-30": "3.63000", "2007-03-31": "2.94810", "2006-12-31": "3.54090", "2006-09-30": "3.95350", "2006-06-30": "4.48610", "2006-03-31": "3.12190", "2005-12-31": "4.15340", "2005-09-30": "2.53870", "2005-06-30": "-1.67540", "2005-03-31": "6.11600"}, "EBITDA Margin": {"2020-09-30": "", "2020-06-30": "", "2020-03-31": "", "2019-12-31": "", "2019-09-30": "", "2019-06-30": "", "2019-03-31": "", "2018-12-31": "", "2018-09-30": "", "2018-06-30": "", "2018-03-31": "", "2017-12-31": "", "2017-09-30": "", "2017-06-30": "", "2017-03-31": "", "2016-12-31": "", "2016-09-30": "", "2016-06-30": "", "2016-03-31": "", "2015-12-31": "", "2015-09-30": "", "2015-06-30": "", "2015-03-31": "", "2014-12-31": "", "2014-09-30": "", "2014-06-30": "", "2014-03-31": "", "2013-12-31": "", "2013-09-30": "", "2013-06-30": "", "2013-03-31": "", "2012-12-31": "", "2012-09-30": "", "2012-06-30": "", "2012-03-31": "", "2011-12-31": "", "2011-09-30": "", "2011-06-30": "", "2011-03-31": "", "2010-12-31": "", "2010-09-30": "", "2010-06-30": "", "2010-03-31": "", "2009-12-31": "", "2009-09-30": "", "2009-06-30": "", "2009-03-31": "", "2008-12-31": "", "2008-09-30": "", "2008-06-30": "", "2008-03-31": "", "2007-12-31": "", "2007-09-30": "", "2007-06-30": "", "2007-03-31": "", "2006-12-31": "", "2006-09-30": "", "2006-06-30": "", "2006-03-31": "", "2005-12-31": "", "2005-09-30": "", "2005-06-30": "", "2005-03-31": ""}, "Pre-Tax Profit Margin": {"2020-09-30": "5.21810", "2020-06-30": "8.55350", "2020-03-31": "5.56170", "2019-12-31": "5.19420", "2019-09-30": "5.49140", "2019-06-30": "6.12930", "2019-03-31": "6.31220", "2018-12-31": "5.48890", "2018-09-30": "5.51420", "2018-06-30": "6.24620", "2018-03-31": "3.85280", "2017-12-31": "-6.38510", "2017-09-30": "-2.24610", "2017-06-30": "-6.28130", "2017-03-31": "2.67130", "2016-12-31": "-0.68370", "2016-09-30": "2.02380", "2016-06-30": "1.83530", "2016-03-31": "1.47360", "2015-12-31": "1.44670", "2015-09-30": "2.71390", "2015-06-30": "2.86520", "2015-03-31": "2.11290", "2014-12-31": "2.91180", "2014-09-30": "0.98610", "2014-06-30": "0.79770", "2014-03-31": "0.50690", "2013-12-31": "-0.97680", "2013-09-30": "0.67680", "2013-06-30": "1.94770", "2013-03-31": "3.45620", "2012-12-31": "3.33340", "2012-09-30": "-0.13840", "2012-06-30": "-3.67260", "2012-03-31": "2.12010", "2011-12-31": "3.31480", "2011-09-30": "2.48030", "2011-06-30": "2.37570", "2011-03-31": "2.47360", "2010-12-31": "2.77390", "2010-09-30": "2.43980", "2010-06-30": "1.70900", "2010-03-31": "1.76690", "2009-12-31": "-1.00230", "2009-09-30": "1.28860", "2009-06-30": "1.75350", "2009-03-31": "2.29330", "2008-12-31": "2.35060", "2008-09-30": "3.42940", "2008-06-30": "3.50080", "2008-03-31": "2.86050", "2007-12-31": "4.03280", "2007-09-30": "4.44710", "2007-06-30": "3.51190", "2007-03-31": "2.74830", "2006-12-31": "3.41040", "2006-09-30": "3.82890", "2006-06-30": "4.36700", "2006-03-31": "3.03060", "2005-12-31": "4.09640", "2005-09-30": "2.40310", "2005-06-30": "-1.87770", "2005-03-31": "6.04260"}, "Net Profit Margin": {"2020-09-30": "3.68450", "2020-06-30": "5.97660", "2020-03-31": "3.91290", "2019-12-31": "3.93070", "2019-09-30": "4.12440", "2019-06-30": "4.67450", "2019-03-31": "4.80700", "2018-12-31": "4.30960", "2018-09-30": "4.19420", "2018-06-30": "4.13680", "2018-03-31": "2.30310", "2017-12-31": "-5.29400", "2017-09-30": "-1.92800", "2017-06-30": "-4.60090", "2017-03-31": "1.57010", "2016-12-31": "-1.03660", "2016-09-30": "0.92390", "2016-06-30": "0.75710", "2016-03-31": "0.55260", "2015-12-31": "0.77500", "2015-09-30": "1.27390", "2015-06-30": "1.10640", "2015-03-31": "0.88300", "2014-12-31": "1.19830", "2014-09-30": "0.64890", "2014-06-30": "0.33780", "2014-03-31": "0.21740", "2013-12-31": "-0.53090", "2013-09-30": "0.44860", "2013-06-30": "1.53010", "2013-03-31": "1.88100", "2012-12-31": "1.68560", "2012-09-30": "0.21840", "2012-06-30": "-2.52210", "2012-03-31": "1.31690", "2011-12-31": "-3.06110", "2011-09-30": "1.61040", "2011-06-30": "1.49430", "2011-03-31": "1.55290", "2010-12-31": "1.63110", "2010-09-30": "1.55640", "2010-06-30": "1.05860", "2010-03-31": "1.09540", "2009-12-31": "-0.46380", "2009-09-30": "0.93440", "2009-06-30": "1.57020", "2009-03-31": "1.41820", "2008-12-31": "1.82400", "2008-09-30": "2.06950", "2008-06-30": "2.06430", "2008-03-31": "1.69260", "2007-12-31": "2.54650", "2007-09-30": "2.75350", "2007-06-30": "2.16880", "2007-03-31": "1.70400", "2006-12-31": "2.11890", "2006-09-30": "2.38490", "2006-06-30": "2.71380", "2006-03-31": "1.89470", "2005-12-31": "2.53580", "2005-09-30": "1.58910", "2005-06-30": "-1.16410", "2005-03-31": "3.74640"}, "Asset Turnover": {"2020-09-30": "0.63710", "2020-06-30": "0.58630", "2020-03-31": "0.63810", "2019-12-31": "0.62970", "2019-09-30": "0.63320", "2019-06-30": "0.62680", "2019-03-31": "0.54350", "2018-12-31": "0.65190", "2018-09-30": "0.58340", "2018-06-30": "0.55720", "2018-03-31": "0.50870", "2017-12-31": "0.58420", "2017-09-30": "0.56190", "2017-06-30": "0.58240", "2017-03-31": "0.61010", "2016-12-31": "0.60870", "2016-09-30": "0.60050", "2016-06-30": "0.60520", "2016-03-31": "0.60460", "2015-12-31": "0.58870", "2015-09-30": "0.61050", "2015-06-30": "0.61450", "2015-03-31": "0.61340", "2014-12-31": "0.63160", "2014-09-30": "0.61250", "2014-06-30": "0.66980", "2014-03-31": "0.62830", "2013-12-31": "0.56800", "2013-09-30": "0.57680", "2013-06-30": "0.62240", "2013-03-31": "0.63920", "2012-12-31": "0.78630", "2012-09-30": "0.80760", "2012-06-30": "0.77140", "2012-03-31": "0.78940", "2011-12-31": "0.65170", "2011-09-30": "0.72710", "2011-06-30": "0.72920", "2011-03-31": "0.70730", "2010-12-31": "0.71610", "2010-09-30": "0.72590", "2010-06-30": "0.73400", "2010-03-31": "0.81170", "2009-12-31": "0.77510", "2009-09-30": "0.74880", "2009-06-30": "0.77100", "2009-03-31": "0.71340", "2008-12-31": "0.70770", "2008-09-30": "0.68780", "2008-06-30": "0.65410", "2008-03-31": "0.64350", "2007-12-31": "0.58020", "2007-09-30": "0.67230", "2007-06-30": "0.66530", "2007-03-31": "0.64180", "2006-12-31": "0.63570", "2006-09-30": "0.66550", "2006-06-30": "0.64910", "2006-03-31": "0.68780", "2005-12-31": "0.64130", "2005-09-30": "0.72410", "2005-06-30": "0.72760", "2005-03-31": "0.72540"}, "Inventory Turnover Ratio": {"2020-09-30": "", "2020-06-30": "", "2020-03-31": "", "2019-12-31": "", "2019-09-30": "", "2019-06-30": "", "2019-03-31": "", "2018-12-31": "", "2018-09-30": "", "2018-06-30": "", "2018-03-31": "", "2017-12-31": "", "2017-09-30": "", "2017-06-30": "", "2017-03-31": "", "2016-12-31": "", "2016-09-30": "", "2016-06-30": "", "2016-03-31": "", "2015-12-31": "", "2015-09-30": "", "2015-06-30": "", "2015-03-31": "", "2014-12-31": "", "2014-09-30": "", "2014-06-30": "", "2014-03-31": "", "2013-12-31": "", "2013-09-30": "", "2013-06-30": "", "2013-03-31": "", "2012-12-31": "", "2012-09-30": "", "2012-06-30": "", "2012-03-31": "", "2011-12-31": "", "2011-09-30": "", "2011-06-30": "", "2011-03-31": "", "2010-12-31": "", "2010-09-30": "", "2010-06-30": "", "2010-03-31": "", "2009-12-31": "", "2009-09-30": "", "2009-06-30": "", "2009-03-31": "", "2008-12-31": "", "2008-09-30": "", "2008-06-30": "", "2008-03-31": "", "2007-12-31": "", "2007-09-30": "", "2007-06-30": "", "2007-03-31": "", "2006-12-31": "", "2006-09-30": "", "2006-06-30": "", "2006-03-31": "", "2005-12-31": "", "2005-09-30": "", "2005-06-30": "", "2005-03-31": ""}, "Receiveable Turnover": {"2020-09-30": "2.82870", "2020-06-30": "2.92280", "2020-03-31": "2.83780", "2019-12-31": "3.03980", "2019-09-30": "3.31480", "2019-06-30": "3.38420", "2019-03-31": "3.03090", "2018-12-31": "3.50680", "2018-09-30": "3.48960", "2018-06-30": "4.25350", "2018-03-31": "4.89050", "2017-12-31": "5.68200", "2017-09-30": "4.73730", "2017-06-30": "4.65460", "2017-03-31": "4.87480", "2016-12-31": "4.47580", "2016-09-30": "4.31720", "2016-06-30": "4.21160", "2016-03-31": "4.82020", "2015-12-31": "6.34590", "2015-09-30": "5.82520", "2015-06-30": "5.58530", "2015-03-31": "6.45260", "2014-12-31": "4.70030", "2014-09-30": "5.73270", "2014-06-30": "4.71610", "2014-03-31": "5.64850", "2013-12-31": "5.14260", "2013-09-30": "5.73900", "2013-06-30": "7.51180", "2013-03-31": "10.58500", "2012-12-31": "10.16360", "2012-09-30": "8.08740", "2012-06-30": "7.68810", "2012-03-31": "5.78180", "2011-12-31": "5.99590", "2011-09-30": "6.33260", "2011-06-30": "6.75900", "2011-03-31": "6.57040", "2010-12-31": "6.42580", "2010-09-30": "4.55160", "2010-06-30": "6.38400", "2010-03-31": "7.33870", "2009-12-31": "6.75600", "2009-09-30": "6.35900", "2009-06-30": "6.12510", "2009-03-31": "5.43440", "2008-12-31": "6.12840", "2008-09-30": "4.69090", "2008-06-30": "6.74750", "2008-03-31": "6.26990", "2007-12-31": "6.09330", "2007-09-30": "5.12330", "2007-06-30": "5.64110", "2007-03-31": "5.05330", "2006-12-31": "4.62580", "2006-09-30": "5.71300", "2006-06-30": "5.91120", "2006-03-31": "6.13630", "2005-12-31": "5.75450", "2005-09-30": "6.02060", "2005-06-30": "4.99690", "2005-03-31": "5.31540"}, "Days Sales In Receivables": {"2020-09-30": "31.81640", "2020-06-30": "30.79260", "2020-03-31": "31.71470", "2019-12-31": "29.60690", "2019-09-30": "27.15060", "2019-06-30": "26.59430", "2019-03-31": "29.69410", "2018-12-31": "25.66470", "2018-09-30": "25.79090", "2018-06-30": "21.15910", "2018-03-31": "18.40290", "2017-12-31": "15.83960", "2017-09-30": "18.99820", "2017-06-30": "19.33590", "2017-03-31": "18.46250", "2016-12-31": "20.10810", "2016-09-30": "20.84690", "2016-06-30": "21.36960", "2016-03-31": "18.67140", "2015-12-31": "14.18240", "2015-09-30": "15.45010", "2015-06-30": "16.11380", "2015-03-31": "13.94790", "2014-12-31": "19.14780", "2014-09-30": "15.69930", "2014-06-30": "19.08340", "2014-03-31": "15.93330", "2013-12-31": "17.50080", "2013-09-30": "15.68220", "2013-06-30": "11.98120", "2013-03-31": "8.50260", "2012-12-31": "8.85510", "2012-09-30": "11.12850", "2012-06-30": "11.70640", "2012-03-31": "15.56600", "2011-12-31": "15.01020", "2011-09-30": "14.21220", "2011-06-30": "13.31560", "2011-03-31": "13.69790", "2010-12-31": "14.00610", "2010-09-30": "19.77310", "2010-06-30": "14.09770", "2010-03-31": "12.26380", "2009-12-31": "13.32150", "2009-09-30": "14.15320", "2009-06-30": "14.69360", "2009-03-31": "16.56110", "2008-12-31": "14.68580", "2008-09-30": "19.18600", "2008-06-30": "13.33840", "2008-03-31": "14.35440", "2007-12-31": "14.77030", "2007-09-30": "17.56680", "2007-06-30": "15.95430", "2007-03-31": "17.81010", "2006-12-31": "19.45620", "2006-09-30": "15.75360", "2006-06-30": "15.22540", "2006-03-31": "14.66680", "2005-12-31": "15.63990", "2005-09-30": "14.94870", "2005-06-30": "18.01120", "2005-03-31": "16.93190"}, "ROE - Return On Equity": {"2020-09-30": "8.40530", "2020-06-30": "13.82770", "2020-03-31": "10.80750", "2019-12-31": "8.57140", "2019-09-30": "9.55760", "2019-06-30": "11.29030", "2019-03-31": "10.79020", "2018-12-31": "12.20400", "2018-09-30": "12.62010", "2018-06-30": "12.18340", "2018-03-31": "6.88990", "2017-12-31": "-19.59610", "2017-09-30": "-6.78800", "2017-06-30": "-15.12160", "2017-03-31": "4.45860", "2016-12-31": "-2.85020", "2016-09-30": "2.48370", "2016-06-30": "2.01100", "2016-03-31": "1.50940", "2015-12-31": "1.92680", "2015-09-30": "3.03030", "2015-06-30": "2.66560", "2015-03-31": "2.68720", "2014-12-31": "3.30250", "2014-09-30": "1.66650", "2014-06-30": "0.84410", "2014-03-31": "0.53850", "2013-12-31": "-0.99350", "2013-09-30": "0.84590", "2013-06-30": "1.80240", "2013-03-31": "3.99400", "2012-12-31": "3.57900", "2012-09-30": "-0.02190", "2012-06-30": "-4.43120", "2012-03-31": "2.33310", "2011-12-31": "3.12690", "2011-09-30": "2.42380", "2011-06-30": "2.27720", "2011-03-31": "2.34810", "2010-12-31": "2.45150", "2010-09-30": "2.31790", "2010-06-30": "1.86300", "2010-03-31": "1.91220", "2009-12-31": "-0.82400", "2009-09-30": "1.57200", "2009-06-30": "2.72660", "2009-03-31": "2.30970", "2008-12-31": "2.78700", "2008-09-30": "3.24350", "2008-06-30": "3.21310", "2008-03-31": "2.48100", "2007-12-31": "3.52860", "2007-09-30": "3.73860", "2007-06-30": "2.96760", "2007-03-31": "2.21980", "2006-12-31": "2.77130", "2006-09-30": "3.03520", "2006-06-30": "3.35890", "2006-03-31": "2.28480", "2005-12-31": "2.95770", "2005-09-30": "1.94000", "2005-06-30": "-1.36750", "2005-03-31": "4.25670"}, "Return On Tangible Equity": {"2020-09-30": "9.55580", "2020-06-30": "15.06550", "2020-03-31": "12.03520", "2019-12-31": "9.39600", "2019-09-30": "10.57400", "2019-06-30": "12.59640", "2019-03-31": "12.00000", "2018-12-31": "13.79550", "2018-09-30": "14.42170", "2018-06-30": "13.86410", "2018-03-31": "8.21180", "2017-12-31": "-24.21440", "2017-09-30": "-10.80180", "2017-06-30": "-27.05880", "2017-03-31": "7.88930", "2016-12-31": "-5.28680", "2016-09-30": "4.55040", "2016-06-30": "3.73300", "2016-03-31": "2.91970", "2015-12-31": "3.27510", "2015-09-30": "4.18040", "2015-06-30": "3.51160", "2015-03-31": "4.08610", "2014-12-31": "5.13940", "2014-09-30": "2.50070", "2014-06-30": "1.29480", "2014-03-31": "0.84300", "2013-12-31": "-1.57470", "2013-09-30": "1.35500", "2013-06-30": "2.41440", "2013-03-31": "5.64960", "2012-12-31": "5.05840", "2012-09-30": "-0.03180", "2012-06-30": "-6.55220", "2012-03-31": "3.42510", "2011-12-31": "4.72840", "2011-09-30": "3.90850", "2011-06-30": "3.77380", "2011-03-31": "4.04400", "2010-12-31": "4.39240", "2010-09-30": "4.38050", "2010-06-30": "4.37830", "2010-03-31": "3.08550", "2009-12-31": "-1.36140", "2009-09-30": "2.58990", "2009-06-30": "4.41180", "2009-03-31": "3.73440", "2008-12-31": "4.36960", "2008-09-30": "5.36260", "2008-06-30": "5.48890", "2008-03-31": "4.18830", "2007-12-31": "6.11000", "2007-09-30": "5.22870", "2007-06-30": "4.27590", "2007-03-31": "3.28230", "2006-12-31": "4.20320", "2006-09-30": "4.75320", "2006-06-30": "5.46050", "2006-03-31": "3.39430", "2005-12-31": "4.51050", "2005-09-30": "3.00390", "2005-06-30": "-2.15050", "2005-03-31": "5.91310"}, "ROA - Return On Assets": {"2020-09-30": "2.34740", "2020-06-30": "3.50430", "2020-03-31": "2.49680", "2019-12-31": "2.47530", "2019-09-30": "2.61160", "2019-06-30": "2.92970", "2019-03-31": "2.61250", "2018-12-31": "2.80960", "2018-09-30": "2.44690", "2018-06-30": "2.30510", "2018-03-31": "1.17160", "2017-12-31": "-3.09290", "2017-09-30": "-1.08330", "2017-06-30": "-2.67970", "2017-03-31": "0.95790", "2016-12-31": "-0.63100", "2016-09-30": "0.55480", "2016-06-30": "0.45820", "2016-03-31": "0.33410", "2015-12-31": "0.45620", "2015-09-30": "0.77770", "2015-06-30": "0.67990", "2015-03-31": "0.54160", "2014-12-31": "0.75210", "2014-09-30": "0.39620", "2014-06-30": "0.22420", "2014-03-31": "0.14680", "2013-12-31": "-0.29540", "2013-09-30": "0.25820", "2013-06-30": "0.61230", "2013-03-31": "1.22670", "2012-12-31": "1.44710", "2012-09-30": "-0.00870", "2012-06-30": "-1.72400", "2012-03-31": "1.03960", "2011-12-31": "1.42910", "2011-09-30": "1.17100", "2011-06-30": "1.08970", "2011-03-31": "1.09830", "2010-12-31": "1.16800", "2010-09-30": "1.12980", "2010-06-30": "0.77710", "2010-03-31": "0.88920", "2009-12-31": "-0.35950", "2009-09-30": "0.69970", "2009-06-30": "1.21060", "2009-03-31": "1.01170", "2008-12-31": "1.29090", "2008-09-30": "1.42330", "2008-06-30": "1.35040", "2008-03-31": "1.08910", "2007-12-31": "1.47760", "2007-09-30": "1.85120", "2007-06-30": "1.44290", "2007-03-31": "1.09370", "2006-12-31": "1.34690", "2006-09-30": "1.58710", "2006-06-30": "1.76150", "2006-03-31": "1.30310", "2005-12-31": "1.62620", "2005-09-30": "1.15060", "2005-06-30": "-0.84700", "2005-03-31": "2.71750"}, "ROI - Return On Investment": {"2020-09-30": "4.36320", "2020-06-30": "6.83680", "2020-03-31": "5.12670", "2019-12-31": "4.90080", "2019-09-30": "5.29820", "2019-06-30": "6.10780", "2019-03-31": "6.20690", "2018-12-31": "7.01820", "2018-09-30": "7.09140", "2018-06-30": "7.02610", "2018-03-31": "3.48650", "2017-12-31": "-9.18330", "2017-09-30": "-3.29480", "2017-06-30": "-8.40640", "2017-03-31": "2.27810", "2016-12-31": "-1.66550", "2016-09-30": "1.46850", "2016-06-30": "1.01010", "2016-03-31": "0.87180", "2015-12-31": "1.10420", "2015-09-30": "2.30640", "2015-06-30": "2.01300", "2015-03-31": "1.84940", "2014-12-31": "1.75830", "2014-09-30": "0.86340", "2014-06-30": "0.50190", "2014-03-31": "0.31940", "2013-12-31": "-0.59310", "2013-09-30": "0.45420", "2013-06-30": "0.96440", "2013-03-31": "2.17050", "2012-12-31": "2.68160", "2012-09-30": "-0.01620", "2012-06-30": "-3.25570", "2012-03-31": "1.80270", "2011-12-31": "2.42900", "2011-09-30": "1.99490", "2011-06-30": "1.87010", "2011-03-31": "1.91950", "2010-12-31": "1.99620", "2010-09-30": "1.87960", "2010-06-30": "1.26810", "2010-03-31": "1.48330", "2009-12-31": "-0.63740", "2009-09-30": "1.21920", "2009-06-30": "2.10890", "2009-03-31": "1.78520", "2008-12-31": "2.12740", "2008-09-30": "2.32740", "2008-06-30": "2.28510", "2008-03-31": "1.77500", "2007-12-31": "2.50650", "2007-09-30": "3.58550", "2007-06-30": "2.78160", "2007-03-31": "2.07570", "2006-12-31": "2.50320", "2006-09-30": "2.92730", "2006-06-30": "3.23500", "2006-03-31": "2.28480", "2005-12-31": "2.95770", "2005-09-30": "1.93120", "2005-06-30": "-1.34900", "2005-03-31": "4.19880"}, "Book Value Per Share": {"2020-09-30": "37.30510", "2020-06-30": "33.83050", "2020-03-31": "27.91530", "2019-12-31": "31.61290", "2019-09-30": "29.06350", "2019-06-30": "27.55560", "2019-03-31": "29.12700", "2018-12-31": "26.56450", "2018-09-30": "25.17740", "2018-06-30": "26.74190", "2018-03-31": "25.04840", "2017-12-31": "22.28330", "2017-09-30": "25.07020", "2017-06-30": "26.68420", "2017-03-31": "30.29830", "2016-12-31": "28.92980", "2016-09-30": "29.66670", "2016-06-30": "28.78950", "2016-03-31": "27.89470", "2015-12-31": "27.80360", "2015-09-30": "27.07110", "2015-06-30": "26.10360", "2015-03-31": "20.87830", "2014-12-31": "20.20000", "2014-09-30": "19.97330", "2014-06-30": "19.72450", "2014-03-31": "19.40470", "2013-12-31": "19.46630", "2013-09-30": "19.51280", "2013-06-30": "19.18410", "2013-03-31": "16.82700", "2012-12-31": "16.72970", "2012-09-30": "16.21180", "2012-06-30": "16.03390", "2012-03-31": "16.72840", "2011-12-31": "16.48090", "2011-09-30": "17.11140", "2011-06-30": "16.62670", "2011-03-31": "16.15840", "2010-12-31": "15.81630", "2010-09-30": "15.39890", "2010-06-30": "14.66700", "2010-03-31": "14.35080", "2009-12-31": "14.12990", "2009-09-30": "14.21510", "2009-06-30": "13.94950", "2009-03-31": "13.56100", "2008-12-31": "13.26500", "2008-09-30": "12.36550", "2008-06-30": "11.95870", "2008-03-31": "11.77040", "2007-12-31": "11.49580", "2007-09-30": "11.01680", "2007-06-30": "10.57480", "2007-03-31": "10.21590", "2006-12-31": "9.96160", "2006-09-30": "9.65620", "2006-06-30": "9.32410", "2006-03-31": "8.97230", "2005-12-31": "8.70390", "2005-09-30": "8.43000", "2005-06-30": "8.27020", "2005-03-31": "8.35450"}, "Operating Cash Flow Per Share": {"2020-09-30": -2.6933, "2020-06-30": 10.3799, "2020-03-31": "2.22950", "2019-12-31": 0.414, "2019-09-30": 3.8204, "2019-06-30": -1.3238, "2019-03-31": "3.76130", "2018-12-31": -1.8736, "2018-09-30": -7.5206, "2018-06-30": -1.3353, "2018-03-31": "6.04290", "2017-12-31": -2.581, "2017-09-30": 4.9381, "2017-06-30": -0.8393, "2017-03-31": "12.83930", "2016-12-31": 0.6715, "2016-09-30": 6.2491, "2016-06-30": 2.6159, "2016-03-31": "2.43860", "2015-12-31": 4.9893, "2015-09-30": 3.1, "2015-06-30": 0.92, "2015-03-31": "11.08000", "2014-12-31": 4.7904, "2014-09-30": 12.3878, "2014-06-30": 0.467, "2014-03-31": "4.43810", "2013-12-31": 1.6682, "2013-09-30": 4.7772, "2013-06-30": -2.8357, "2013-03-31": "0.43290", "2012-12-31": 1.7679, "2012-09-30": 0.5411, "2012-06-30": 4.0121, "2012-03-31": "1.07870", "2011-12-31": 1.5035, "2011-09-30": 0.879, "2011-06-30": 0.6539, "2011-03-31": "1.81860", "2010-12-31": 3.6539, "2010-09-30": -0.4415, "2010-06-30": 1.3411, "2010-03-31": "-0.67670", "2009-12-31": 0.5975, "2009-09-30": 0.9448, "2009-06-30": 0.7645, "2009-03-31": "1.67950", "2008-12-31": 1.4605, "2008-09-30": -1.4242, "2008-06-30": 1.4814, "2008-03-31": "-0.54720", "2007-12-31": 1.0762, "2007-09-30": 0.578, "2007-06-30": 1.2204, "2007-03-31": "0.84650", "2006-12-31": 0.8418, "2006-09-30": 0.6701, "2006-06-30": -0.0606, "2006-03-31": "0.97060", "2005-12-31": 0.865, "2005-09-30": 1.2459, "2005-06-30": 0.1448, "2005-03-31": "0.05810"}, "Free Cash Flow Per Share": {"2020-09-30": -3.0096, "2020-06-30": 9.9667, "2020-03-31": "1.88520", "2019-12-31": -0.0049, "2019-09-30": 3.6612, "2019-06-30": -1.5457, "2019-03-31": "3.67070", "2018-12-31": -1.9679, "2018-09-30": -7.6642, "2018-06-30": -1.4838, "2018-03-31": "5.98160", "2017-12-31": -2.6122, "2017-09-30": 4.505, "2017-06-30": -1.4464, "2017-03-31": "12.37500", "2016-12-31": 0.0934, "2016-09-30": 5.55, "2016-06-30": 1.5684, "2016-03-31": "1.63160", "2015-12-31": 4.3154, "2015-09-30": 2.6389, "2015-06-30": 0.1978, "2015-03-31": "10.58000", "2014-12-31": 3.87, "2014-09-30": 11.6971, "2014-06-30": 0.0567, "2014-03-31": "4.06370", "2013-12-31": 0.952, "2013-09-30": 4.1657, "2013-06-30": -3.3527, "2013-03-31": "0.19240", "2012-12-31": 1.2261, "2012-09-30": 0.1386, "2012-06-30": 3.5818, "2012-03-31": "0.79060", "2011-12-31": 1.1905, "2011-09-30": 0.5513, "2011-06-30": 0.3127, "2011-03-31": "1.49560", "2010-12-31": 3.2382, "2010-09-30": -0.7416, "2010-06-30": 1.0452, "2010-03-31": "-0.83090", "2009-12-31": 0.4156, "2009-09-30": 0.7198, "2009-06-30": 0.5113, "2009-03-31": "1.41930", "2008-12-31": 1.3121, "2008-09-30": -1.702, "2008-06-30": 1.2657, "2008-03-31": "-0.73800", "2007-12-31": 0.9402, "2007-09-30": 0.4364, "2007-06-30": 1.0608, "2007-03-31": "0.76060", "2006-12-31": 0.6738, "2006-09-30": 0.5306, "2006-06-30": -0.1468, "2006-03-31": "0.88390", "2005-12-31": 0.7658, "2005-09-30": 1.1766, "2005-06-30": 0.0333, "2005-03-31": "0.00600"}}, "revenue": {"Molina Healthcare Annual Revenue (Millions of US $)": {"2019": "$16,829", "2018": "$18,890", "2017": "$19,883", "2016": "$17,782", "2015": "$14,178", "2014": "$9,667", "2013": "$6,589", "2012": "$5,914", "2011": "$4,540", "2010": "$4,086", "2009": "$3,669", "2008": "$3,112", "2007": "$2,492", "2006": "$2,005", "2005": "$1,650"}, "Molina Healthcare Quarterly Revenue (Millions of US $)": {"2020-09-30": "$5,021", "2020-06-30": "$4,618", "2020-03-31": "$4,549", "2019-12-31": "$4,274", "2019-09-30": "$4,243", "2019-06-30": "$4,193", "2019-03-31": "$4,119", "2018-12-31": "$4,664", "2018-09-30": "$4,697", "2018-06-30": "$4,883", "2018-03-31": "$4,646", "2017-12-31": "$4,949", "2017-09-30": "$5,031", "2017-06-30": "$4,999", "2017-03-31": "$4,904", "2016-12-31": "$4,534", "2016-09-30": "$4,546", "2016-06-30": "$4,359", "2016-03-31": "$4,343", "2015-12-31": "$3,871", "2015-09-30": "$3,611", "2015-06-30": "$3,525", "2015-03-31": "$3,171", "2014-12-31": "$2,801", "2014-09-30": "$2,484", "2014-06-30": "$2,312", "2014-03-31": "$2,069", "2013-12-31": "$1,706", "2013-09-30": "$1,687", "2013-06-30": "$1,606", "2013-03-31": "$1,590", "2012-12-31": "$1,521", "2012-09-30": "$1,540", "2012-06-30": "$1,479", "2012-03-31": "$1,374", "2011-12-31": "$1,077", "2011-09-30": "$1,177", "2011-06-30": "$1,167", "2011-03-31": "$1,120", "2010-12-31": "$1,081", "2010-09-30": "$1,039", "2010-06-30": "$999", "2010-03-31": "$967", "2009-12-31": "$964", "2009-09-30": "$917", "2009-06-30": "$928", "2009-03-31": "$861", "2008-12-31": "$813", "2008-09-30": "$796", "2008-06-30": "$766", "2008-03-31": "$737", "2007-12-31": "$680", "2007-09-30": "$636", "2007-06-30": "$614", "2007-03-31": "$563", "2006-12-31": "$550", "2006-09-30": "$517", "2006-06-30": "$485", "2006-03-31": "$453", "2005-12-31": "$423", "2005-09-30": "$429", "2005-06-30": "$404", "2005-03-31": "$394"}}, "gross-profit": {"Molina Healthcare Annual Gross Profit (Millions of US $)": {"2019": "$2,924", "2018": "$3,389", "2017": "$2,318", "2016": "$2,523", "2015": "$2,191", "2014": "$1,434", "2013": "$1,048", "2012": "$782", "2011": "$732", "2010": "$636", "2009": "$493", "2008": "$491", "2007": "$412", "2006": "$326", "2005": "$225"}, "Molina Healthcare Quarterly Gross Profit (Millions of US $)": {"2020-09-30": "$923", "2020-06-30": "$1,020", "2020-03-31": "$833", "2019-12-31": "$729", "2019-09-30": "$720", "2019-06-30": "$727", "2019-03-31": "$748", "2018-12-31": "$874", "2018-09-30": "$796", "2018-06-30": "$915", "2018-03-31": "$804", "2017-12-31": "$575", "2017-09-30": "$688", "2017-06-30": "$384", "2017-03-31": "$671", "2016-12-31": "$567", "2016-09-30": "$679", "2016-06-30": "$649", "2016-03-31": "$628", "2015-12-31": "$568", "2015-09-30": "$561", "2015-06-30": "$563", "2015-03-31": "$499", "2014-12-31": "$440", "2014-09-30": "$346", "2014-06-30": "$341", "2014-03-31": "$307", "2013-12-31": "$250", "2013-09-30": "$264", "2013-06-30": "$272", "2013-03-31": "$263", "2012-12-31": "$256", "2012-09-30": "$183", "2012-06-30": "$131", "2012-03-31": "$212", "2011-12-31": "$196", "2011-09-30": "$183", "2011-06-30": "$179", "2011-03-31": "$175", "2010-12-31": "$181", "2010-09-30": "$166", "2010-06-30": "$145", "2010-03-31": "$144", "2009-12-31": "$122", "2009-09-30": "$124", "2009-06-30": "$124", "2009-03-31": "$123", "2008-12-31": "$128", "2008-09-30": "$127", "2008-06-30": "$126", "2008-03-31": "$111", "2007-12-31": "$119", "2007-09-30": "$110", "2007-06-30": "$97", "2007-03-31": "$86", "2006-12-31": "$87", "2006-09-30": "$87", "2006-06-30": "$83", "2006-03-31": "$70", "2005-12-31": "$68", "2005-09-30": "$62", "2005-06-30": "$35", "2005-03-31": "$61"}}, "operating-income": {"Molina Healthcare Annual Operating Income (Millions of US $)": {"2019": "$1,044", "2018": "$1,131", "2017": "$-555", "2016": "$306", "2015": "$387", "2014": "$193", "2013": "$137", "2012": "$41", "2011": "$136", "2010": "$105", "2009": "$52", "2008": "$108", "2007": "$98", "2006": "$76", "2005": "$46"}, "Molina Healthcare Quarterly Operating Income (Millions of US $)": {"2020-09-30": "$289", "2020-06-30": "$424", "2020-03-31": "$274", "2019-12-31": "$242", "2019-09-30": "$257", "2019-06-30": "$265", "2019-03-31": "$280", "2018-12-31": "$272", "2018-09-30": "$295", "2018-06-30": "$342", "2018-03-31": "$222", "2017-12-31": "$-269", "2017-09-30": "$-81", "2017-06-30": "$-287", "2017-03-31": "$82", "2016-12-31": "$-6", "2016-09-30": "$118", "2016-06-30": "$105", "2016-03-31": "$89", "2015-12-31": "$76", "2015-09-30": "$113", "2015-06-30": "$116", "2015-03-31": "$82", "2014-12-31": "$97", "2014-09-30": "$40", "2014-06-30": "$32", "2014-03-31": "$24", "2013-12-31": "$-2", "2013-09-30": "$25", "2013-06-30": "$46", "2013-03-31": "$68", "2012-12-31": "$55", "2012-09-30": "$2", "2012-06-30": "$-49", "2012-03-31": "$33", "2011-12-31": "$40", "2011-09-30": "$34", "2011-06-30": "$31", "2011-03-31": "$31", "2010-12-31": "$33", "2010-09-30": "$30", "2010-06-30": "$21", "2010-03-31": "$20", "2009-12-31": "$-6", "2009-09-30": "$15", "2009-06-30": "$19", "2009-03-31": "$23", "2008-12-31": "$22", "2008-09-30": "$30", "2008-06-30": "$30", "2008-03-31": "$24", "2007-12-31": "$31", "2007-09-30": "$29", "2007-06-30": "$22", "2007-03-31": "$17", "2006-12-31": "$19", "2006-09-30": "$20", "2006-06-30": "$22", "2006-03-31": "$14", "2005-12-31": "$18", "2005-09-30": "$11", "2005-06-30": "$-7", "2005-03-31": "$24"}}, "ebitda": {"Molina Healthcare Annual EBITDA (Millions of US $)": {"2019": "$1,138", "2018": "$1,280", "2017": "$-345", "2016": "$488", "2015": "$543", "2014": "$354", "2013": "$231", "2012": "$126", "2011": "$285", "2010": "$170", "2009": "$92", "2008": "$143", "2007": "$127", "2006": "$98", "2005": "$62"}, "Molina Healthcare Quarterly EBITDA (Millions of US $)": {"2020-09-30": "$312", "2020-06-30": "$445", "2020-03-31": "$294", "2019-12-31": "$268", "2019-09-30": "$278", "2019-06-30": "$287", "2019-03-31": "$305", "2018-12-31": "$299", "2018-09-30": "$331", "2018-06-30": "$384", "2018-03-31": "$266", "2017-12-31": "$-222", "2017-09-30": "$-30", "2017-06-30": "$-224", "2017-03-31": "$131", "2016-12-31": "$18", "2016-09-30": "$187", "2016-06-30": "$150", "2016-03-31": "$133", "2015-12-31": "$117", "2015-09-30": "$151", "2015-06-30": "$153", "2015-03-31": "$122", "2014-12-31": "$138", "2014-09-30": "$94", "2014-06-30": "$58", "2014-03-31": "$64", "2013-12-31": "$8", "2013-09-30": "$59", "2013-06-30": "$69", "2013-03-31": "$96", "2012-12-31": "$71", "2012-09-30": "$26", "2012-06-30": "$-25", "2012-03-31": "$54", "2011-12-31": "$128", "2011-09-30": "$55", "2011-06-30": "$50", "2011-03-31": "$52", "2010-12-31": "$55", "2010-09-30": "$48", "2010-06-30": "$36", "2010-03-31": "$31", "2009-12-31": "$5", "2009-09-30": "$25", "2009-06-30": "$29", "2009-03-31": "$33", "2008-12-31": "$31", "2008-09-30": "$39", "2008-06-30": "$39", "2008-03-31": "$33", "2007-12-31": "$39", "2007-09-30": "$36", "2007-06-30": "$29", "2007-03-31": "$23", "2006-12-31": "$26", "2006-09-30": "$26", "2006-06-30": "$27", "2006-03-31": "$19", "2005-12-31": "$22", "2005-09-30": "$15", "2005-06-30": "$-4", "2005-03-31": "$28"}}, "net-income": {"Molina Healthcare Annual Net Income (Millions of US $)": {"2019": "$737", "2018": "$707", "2017": "$-512", "2016": "$52", "2015": "$143", "2014": "$62", "2013": "$53", "2012": "$10", "2011": "$21", "2010": "$55", "2009": "$31", "2008": "$60", "2007": "$58", "2006": "$46", "2005": "$28"}, "Molina Healthcare Quarterly Net Income (Millions of US $)": {"2020-09-30": "$185", "2020-06-30": "$276", "2020-03-31": "$178", "2019-12-31": "$168", "2019-09-30": "$175", "2019-06-30": "$196", "2019-03-31": "$198", "2018-12-31": "$201", "2018-09-30": "$197", "2018-06-30": "$202", "2018-03-31": "$107", "2017-12-31": "$-262", "2017-09-30": "$-97", "2017-06-30": "$-230", "2017-03-31": "$77", "2016-12-31": "$-47", "2016-09-30": "$42", "2016-06-30": "$33", "2016-03-31": "$24", "2015-12-31": "$30", "2015-09-30": "$46", "2015-06-30": "$39", "2015-03-31": "$28", "2014-12-31": "$34", "2014-09-30": "$16", "2014-06-30": "$8", "2014-03-31": "$4", "2013-12-31": "$-9", "2013-09-30": "$8", "2013-06-30": "$25", "2013-03-31": "$30", "2012-12-31": "$26", "2012-09-30": "$3", "2012-06-30": "$-37", "2012-03-31": "$18", "2011-12-31": "$-33", "2011-09-30": "$19", "2011-06-30": "$17", "2011-03-31": "$17", "2010-12-31": "$18", "2010-09-30": "$16", "2010-06-30": "$11", "2010-03-31": "$11", "2009-12-31": "$-4", "2009-09-30": "$9", "2009-06-30": "$15", "2009-03-31": "$12", "2008-12-31": "$15", "2008-09-30": "$16", "2008-06-30": "$16", "2008-03-31": "$12", "2007-12-31": "$17", "2007-09-30": "$18", "2007-06-30": "$13", "2007-03-31": "$10", "2006-12-31": "$12", "2006-09-30": "$12", "2006-06-30": "$13", "2006-03-31": "$9", "2005-12-31": "$11", "2005-09-30": "$7", "2005-06-30": "$-5", "2005-03-31": "$15"}}, "eps-earnings-per-share-diluted": {"Molina Healthcare Annual EPS": {"2019": "$11.47", "2018": "$10.61", "2017": "$-9.07", "2016": "$0.92", "2015": "$2.58", "2014": "$1.29", "2013": "$1.13", "2012": "$0.21", "2011": "$0.45", "2010": "$1.32", "2009": "$0.79", "2008": "$1.43", "2007": "$1.35", "2006": "$1.08", "2005": "$0.65"}, "Molina Healthcare Quarterly EPS": {"2020-09-30": "$3.10", "2020-06-30": "$4.65", "2020-03-31": "$2.92", "2019-12-31": "$2.67", "2019-09-30": "$2.75", "2019-06-30": "$3.06", "2019-03-31": "$2.99", "2018-12-31": "$3.05", "2018-09-30": "$2.90", "2018-06-30": "$3.02", "2018-03-31": "$1.64", "2017-12-31": "$-4.64", "2017-09-30": "$-1.70", "2017-06-30": "$-4.10", "2017-03-31": "$1.37", "2016-12-31": "$-0.85", "2016-09-30": "$0.76", "2016-06-30": "$0.58", "2016-03-31": "$0.43", "2015-12-31": "$0.53", "2015-09-30": "$0.77", "2015-06-30": "$0.72", "2015-03-31": "$0.56", "2014-12-31": "$0.71", "2014-09-30": "$0.33", "2014-06-30": "$0.16", "2014-03-31": "$0.09", "2013-12-31": "$-0.20", "2013-09-30": "$0.16", "2013-06-30": "$0.53", "2013-03-31": "$0.64", "2012-12-31": "$0.55", "2012-09-30": "$0.07", "2012-06-30": "$-0.80", "2012-03-31": "$0.39", "2011-12-31": "$-0.72", "2011-09-30": "$0.41", "2011-06-30": "$0.38", "2011-03-31": "$0.38", "2010-12-31": "$0.40", "2010-09-30": "$0.38", "2010-06-30": "$0.27", "2010-03-31": "$0.27", "2009-12-31": "$-0.11", "2009-09-30": "$0.22", "2009-06-30": "$0.37", "2009-03-31": "$0.31", "2008-12-31": "$0.37", "2008-09-30": "$0.40", "2008-06-30": "$0.37", "2008-03-31": "$0.29", "2007-12-31": "$0.40", "2007-09-30": "$0.41", "2007-06-30": "$0.31", "2007-03-31": "$0.23", "2006-12-31": "$0.27", "2006-09-30": "$0.29", "2006-06-30": "$0.31", "2006-03-31": "$0.21", "2005-12-31": "$0.25", "2005-09-30": "$0.16", "2005-06-30": "$-0.11", "2005-03-31": "$0.35"}}, "shares-outstanding": {"Molina Healthcare Annual Shares Outstanding (Millions of Shares)": {"2019": "64", "2018": "67", "2017": "56", "2016": "56", "2015": "56", "2014": "48", "2013": "47", "2012": "47", "2011": "46", "2010": "42", "2009": "39", "2008": "42", "2007": "43", "2006": "42", "2005": "42"}, "Molina Healthcare Quarterly Shares Outstanding (Millions of Shares)": {"2020-09-30": "60", "2020-06-30": "59", "2020-03-31": "61", "2019-12-31": "64", "2019-09-30": "64", "2019-06-30": "64", "2019-03-31": "66", "2018-12-31": "67", "2018-09-30": "68", "2018-06-30": "67", "2018-03-31": "65", "2017-12-31": "56", "2017-09-30": "57", "2017-06-30": "56", "2017-03-31": "56", "2016-12-31": "56", "2016-09-30": "56", "2016-06-30": "55", "2016-03-31": "57", "2015-12-31": "56", "2015-09-30": "60", "2015-06-30": "54", "2015-03-31": "50", "2014-12-31": "48", "2014-09-30": "49", "2014-06-30": "48", "2014-03-31": "48", "2013-12-31": "47", "2013-09-30": "47", "2013-06-30": "47", "2013-03-31": "46", "2012-12-31": "47", "2012-09-30": "47", "2012-06-30": "46", "2012-03-31": "47", "2011-12-31": "46", "2011-09-30": "46", "2011-06-30": "46", "2011-03-31": "46", "2010-12-31": "42", "2010-09-30": "43", "2010-06-30": "39", "2010-03-31": "39", "2009-12-31": "39", "2009-09-30": "38", "2009-06-30": "39", "2009-03-31": "40", "2008-12-31": "42", "2008-09-30": "41", "2008-06-30": "42", "2008-03-31": "43", "2007-12-31": "43", "2007-09-30": "43", "2007-06-30": "43", "2007-03-31": "42", "2006-12-31": "42", "2006-09-30": "43", "2006-06-30": "42", "2006-03-31": "42", "2005-12-31": "42", "2005-09-30": "42", "2005-06-30": "42", "2005-03-31": "42"}}, "total-assets": {"Molina Healthcare Annual Total Assets (Millions of US $)": {"2019": "$6,787", "2018": "$7,154", "2017": "$8,471", "2016": "$7,449", "2015": "$6,576", "2014": "$4,435", "2013": "$3,003", "2012": "$1,935", "2011": "$1,652", "2010": "$1,509", "2009": "$1,244", "2008": "$1,148", "2007": "$1,171", "2006": "$864", "2005": "$660"}, "Molina Healthcare Quarterly Total Assets (Millions of US $)": {"2020-09-30": "$7,881", "2020-06-30": "$7,876", "2020-03-31": "$7,129", "2019-12-31": "$6,787", "2019-09-30": "$6,701", "2019-06-30": "$6,690", "2019-03-31": "$7,579", "2018-12-31": "$7,154", "2018-09-30": "$8,051", "2018-06-30": "$8,763", "2018-03-31": "$9,133", "2017-12-31": "$8,471", "2017-09-30": "$8,954", "2017-06-30": "$8,583", "2017-03-31": "$8,038", "2016-12-31": "$7,449", "2016-09-30": "$7,570", "2016-06-30": "$7,202", "2016-03-31": "$7,183", "2015-12-31": "$6,576", "2015-09-30": "$5,915", "2015-06-30": "$5,736", "2015-03-31": "$5,170", "2014-12-31": "$4,435", "2014-09-30": "$4,056", "2014-06-30": "$3,452", "2014-03-31": "$3,293", "2013-12-31": "$3,003", "2013-09-30": "$2,925", "2013-06-30": "$2,580", "2013-03-31": "$2,488", "2012-12-31": "$1,935", "2012-09-30": "$1,907", "2012-06-30": "$1,917", "2012-03-31": "$1,740", "2011-12-31": "$1,652", "2011-09-30": "$1,618", "2011-06-30": "$1,600", "2011-03-31": "$1,583", "2010-12-31": "$1,509", "2010-09-30": "$1,431", "2010-06-30": "$1,361", "2010-03-31": "$1,191", "2009-12-31": "$1,244", "2009-09-30": "$1,224", "2009-06-30": "$1,203", "2009-03-31": "$1,207", "2008-12-31": "$1,148", "2008-09-30": "$1,158", "2008-06-30": "$1,172", "2008-03-31": "$1,145", "2007-12-31": "$1,171", "2007-09-30": "$946", "2007-06-30": "$923", "2007-03-31": "$877", "2006-12-31": "$864", "2006-09-30": "$778", "2006-06-30": "$747", "2006-03-31": "$659", "2005-12-31": "$660", "2005-09-30": "$592", "2005-06-30": "$556", "2005-03-31": "$543"}}, "cash-on-hand": {"Molina Healthcare Annual Cash on Hand (Millions of US $)": {"2019": "$4,398", "2018": "$4,507", "2017": "$5,879", "2016": "$4,577", "2015": "$4,130", "2014": "$2,558", "2013": "$1,639", "2012": "$1,139", "2011": "$831", "2010": "$751", "2009": "$644", "2008": "$577", "2007": "$702", "2006": "$485", "2005": "$353"}, "Molina Healthcare Quarterly Cash on Hand (Millions of US $)": {"2020-09-30": "$4,965", "2020-06-30": "$5,209", "2020-03-31": "$4,375", "2019-12-31": "$4,398", "2019-09-30": "$4,436", "2019-06-30": "$4,323", "2019-03-31": "$4,732", "2018-12-31": "$4,507", "2018-09-30": "$4,626", "2018-06-30": "$5,648", "2018-03-31": "$6,250", "2017-12-31": "$5,879", "2017-09-30": "$6,047", "2017-06-30": "$5,496", "2017-03-31": "$5,254", "2016-12-31": "$4,577", "2016-09-30": "$4,577", "2016-06-30": "$4,313", "2016-03-31": "$4,226", "2015-12-31": "$4,130", "2015-09-30": "$3,626", "2015-06-30": "$3,481", "2015-03-31": "$3,074", "2014-12-31": "$2,558", "2014-09-30": "$2,441", "2014-06-30": "$1,768", "2014-03-31": "$1,780", "2013-12-31": "$1,639", "2013-09-30": "$1,592", "2013-06-30": "$1,461", "2013-03-31": "$1,511", "2012-12-31": "$1,139", "2012-09-30": "$1,072", "2012-06-30": "$1,072", "2012-03-31": "$876", "2011-12-31": "$831", "2011-09-30": "$812", "2011-06-30": "$816", "2011-03-31": "$801", "2010-12-31": "$751", "2010-09-30": "$622", "2010-06-30": "$636", "2010-03-31": "$614", "2009-12-31": "$644", "2009-09-30": "$620", "2009-06-30": "$598", "2009-03-31": "$607", "2008-12-31": "$577", "2008-09-30": "$546", "2008-06-30": "$622", "2008-03-31": "$596", "2007-12-31": "$702", "2007-09-30": "$556", "2007-06-30": "$550", "2007-03-31": "$503", "2006-12-31": "$485", "2006-09-30": "$429", "2006-06-30": "$407", "2006-03-31": "$390", "2005-12-31": "$353", "2005-09-30": "$333", "2005-06-30": "$288", "2005-03-31": "$316"}}, "long-term-debt": {"Molina Healthcare Annual Long Term Debt (Millions of US $)": {"2019": "$1,468", "2018": "$1,217", "2017": "$1,516", "2016": "$1,173", "2015": "$1,160", "2014": "$887", "2013": "$603", "2012": "$262", "2011": "$217", "2010": "$164", "2009": "$159", "2008": "$165", "2007": "$200", "2006": "$45", "2005": "$"}, "Molina Healthcare Quarterly Long Term Debt (Millions of US $)": {"2020-09-30": "$2,039", "2020-06-30": "$2,041", "2020-03-31": "$1,825", "2019-12-31": "$1,468", "2019-09-30": "$1,472", "2019-06-30": "$1,473", "2019-03-31": "$1,355", "2018-12-31": "$1,217", "2018-09-30": "$1,217", "2018-06-30": "$1,217", "2018-03-31": "$1,516", "2017-12-31": "$1,516", "2017-09-30": "$1,515", "2017-06-30": "$1,215", "2017-03-31": "$1,653", "2016-12-31": "$1,173", "2016-09-30": "$1,169", "2016-06-30": "$1,626", "2016-03-31": "$1,163", "2015-12-31": "$1,160", "2015-09-30": "$476", "2015-06-30": "$474", "2015-03-31": "$472", "2014-12-31": "$887", "2014-09-30": "$897", "2014-06-30": "$625", "2014-03-31": "$616", "2013-12-31": "$603", "2013-09-30": "$770", "2013-06-30": "$761", "2013-03-31": "$642", "2012-12-31": "$262", "2012-09-30": "$261", "2012-06-30": "$269", "2012-03-31": "$228", "2011-12-31": "$217", "2011-09-30": "$168", "2011-06-30": "$167", "2011-03-31": "$165", "2010-12-31": "$164", "2010-09-30": "$163", "2010-06-30": "$266", "2010-03-31": "$160", "2009-12-31": "$159", "2009-09-30": "$158", "2009-06-30": "$156", "2009-03-31": "$155", "2008-12-31": "$165", "2008-09-30": "$200", "2008-06-30": "$200", "2008-03-31": "$200", "2007-12-31": "$200", "2007-09-30": "$20", "2007-06-30": "$30", "2007-03-31": "$30", "2006-12-31": "$45", "2006-09-30": "$15", "2006-06-30": "$15", "2006-03-31": "", "2005-12-31": "", "2005-09-30": "$2", "2005-06-30": "$5", "2005-03-31": "$5"}}, "total-liabilities": {"Molina Healthcare Annual Total Liabilities (Millions of US $)": {"2019": "$4,827", "2018": "$5,507", "2017": "$7,134", "2016": "$5,800", "2015": "$5,019", "2014": "$3,425", "2013": "$2,110", "2012": "$1,153", "2011": "$897", "2010": "$790", "2009": "$701", "2008": "$616", "2007": "$681", "2006": "$444", "2005": "$297"}, "Molina Healthcare Quarterly Total Liabilities (Millions of US $)": {"2020-09-30": "$5,680", "2020-06-30": "$5,880", "2020-03-31": "$5,482", "2019-12-31": "$4,827", "2019-09-30": "$4,870", "2019-06-30": "$4,954", "2019-03-31": "$5,744", "2018-12-31": "$5,507", "2018-09-30": "$6,490", "2018-06-30": "$7,105", "2018-03-31": "$7,580", "2017-12-31": "$7,134", "2017-09-30": "$7,525", "2017-06-30": "$7,062", "2017-03-31": "$6,311", "2016-12-31": "$5,800", "2016-09-30": "$5,879", "2016-06-30": "$5,561", "2016-03-31": "$5,593", "2015-12-31": "$5,019", "2015-09-30": "$4,397", "2015-06-30": "$4,273", "2015-03-31": "$4,128", "2014-12-31": "$3,425", "2014-09-30": "$3,092", "2014-06-30": "$2,535", "2014-03-31": "$2,396", "2013-12-31": "$2,110", "2013-09-30": "$2,032", "2013-06-30": "$1,704", "2013-03-31": "$1,724", "2012-12-31": "$1,153", "2012-09-30": "$1,152", "2012-06-30": "$1,171", "2012-03-31": "$965", "2011-12-31": "$897", "2011-09-30": "$836", "2011-06-30": "$835", "2011-03-31": "$843", "2010-12-31": "$790", "2010-09-30": "$734", "2010-06-30": "$794", "2010-03-31": "$637", "2009-12-31": "$701", "2009-09-30": "$679", "2009-06-30": "$669", "2009-03-31": "$678", "2008-12-31": "$616", "2008-09-30": "$650", "2008-06-30": "$679", "2008-03-31": "$643", "2007-12-31": "$681", "2007-09-30": "$478", "2007-06-30": "$474", "2007-03-31": "$445", "2006-12-31": "$444", "2006-09-30": "$371", "2006-06-30": "$355", "2006-03-31": "$283", "2005-12-31": "$297", "2005-09-30": "$241", "2005-06-30": "$212", "2005-03-31": "$196"}}, "total-share-holder-equity": {"Molina Healthcare Annual Share Holder Equity (Millions of US $)": {"2019": "$1,960", "2018": "$1,647", "2017": "$1,337", "2016": "$1,649", "2015": "$1,557", "2014": "$1,010", "2013": "$893", "2012": "$782", "2011": "$755", "2010": "$719", "2009": "$543", "2008": "$532", "2007": "$490", "2006": "$420", "2005": "$363"}, "Molina Healthcare Quarterly Share Holder Equity (Millions of US $)": {"2020-09-30": "$2,201", "2020-06-30": "$1,996", "2020-03-31": "$1,647", "2019-12-31": "$1,960", "2019-09-30": "$1,831", "2019-06-30": "$1,736", "2019-03-31": "$1,835", "2018-12-31": "$1,647", "2018-09-30": "$1,561", "2018-06-30": "$1,658", "2018-03-31": "$1,553", "2017-12-31": "$1,337", "2017-09-30": "$1,429", "2017-06-30": "$1,521", "2017-03-31": "$1,727", "2016-12-31": "$1,649", "2016-09-30": "$1,691", "2016-06-30": "$1,641", "2016-03-31": "$1,590", "2015-12-31": "$1,557", "2015-09-30": "$1,518", "2015-06-30": "$1,463", "2015-03-31": "$1,042", "2014-12-31": "$1,010", "2014-09-30": "$964", "2014-06-30": "$917", "2014-03-31": "$898", "2013-12-31": "$893", "2013-09-30": "$893", "2013-06-30": "$876", "2013-03-31": "$764", "2012-12-31": "$782", "2012-09-30": "$755", "2012-06-30": "$746", "2012-03-31": "$775", "2011-12-31": "$755", "2011-09-30": "$782", "2011-06-30": "$766", "2011-03-31": "$741", "2010-12-31": "$719", "2010-09-30": "$698", "2010-06-30": "$568", "2010-03-31": "$554", "2009-12-31": "$543", "2009-09-30": "$545", "2009-06-30": "$534", "2009-03-31": "$529", "2008-12-31": "$532", "2008-09-30": "$508", "2008-06-30": "$492", "2008-03-31": "$503", "2007-12-31": "$490", "2007-09-30": "$468", "2007-06-30": "$449", "2007-03-31": "$432", "2006-12-31": "$420", "2006-09-30": "$407", "2006-06-30": "$392", "2006-03-31": "$376", "2005-12-31": "$363", "2005-09-30": "$351", "2005-06-30": "$344", "2005-03-31": "$347"}}, "profit-margins": {"current": "4.37%"}, "gross margin": {"2020-09-30": "18.98%", "2020-06-30": "18.67%", "2020-03-31": "17.43%", "2019-12-31": "17.37%", "2019-09-30": "17.82%", "2019-06-30": "17.80%", "2019-03-31": "18.15%", "2018-12-31": "17.94%", "2018-09-30": "16.11%", "2018-06-30": "15.29%", "2018-03-31": "12.49%", "2017-12-31": "11.66%", "2017-09-30": "11.87%", "2017-06-30": "12.12%", "2017-03-31": "13.99%", "2016-12-31": "14.19%", "2016-09-30": "14.74%", "2016-06-30": "14.87%", "2016-03-31": "15.11%", "2015-12-31": "15.45%", "2015-09-30": "15.74%", "2015-06-30": "15.42%", "2015-03-31": "15.10%", "2014-12-31": "14.84%", "2014-09-30": "14.51%", "2014-06-30": "14.95%", "2014-03-31": "15.46%", "2013-12-31": "15.92%", "2013-09-30": "16.47%", "2013-06-30": "15.57%", "2013-03-31": "13.59%", "2012-12-31": "13.22%", "2012-09-30": "13.20%", "2012-06-30": "14.14%", "2012-03-31": "16.06%", "2011-12-31": "16.14%", "2011-09-30": "15.80%", "2011-06-30": "15.91%", "2011-03-31": "15.73%", "2010-12-31": "15.57%", "2010-09-30": "14.54%", "2010-06-30": "13.91%", "2010-03-31": "13.61%", "2009-12-31": "13.43%", "2009-09-30": "14.18%", "2009-06-30": "14.77%", "2009-03-31": "15.57%", "2008-12-31": "15.81%", "2008-09-30": "16.21%", "2008-06-30": "16.53%", "2008-03-31": "16.39%", "2007-12-31": "16.53%", "2007-09-30": "16.08%", "2007-06-30": "15.91%", "2007-03-31": "16.22%", "2006-12-31": "16.31%", "2006-09-30": "16.40%", "2006-06-30": "15.81%", "2006-03-31": "13.75%", "2005-12-31": "13.70%"}, "operating margin": {"2020-09-30": "6.66%", "2020-06-30": "6.77%", "2020-03-31": "6.01%", "2019-12-31": "6.20%", "2019-09-30": "6.24%", "2019-06-30": "6.29%", "2019-03-31": "6.47%", "2018-12-31": "5.99%", "2018-09-30": "3.08%", "2018-06-30": "1.10%", "2018-03-31": "-2.11%", "2017-12-31": "-2.79%", "2017-09-30": "-1.50%", "2017-06-30": "-0.49%", "2017-03-31": "1.63%", "2016-12-31": "1.72%", "2016-09-30": "2.27%", "2016-06-30": "2.37%", "2016-03-31": "2.57%", "2015-12-31": "2.73%", "2015-09-30": "3.11%", "2015-06-30": "2.80%", "2015-03-31": "2.33%", "2014-12-31": "2.00%", "2014-09-30": "1.10%", "2014-06-30": "1.02%", "2014-03-31": "1.32%", "2013-12-31": "2.08%", "2013-09-30": "3.03%", "2013-06-30": "2.73%", "2013-03-31": "1.24%", "2012-12-31": "0.69%", "2012-09-30": "0.48%", "2012-06-30": "1.14%", "2012-03-31": "2.88%", "2011-12-31": "2.99%", "2011-09-30": "2.84%", "2011-06-30": "2.84%", "2011-03-31": "2.71%", "2010-12-31": "2.55%", "2010-09-30": "1.64%", "2010-06-30": "1.30%", "2010-03-31": "1.27%", "2009-12-31": "1.39%", "2009-09-30": "2.24%", "2009-06-30": "2.77%", "2009-03-31": "3.24%", "2008-12-31": "3.41%", "2008-09-30": "3.86%", "2008-06-30": "4.04%", "2008-03-31": "3.97%", "2007-12-31": "3.97%", "2007-09-30": "3.68%", "2007-06-30": "3.48%", "2007-03-31": "3.69%", "2006-12-31": "3.74%", "2006-09-30": "3.94%", "2006-06-30": "3.63%", "2006-03-31": "2.11%", "2005-12-31": "2.79%"}, "ebitda margin": {"2020-09-30": "7.14%", "2020-06-30": "7.27%", "2020-03-31": "6.53%", "2019-12-31": "6.76%", "2019-09-30": "6.79%", "2019-06-30": "6.91%", "2019-03-31": "7.18%", "2018-12-31": "6.78%", "2018-09-30": "3.96%", "2018-06-30": "2.04%", "2018-03-31": "-1.07%", "2017-12-31": "-1.74%", "2017-09-30": "-0.54%", "2017-06-30": "0.59%", "2017-03-31": "2.65%", "2016-12-31": "2.74%", "2016-09-30": "3.43%", "2016-06-30": "3.40%", "2016-03-31": "3.61%", "2015-12-31": "3.83%", "2015-09-30": "4.30%", "2015-06-30": "4.23%", "2015-03-31": "3.83%", "2014-12-31": "3.66%", "2014-09-30": "2.61%", "2014-06-30": "2.43%", "2014-03-31": "2.83%", "2013-12-31": "3.52%", "2013-09-30": "4.61%", "2013-06-30": "4.19%", "2013-03-31": "2.74%", "2012-12-31": "2.13%", "2012-09-30": "3.35%", "2012-06-30": "4.15%", "2012-03-31": "5.99%", "2011-12-31": "6.28%", "2011-09-30": "4.66%", "2011-06-30": "4.65%", "2011-03-31": "4.51%", "2010-12-31": "4.16%", "2010-09-30": "3.02%", "2010-06-30": "2.52%", "2010-03-31": "2.38%", "2009-12-31": "2.51%", "2009-09-30": "3.35%", "2009-06-30": "3.88%", "2009-03-31": "4.39%", "2008-12-31": "4.56%", "2008-09-30": "5.04%", "2008-06-30": "5.21%", "2008-03-31": "5.14%", "2007-12-31": "5.09%", "2007-09-30": "4.82%", "2007-06-30": "4.63%", "2007-03-31": "4.82%", "2006-12-31": "4.89%", "2006-09-30": "5.01%", "2006-06-30": "4.64%", "2006-03-31": "3.04%", "2005-12-31": "3.70%"}, "pre tax profit margin": {"2020-09-30": "6.13%", "2020-06-30": "6.24%", "2020-03-31": "5.59%", "2019-12-31": "5.78%", "2019-09-30": "5.84%", "2019-06-30": "5.84%", "2019-03-31": "5.88%", "2018-12-31": "5.29%", "2018-09-30": "2.23%", "2018-06-30": "0.28%", "2018-03-31": "-2.87%", "2017-12-31": "-3.08%", "2017-09-30": "-1.68%", "2017-06-30": "-0.64%", "2017-03-31": "1.48%", "2016-12-31": "1.15%", "2016-09-30": "1.71%", "2016-06-30": "1.84%", "2016-03-31": "2.08%", "2015-12-31": "2.27%", "2015-09-30": "2.65%", "2015-06-30": "2.29%", "2015-03-31": "1.77%", "2014-12-31": "1.39%", "2014-09-30": "0.41%", "2014-06-30": "0.28%", "2014-03-31": "0.50%", "2013-12-31": "1.21%", "2013-09-30": "2.31%", "2013-06-30": "2.16%", "2013-03-31": "0.82%", "2012-12-31": "0.41%", "2012-09-30": "0.16%", "2012-06-30": "0.78%", "2012-03-31": "2.54%", "2011-12-31": "2.66%", "2011-09-30": "2.53%", "2011-06-30": "2.52%", "2011-03-31": "2.36%", "2010-12-31": "2.18%", "2010-09-30": "1.23%", "2010-06-30": "0.94%", "2010-03-31": "0.93%", "2009-12-31": "1.04%", "2009-09-30": "1.90%", "2009-06-30": "2.41%", "2009-03-31": "2.87%", "2008-12-31": "3.02%", "2008-09-30": "3.42%", "2008-06-30": "3.65%", "2008-03-31": "3.67%", "2007-12-31": "3.69%", "2007-09-30": "3.55%", "2007-06-30": "3.39%", "2007-03-31": "3.55%", "2006-12-31": "3.69%", "2006-09-30": "3.83%", "2006-06-30": "3.46%", "2006-03-31": "1.93%", "2005-12-31": "2.61%"}, "net profit margin": {"2020-09-30": "4.37%", "2020-06-30": "4.51%", "2020-03-31": "4.15%", "2019-12-31": "4.38%", "2019-09-30": "4.47%", "2019-06-30": "4.48%", "2019-03-31": "4.35%", "2018-12-31": "3.74%", "2018-09-30": "1.27%", "2018-06-30": "-0.26%", "2018-03-31": "-2.46%", "2017-12-31": "-2.58%", "2017-09-30": "-1.53%", "2017-06-30": "-0.83%", "2017-03-31": "0.57%", "2016-12-31": "0.29%", "2016-09-30": "0.75%", "2016-06-30": "0.82%", "2016-03-31": "0.91%", "2015-12-31": "1.01%", "2015-09-30": "1.12%", "2015-06-30": "0.98%", "2015-03-31": "0.80%", "2014-12-31": "0.64%", "2014-09-30": "0.22%", "2014-06-30": "0.14%", "2014-03-31": "0.40%", "2013-12-31": "0.82%", "2013-09-30": "1.39%", "2013-06-30": "1.34%", "2013-03-31": "0.36%", "2012-12-31": "0.17%", "2012-09-30": "-0.90%", "2012-06-30": "-0.65%", "2012-03-31": "0.44%", "2011-12-31": "0.44%", "2011-09-30": "1.56%", "2011-06-30": "1.54%", "2011-03-31": "1.46%", "2010-12-31": "1.37%", "2010-09-30": "0.86%", "2010-06-30": "0.70%", "2010-03-31": "0.82%", "2009-12-31": "0.87%", "2009-09-30": "1.45%", "2009-06-30": "1.71%", "2009-03-31": "1.82%", "2008-12-31": "1.90%", "2008-09-30": "2.05%", "2008-06-30": "2.23%", "2008-03-31": "2.25%", "2007-12-31": "2.33%", "2007-09-30": "2.24%", "2007-06-30": "2.09%", "2007-03-31": "2.22%", "2006-12-31": "2.29%", "2006-09-30": "2.40%", "2006-06-30": "2.23%", "2006-03-31": "1.29%", "2005-12-31": "1.70%"}, "pe ratio": {"current": "14.73", "2021-02-05": "15.34", "2020-09-30": "13.72", "2020-06-30": "13.70", "2020-03-31": "12.26", "2019-12-31": "11.83", "2019-09-30": "9.29", "2019-06-30": "11.97", "2019-03-31": "11.91", "2018-12-31": "11.00", "2018-09-30": "50.07", "2018-06-30": "0.00", "2018-03-31": "0.00", "2017-12-31": "0.00", "2017-09-30": "0.00", "2017-06-30": "0.00", "2017-03-31": "42.62", "2016-12-31": "417.38", "2016-09-30": "25.58", "2016-06-30": "21.79", "2016-03-31": "26.54", "2015-12-31": "23.49", "2015-09-30": "25.13", "2015-06-30": "30.57", "2015-03-31": "38.67", "2014-12-31": "42.15", "2014-09-30": "111.32", "2014-06-30": "212.52", "2014-03-31": "64.76", "2013-12-31": "30.75", "2013-09-30": "19.04", "2013-06-30": "20.89", "2013-03-31": "68.60", "2012-12-31": "135.30", "2012-09-30": "0.00", "2012-06-30": "0.00", "2012-03-31": "73.11", "2011-12-31": "50.37", "2011-09-30": "9.96", "2011-06-30": "17.84", "2011-03-31": "18.87", "2010-12-31": "14.14", "2010-09-30": "22.31", "2010-06-30": "29.69", "2010-03-31": "22.48", "2009-12-31": "19.55", "2009-09-30": "10.72", "2009-06-30": "10.77", "2009-03-31": "8.45", "2008-12-31": "7.83", "2008-09-30": "13.48", "2008-06-30": "10.58", "2008-03-31": "11.20", "2007-12-31": "18.79", "2007-09-30": "19.71", "2007-06-30": "18.39", "2007-03-31": "18.43", "2006-12-31": "19.95"}, "price sales": {"2021-02-05": "0.67", "2020-09-30": "0.60", "2020-06-30": "0.62", "2020-03-31": "0.51", "2019-12-31": "0.52", "2019-09-30": "0.42", "2019-06-30": "0.54", "2019-03-31": "0.52", "2018-12-31": "0.41", "2018-09-30": "0.49", "2018-06-30": "0.30", "2018-03-31": "0.24", "2017-12-31": "0.22", "2017-09-30": "0.20", "2017-06-30": "0.20", "2017-03-31": "0.14", "2016-12-31": "0.17", "2016-09-30": "0.19", "2016-06-30": "0.18", "2016-03-31": "0.24", "2015-12-31": "0.23", "2015-09-30": "0.28", "2015-06-30": "0.30", "2015-03-31": "0.30", "2014-12-31": "0.27", "2014-09-30": "0.24", "2014-06-30": "0.27", "2014-03-31": "0.25", "2013-12-31": "0.25", "2013-09-30": "0.26", "2013-06-30": "0.28", "2013-03-31": "0.23", "2012-12-31": "0.21", "2012-09-30": "0.21", "2012-06-30": "0.21", "2012-03-31": "0.33", "2011-12-31": "0.23", "2011-09-30": "0.15", "2011-06-30": "0.27", "2011-03-31": "0.27", "2010-12-31": "0.18", "2010-09-30": "0.18", "2010-06-30": "0.19", "2010-03-31": "0.17", "2009-12-31": "0.16", "2009-09-30": "0.16", "2009-06-30": "0.19", "2009-03-31": "0.16", "2008-12-31": "0.16", "2008-09-30": "0.29", "2008-06-30": "0.24", "2008-03-31": "0.26", "2007-12-31": "0.44", "2007-09-30": "0.43", "2007-06-30": "0.38", "2007-03-31": "0.41", "2006-12-31": "0.46"}, "price book": {"current": "5.52", "2021-02-05": "5.49", "2020-09-30": "4.91", "2020-06-30": "5.26", "2020-03-31": "5.00", "2019-12-31": "4.29", "2019-09-30": "3.78", "2019-06-30": "5.19", "2019-03-31": "4.87", "2018-12-31": "4.38", "2018-09-30": "5.91", "2018-06-30": "3.66", "2018-03-31": "3.24", "2017-12-31": "3.44", "2017-09-30": "2.74", "2017-06-30": "2.59", "2017-03-31": "1.51", "2016-12-31": "1.88", "2016-09-30": "1.97", "2016-06-30": "1.73", "2016-03-31": "2.31", "2015-12-31": "2.16", "2015-09-30": "2.54", "2015-06-30": "2.69", "2015-03-31": "3.22", "2014-12-31": "2.65", "2014-09-30": "2.12", "2014-06-30": "2.26", "2014-03-31": "1.94", "2013-12-31": "1.79", "2013-09-30": "1.82", "2013-06-30": "1.94", "2013-03-31": "1.83", "2012-12-31": "1.62", "2012-09-30": "1.55", "2012-06-30": "1.46", "2012-03-31": "2.01", "2011-12-31": "1.35", "2011-09-30": "0.90", "2011-06-30": "1.63", "2011-03-31": "1.65", "2010-12-31": "1.17", "2010-09-30": "1.17", "2010-06-30": "1.31", "2010-03-31": "1.17", "2009-12-31": "1.08", "2009-09-30": "0.97", "2009-06-30": "1.14", "2009-03-31": "0.94", "2008-12-31": "0.89", "2008-09-30": "1.67", "2008-06-30": "1.36", "2008-03-31": "1.38", "2007-12-31": "2.24", "2007-09-30": "2.19", "2007-06-30": "1.92", "2007-03-31": "2.00", "2006-12-31": "2.18", "2006-09-30": "2.44", "2006-06-30": "2.72", "2006-03-31": "2.49"}, "price fcf": {"2021-02-05": "", "2020-09-30": "$8.84", "2020-06-30": "$15.51", "2020-03-31": "$4.00", "2019-12-31": "$5.78", "2019-09-30": "$3.82", "2019-06-30": "$-7.51", "2019-03-31": "$-7.45", "2018-12-31": "$-5.13", "2018-09-30": "$-5.78", "2018-06-30": "$6.39", "2018-03-31": "$6.43", "2017-12-31": "$12.82", "2017-09-30": "$15.53", "2017-06-30": "$16.57", "2017-03-31": "$19.59", "2016-12-31": "$8.84", "2016-09-30": "$13.07", "2016-06-30": "$10.15", "2016-03-31": "$8.78", "2015-12-31": "$17.73", "2015-09-30": "$17.29", "2015-06-30": "$26.34", "2015-03-31": "$26.20", "2014-12-31": "$19.69", "2014-09-30": "$16.77", "2014-06-30": "$9.24", "2014-03-31": "$5.83", "2013-12-31": "$1.96", "2013-09-30": "$2.23", "2013-06-30": "$-1.80", "2013-03-31": "$5.14", "2012-12-31": "$5.74", "2012-09-30": "$5.70", "2012-06-30": "$6.11", "2012-03-31": "$2.85", "2011-12-31": "$3.55", "2011-09-30": "$5.60", "2011-06-30": "$4.30", "2011-03-31": "$5.04", "2010-12-31": "$2.71", "2010-09-30": "$-0.11", "2010-06-30": "$1.35", "2010-03-31": "$0.82", "2009-12-31": "$3.07", "2009-09-30": "$3.96", "2009-06-30": "$1.54", "2009-03-31": "$2.30", "2008-12-31": "$0.14", "2008-09-30": "$-0.23", "2008-06-30": "$1.90", "2008-03-31": "$1.70", "2007-12-31": "$3.20", "2007-09-30": "$2.93", "2007-06-30": "$3.03", "2007-03-31": "$1.82", "2006-12-31": "$1.94"}, "net worth": {"value": "$12.14B"}, "current ratio": {"current": "1.96", "2020-09-30": "1.96", "2020-06-30": "1.88", "2020-03-31": "1.77", "2019-12-31": "1.83", "2019-09-30": "1.78", "2019-06-30": "1.73", "2019-03-31": "1.57", "2018-12-31": "1.52", "2018-09-30": "1.40", "2018-06-30": "1.38", "2018-03-31": "1.37", "2017-12-31": "1.35", "2017-09-30": "1.29", "2017-06-30": "1.24", "2017-03-31": "1.45", "2016-12-31": "1.31", "2016-09-30": "1.31", "2016-06-30": "1.52", "2016-03-31": "1.32", "2015-12-31": "1.39", "2015-09-30": "1.27", "2015-06-30": "1.29", "2015-03-31": "1.19", "2014-12-31": "1.47", "2014-09-30": "1.54", "2014-06-30": "1.45", "2014-03-31": "1.47", "2013-12-31": "1.58", "2013-09-30": "1.88", "2013-06-30": "2.47", "2013-03-31": "2.15", "2012-12-31": "1.63", "2012-09-30": "1.58", "2012-06-30": "1.57", "2012-03-31": "1.70", "2011-12-31": "1.74", "2011-09-30": "1.71", "2011-06-30": "1.69", "2011-03-31": "1.65", "2010-12-31": "1.70", "2010-09-30": "1.73", "2010-06-30": "1.73", "2010-03-31": "1.80", "2009-12-31": "1.66", "2009-09-30": "1.68", "2009-06-30": "1.68", "2009-03-31": "1.71", "2008-12-31": "1.89", "2008-09-30": "1.88", "2008-06-30": "1.78", "2008-03-31": "1.87", "2007-12-31": "1.96", "2007-09-30": "1.67", "2007-06-30": "1.68", "2007-03-31": "1.69", "2006-12-31": "1.73", "2006-09-30": "1.71", "2006-06-30": "1.71", "2006-03-31": "1.73", "2005-12-31": "1.76", "2005-09-30": "1.81", "2005-06-30": "1.93", "2005-03-31": "2.21"}, "quick ratio": {"2020-09-30": "0.00", "2020-06-30": "0.00", "2020-03-31": "0.00", "2019-12-31": "0.00", "2019-09-30": "0.00", "2019-06-30": "0.00", "2019-03-31": "0.00", "2018-12-31": "0.00", "2018-09-30": "0.00", "2018-06-30": "0.00", "2018-03-31": "0.00", "2017-12-31": "0.00", "2017-09-30": "0.00", "2017-06-30": "0.00", "2017-03-31": "0.00", "2016-12-31": "0.00", "2016-09-30": "0.00", "2016-06-30": "0.00", "2016-03-31": "0.00", "2015-12-31": "0.00", "2015-09-30": "0.00", "2015-06-30": "0.00", "2015-03-31": "0.00", "2014-12-31": "0.00", "2014-09-30": "0.00", "2014-06-30": "0.00", "2014-03-31": "0.00", "2013-12-31": "0.00", "2013-09-30": "0.00", "2013-06-30": "0.00", "2013-03-31": "0.00", "2012-12-31": "0.00", "2012-09-30": "0.00", "2012-06-30": "0.00", "2012-03-31": "0.00", "2011-12-31": "0.00", "2011-09-30": "0.00", "2011-06-30": "0.00", "2011-03-31": "0.00", "2010-12-31": "0.00", "2010-09-30": "0.00", "2010-06-30": "0.00", "2010-03-31": "0.00", "2009-12-31": "0.00", "2009-09-30": "0.00", "2009-06-30": "0.00", "2009-03-31": "0.00", "2008-12-31": "0.00", "2008-09-30": "0.00", "2008-06-30": "0.00", "2008-03-31": "0.00", "2007-12-31": "0.00", "2007-09-30": "0.00", "2007-06-30": "0.00", "2007-03-31": "0.00", "2006-12-31": "0.00", "2006-09-30": "0.00", "2006-06-30": "0.00", "2006-03-31": "0.00", "2005-12-31": "0.00", "2005-09-30": "0.00", "2005-06-30": "0.00", "2005-03-31": "0.00"}, "debt equity ratio": {"current": "0.93", "2020-09-30": "2.58", "2020-06-30": "2.95", "2020-03-31": "3.33", "2019-12-31": "2.46", "2019-09-30": "2.66", "2019-06-30": "2.85", "2019-03-31": "3.13", "2018-12-31": "3.34", "2018-09-30": "4.16", "2018-06-30": "4.29", "2018-03-31": "4.88", "2017-12-31": "5.34", "2017-09-30": "5.27", "2017-06-30": "4.64", "2017-03-31": "3.65", "2016-12-31": "3.52", "2016-09-30": "3.48", "2016-06-30": "3.39", "2016-03-31": "3.52", "2015-12-31": "3.22", "2015-09-30": "2.90", "2015-06-30": "2.92", "2015-03-31": "3.96", "2014-12-31": "3.39", "2014-09-30": "3.21", "2014-06-30": "2.76", "2014-03-31": "2.67", "2013-12-31": "2.36", "2013-09-30": "2.28", "2013-06-30": "1.94", "2013-03-31": "2.26", "2012-12-31": "1.47", "2012-09-30": "1.53", "2012-06-30": "1.57", "2012-03-31": "1.24", "2011-12-31": "1.19", "2011-09-30": "1.07", "2011-06-30": "1.09", "2011-03-31": "1.14", "2010-12-31": "1.10", "2010-09-30": "1.05", "2010-06-30": "1.40", "2010-03-31": "1.15", "2009-12-31": "1.29", "2009-09-30": "1.25", "2009-06-30": "1.25", "2009-03-31": "1.28", "2008-12-31": "1.16", "2008-09-30": "1.28", "2008-06-30": "1.38", "2008-03-31": "1.28", "2007-12-31": "1.39", "2007-09-30": "1.02", "2007-06-30": "1.06", "2007-03-31": "1.03", "2006-12-31": "1.06", "2006-09-30": "0.91", "2006-06-30": "0.91", "2006-03-31": "0.75", "2005-12-31": "0.82", "2005-09-30": "0.69", "2005-06-30": "0.62", "2005-03-31": "0.57"}, "return on equity": {"2020-09-30": "41.36%", "2020-06-30": "42.88%", "2020-03-31": "39.98%", "2019-12-31": "40.04%", "2019-09-30": "43.69%", "2019-06-30": "46.73%", "2019-03-31": "47.63%", "2018-12-31": "44.06%", "2018-09-30": "15.98%", "2018-06-30": "-3.35%", "2018-03-31": "-33.01%", "2017-12-31": "-34.05%", "2017-09-30": "-18.78%", "2017-06-30": "-9.59%", "2017-03-31": "6.26%", "2016-12-31": "3.17%", "2016-09-30": "7.96%", "2016-06-30": "8.44%", "2016-03-31": "9.07%", "2015-12-31": "10.25%", "2015-09-30": "11.68%", "2015-06-30": "10.45%", "2015-03-31": "8.75%", "2014-12-31": "6.55%", "2014-09-30": "2.07%", "2014-06-30": "1.22%", "2014-03-31": "3.15%", "2013-12-31": "6.30%", "2013-09-30": "10.74%", "2013-06-30": "10.58%", "2013-03-31": "2.89%", "2012-12-31": "1.31%", "2012-09-30": "-6.47%", "2012-06-30": "-4.32%", "2012-03-31": "2.73%", "2011-12-31": "2.63%", "2011-09-30": "9.44%", "2011-06-30": "9.30%", "2011-03-31": "9.10%", "2010-12-31": "8.82%", "2010-09-30": "5.76%", "2010-06-30": "4.89%", "2010-03-31": "5.70%", "2009-12-31": "5.95%", "2009-09-30": "9.53%", "2009-06-30": "11.03%", "2009-03-31": "11.45%", "2008-12-31": "11.60%", "2008-09-30": "12.24%", "2008-06-30": "12.90%", "2008-03-31": "12.57%", "2007-12-31": "12.62%", "2007-09-30": "11.98%", "2007-06-30": "11.01%", "2007-03-31": "11.39%", "2006-12-31": "11.54%", "2006-09-30": "11.70%", "2006-06-30": "10.80%", "2006-03-31": "6.14%", "2005-12-31": "7.97%"}, "return on assets": {"2020-09-30": "10.88%", "2020-06-30": "11.19%", "2020-03-31": "10.50%", "2019-12-31": "10.62%", "2019-09-30": "10.95%", "2019-06-30": "10.75%", "2019-03-31": "10.12%", "2018-12-31": "8.54%", "2018-09-30": "2.84%", "2018-06-30": "-0.57%", "2018-03-31": "-5.49%", "2017-12-31": "-6.02%", "2017-09-30": "-3.60%", "2017-06-30": "-2.00%", "2017-03-31": "1.39%", "2016-12-31": "0.71%", "2016-09-30": "1.81%", "2016-06-30": "1.98%", "2016-03-31": "2.19%", "2015-12-31": "2.44%", "2015-09-30": "2.77%", "2015-06-30": "2.41%", "2015-03-31": "2.01%", "2014-12-31": "1.63%", "2014-09-30": "0.55%", "2014-06-30": "0.35%", "2014-03-31": "0.95%", "2013-12-31": "1.96%", "2013-09-30": "3.59%", "2013-06-30": "3.77%", "2013-03-31": "1.07%", "2012-12-31": "0.53%", "2012-09-30": "-2.72%", "2012-06-30": "-1.91%", "2012-03-31": "1.27%", "2011-12-31": "1.24%", "2011-09-30": "4.50%", "2011-06-30": "4.44%", "2011-03-31": "4.21%", "2010-12-31": "4.08%", "2010-09-30": "2.60%", "2010-06-30": "2.15%", "2010-03-31": "2.55%", "2009-12-31": "2.62%", "2009-09-30": "4.27%", "2009-06-30": "4.92%", "2009-03-31": "5.04%", "2008-12-31": "5.10%", "2008-09-30": "5.25%", "2008-06-30": "5.68%", "2008-03-31": "5.73%", "2007-12-31": "5.92%", "2007-09-30": "5.87%", "2007-06-30": "5.46%", "2007-03-31": "5.76%", "2006-12-31": "6.04%", "2006-09-30": "6.33%", "2006-06-30": "6.02%", "2006-03-31": "3.57%", "2005-12-31": "4.76%"}, "return on investments": {"2020-09-30": "32.39%", "2020-06-30": "33.62%", "2020-03-31": "30.96%", "2019-12-31": "31.81%", "2019-09-30": "34.19%", "2019-06-30": "36.94%", "2019-03-31": "40.63%", "2018-12-31": "39.05%", "2018-09-30": "20.39%", "2018-06-30": "7.29%", "2018-03-31": "-14.31%", "2017-12-31": "-18.64%", "2017-09-30": "-9.83%", "2017-06-30": "-3.15%", "2017-03-31": "9.70%", "2016-12-31": "10.46%", "2016-09-30": "13.38%", "2016-06-30": "14.28%", "2016-03-31": "16.76%", "2015-12-31": "18.97%", "2015-09-30": "22.23%", "2015-06-30": "18.59%", "2015-03-31": "14.73%", "2014-12-31": "11.33%", "2014-09-30": "5.86%", "2014-06-30": "5.09%", "2014-03-31": "5.90%", "2013-12-31": "8.83%", "2013-09-30": "13.49%", "2013-06-30": "13.40%", "2013-03-31": "6.78%", "2012-12-31": "4.02%", "2012-09-30": "2.60%", "2012-06-30": "5.89%", "2012-03-31": "14.31%", "2011-12-31": "14.46%", "2011-09-30": "14.05%", "2011-06-30": "13.96%", "2011-03-31": "13.21%", "2010-12-31": "12.64%", "2010-09-30": "8.36%", "2010-06-30": "6.78%", "2010-03-31": "6.84%", "2009-12-31": "7.34%", "2009-09-30": "11.39%", "2009-06-30": "13.53%", "2009-03-31": "15.10%", "2008-12-31": "15.14%", "2008-09-30": "16.47%", "2008-06-30": "17.72%", "2008-03-31": "17.97%", "2007-12-31": "18.69%", "2007-09-30": "18.37%", "2007-06-30": "17.07%", "2007-03-31": "17.77%", "2006-12-31": "23.18%", "2006-09-30": "35.71%", "2006-06-30": "34.21%", "2006-03-31": "20.51%", "2005-12-31": "17.46%"}, "return on tangible equity": {"2020-09-30": "45.88%", "2020-06-30": "47.20%", "2020-03-31": "44.27%", "2019-12-31": "44.34%", "2019-09-30": "48.75%", "2019-06-30": "52.55%", "2019-03-31": "53.83%", "2018-12-31": "50.65%", "2018-09-30": "18.74%", "2018-06-30": "-4.22%", "2018-03-31": "-46.65%", "2017-12-31": "-53.81%", "2017-09-30": "-32.88%", "2017-06-30": "-17.37%", "2017-03-31": "11.44%", "2016-12-31": "5.91%", "2016-09-30": "14.56%", "2016-06-30": "14.29%", "2016-03-31": "14.08%", "2015-12-31": "15.01%", "2015-09-30": "16.59%", "2015-06-30": "15.16%", "2015-03-31": "13.36%", "2014-12-31": "10.07%", "2014-09-30": "3.20%", "2014-06-30": "1.92%", "2014-03-31": "4.77%", "2013-12-31": "9.33%", "2013-09-30": "15.44%", "2013-06-30": "14.82%", "2013-03-31": "4.15%", "2012-12-31": "1.90%", "2012-09-30": "-9.56%", "2012-06-30": "-6.54%", "2012-03-31": "4.26%", "2011-12-31": "4.26%", "2011-09-30": "15.97%", "2011-06-30": "16.37%", "2011-03-31": "17.20%", "2010-12-31": "16.53%", "2010-09-30": "10.61%", "2010-06-30": "8.68%", "2010-03-31": "9.31%", "2009-12-31": "9.73%", "2009-09-30": "15.37%", "2009-06-30": "17.81%", "2009-03-31": "18.72%", "2008-12-31": "19.16%", "2008-09-30": "20.75%", "2008-06-30": "20.93%", "2008-03-31": "19.56%", "2007-12-31": "19.00%", "2007-09-30": "17.45%", "2007-06-30": "16.49%", "2007-03-31": "17.57%", "2006-12-31": "17.85%", "2006-09-30": "18.15%", "2006-06-30": "16.68%", "2006-03-31": "9.39%", "2005-12-31": "11.99%"}, "dividend yield history": {"last payout": "$0.00", "last yield": "0.00%"}}