{"ticker": "MPWR", "price": {"title": "Monolithic Power Systems Historical Annual Stock Price Data", "value": 359.51, "historical": {"2020": {"Average Stock Price": "239.2859", "Year Open": "180.0100", "Year High": "366.2300", "Year Low": "135.2200", "Year Close": "366.2300", "Annual % Change": "105.72%"}, "2019": {"Average Stock Price": "144.3078", "Year Open": "115.4400", "Year High": "182.8900", "Year Low": "108.6100", "Year Close": "178.0200", "Annual % Change": "53.14%"}, "2018": {"Average Stock Price": "126.3047", "Year Open": "116.3100", "Year High": "151.3800", "Year Low": "103.8200", "Year Close": "116.2500", "Annual % Change": "3.46%"}, "2017": {"Average Stock Price": "100.4279", "Year Open": "83.6100", "Year High": "126.6400", "Year Low": "82.7600", "Year Close": "112.3600", "Annual % Change": "37.14%"}, "2016": {"Average Stock Price": "69.8913", "Year Open": "60.9700", "Year High": "85.4300", "Year Low": "56.2100", "Year Close": "81.9300", "Annual % Change": "28.60%"}, "2015": {"Average Stock Price": "53.7899", "Year Open": "48.6200", "Year High": "68.8800", "Year Low": "45.2800", "Year Close": "63.7100", "Annual % Change": "28.09%"}, "2014": {"Average Stock Price": "40.8012", "Year Open": "34.0300", "Year High": "50.4400", "Year Low": "31.3600", "Year Close": "49.7400", "Annual % Change": "43.51%"}, "2013": {"Average Stock Price": "26.9677", "Year Open": "22.8300", "Year High": "34.6600", "Year Low": "20.9900", "Year Close": "34.6600", "Annual % Change": "55.57%"}, "2012": {"Average Stock Price": "19.3612", "Year Open": "15.2000", "Year High": "22.5500", "Year Low": "14.8600", "Year Close": "22.2800", "Annual % Change": "47.84%"}, "2011": {"Average Stock Price": "13.9220", "Year Open": "16.8900", "Year High": "17.3000", "Year Low": "9.6700", "Year Close": "15.0700", "Annual % Change": "-8.78%"}, "2010": {"Average Stock Price": "19.0625", "Year Open": "24.0000", "Year High": "24.9100", "Year Low": "15.0900", "Year Close": "16.5200", "Annual % Change": "-31.08%"}, "2009": {"Average Stock Price": "19.5152", "Year Open": "13.1300", "Year High": "25.0000", "Year Low": "10.8200", "Year Close": "23.9700", "Annual % Change": "90.09%"}, "2008": {"Average Stock Price": "18.6934", "Year Open": "21.3800", "Year High": "27.9100", "Year Low": "7.7400", "Year Close": "12.6100", "Annual % Change": "-41.27%"}, "2007": {"Average Stock Price": "17.3916", "Year Open": "11.1500", "Year High": "25.9701", "Year Low": "11.0100", "Year Close": "21.4700", "Annual % Change": "93.25%"}, "2006": {"Average Stock Price": "13.2534", "Year Open": "15.0800", "Year High": "19.5900", "Year Low": "8.1300", "Year Close": "11.1100", "Annual % Change": "-25.88%"}, "2005": {"Average Stock Price": "9.2667", "Year Open": "8.8700", "Year High": "17.2400", "Year Low": "5.8600", "Year Close": "14.9900", "Annual % Change": "61.18%"}, "2004": {"Average Stock Price": "9.9970", "Year Open": "9.8400", "Year High": "11.1400", "Year Low": "9.3000", "Year Close": "9.3000", "Annual % Change": "0.00%"}}}, "market cap": {"value": "$16.21B"}, "income statement": {"Revenue": {"2020-12-31": "844.45200", "2019-12-31": "627.92100", "2018-12-31": "582.38200", "2017-12-31": "470.92900", "2016-12-31": "388.66500", "2015-12-31": "333.06700", "2014-12-31": "282.53500", "2013-12-31": "238.09100", "2012-12-31": "213.81300", "2011-12-31": "196.51900", "2010-12-31": "218.84000", "2009-12-31": "165.00800", "2008-12-31": "160.51100", "2007-12-31": "134.00400", "2006-12-31": "105.01500", "2005-12-31": "99.13100"}, "Cost Of Goods Sold": {"2020-12-31": "378.49800", "2019-12-31": "281.59600", "2018-12-31": "259.71400", "2017-12-31": "212.64600", "2016-12-31": "177.79200", "2015-12-31": "152.89800", "2014-12-31": "129.91700", "2013-12-31": "110.19000", "2012-12-31": "100.66500", "2011-12-31": "94.92500", "2010-12-31": "97.38300", "2009-12-31": "67.33000", "2008-12-31": "61.18400", "2007-12-31": "48.78100", "2006-12-31": "38.10700", "2005-12-31": "36.00300"}, "Gross Profit": {"2020-12-31": "465.95400", "2019-12-31": "346.32500", "2018-12-31": "322.66800", "2017-12-31": "258.28300", "2016-12-31": "210.87300", "2015-12-31": "180.16900", "2014-12-31": "152.61800", "2013-12-31": "127.90100", "2012-12-31": "113.14800", "2011-12-31": "101.59400", "2010-12-31": "121.45700", "2009-12-31": "97.67800", "2008-12-31": "99.32700", "2007-12-31": "85.22300", "2006-12-31": "66.90800", "2005-12-31": "63.12800"}, "Research And Development Expenses": {"2020-12-31": "137.59800", "2019-12-31": "107.75700", "2018-12-31": "93.45500", "2017-12-31": "82.35900", "2016-12-31": "73.64300", "2015-12-31": "65.78700", "2014-12-31": "58.59000", "2013-12-31": "49.73300", "2012-12-31": "48.79600", "2011-12-31": "44.51800", "2010-12-31": "44.37200", "2009-12-31": "38.29500", "2008-12-31": "34.85000", "2007-12-31": "27.34200", "2006-12-31": "22.30100", "2005-12-31": "14.82600"}, "SG&A Expenses": {"2020-12-31": "161.67000", "2019-12-31": "133.54200", "2018-12-31": "113.80300", "2017-12-31": "97.25700", "2016-12-31": "83.01200", "2015-12-31": "72.31200", "2014-12-31": "66.75500", "2013-12-31": "54.62400", "2012-12-31": "50.01800", "2011-12-31": "40.28000", "2010-12-31": "41.16900", "2009-12-31": "36.75200", "2008-12-31": "35.25600", "2007-12-31": "29.53700", "2006-12-31": "27.59400", "2005-12-31": "18.43400"}, "Other Operating Income Or Expenses": {"2020-12-31": "-7.80400", "2019-12-31": "-2.46400", "2018-12-31": "-1.92200", "2017-12-31": "-1.24300", "2016-12-31": "0.22900", "2015-12-31": "-1.00000", "2014-12-31": "8.02700", "2013-12-31": "0.37100", "2012-12-31": "2.94500", "2011-12-31": "-3.37900", "2010-12-31": "-5.41800", "2009-12-31": "-3.10100", "2008-12-31": "-6.71400", "2007-12-31": "-18.67400", "2006-12-31": "-15.77800", "2005-12-31": "-23.40400"}, "Operating Expenses": {"2020-12-31": "685.57000", "2019-12-31": "525.35900", "2018-12-31": "468.89400", "2017-12-31": "393.50500", "2016-12-31": "334.21800", "2015-12-31": "291.99700", "2014-12-31": "247.23500", "2013-12-31": "214.17600", "2012-12-31": "196.53400", "2011-12-31": "183.10200", "2010-12-31": "188.34200", "2009-12-31": "145.47800", "2008-12-31": "138.00400", "2007-12-31": "124.33400", "2006-12-31": "103.78000", "2005-12-31": "92.66700"}, "Operating Income": {"2020-12-31": "158.88200", "2019-12-31": "102.56200", "2018-12-31": "113.48800", "2017-12-31": "77.42400", "2016-12-31": "54.44700", "2015-12-31": "41.07000", "2014-12-31": "35.30000", "2013-12-31": "23.91500", "2012-12-31": "17.27900", "2011-12-31": "13.41700", "2010-12-31": "30.49800", "2009-12-31": "19.53000", "2008-12-31": "22.50700", "2007-12-31": "9.67000", "2006-12-31": "1.23500", "2005-12-31": "6.46400"}, "Total Non-Operating Income/Expense": {"2020-12-31": "10.46000", "2019-12-31": "10.55800", "2018-12-31": "4.99400", "2017-12-31": "5.52000", "2016-12-31": "2.81700", "2015-12-31": "1.42100", "2014-12-31": "1.09200", "2013-12-31": "0.09200", "2012-12-31": "0.61100", "2011-12-31": "0.30900", "2010-12-31": "0.92200", "2009-12-31": "0.61800", "2008-12-31": "2.93500", "2007-12-31": "4.60200", "2006-12-31": "2.36400", "2005-12-31": "1.59200"}, "Pre-Tax Income": {"2020-12-31": "169.34200", "2019-12-31": "113.12000", "2018-12-31": "118.48200", "2017-12-31": "82.94400", "2016-12-31": "57.26400", "2015-12-31": "42.49100", "2014-12-31": "36.39200", "2013-12-31": "24.00700", "2012-12-31": "17.89000", "2011-12-31": "13.72600", "2010-12-31": "31.42000", "2009-12-31": "20.14800", "2008-12-31": "25.44200", "2007-12-31": "14.27200", "2006-12-31": "3.59900", "2005-12-31": "8.05600"}, "Income Taxes": {"2020-12-31": "4.96700", "2019-12-31": "4.28100", "2018-12-31": "13.21400", "2017-12-31": "17.74100", "2016-12-31": "4.54400", "2015-12-31": "7.31900", "2014-12-31": "0.89700", "2013-12-31": "1.10900", "2012-12-31": "2.13400", "2011-12-31": "0.42500", "2010-12-31": "1.85700", "2009-12-31": "0.47400", "2008-12-31": "1.21600", "2007-12-31": "2.69200", "2006-12-31": "6.02400", "2005-12-31": "2.94900"}, "Income After Taxes": {"2020-12-31": "164.37500", "2019-12-31": "108.83900", "2018-12-31": "105.26800", "2017-12-31": "65.20300", "2016-12-31": "52.72000", "2015-12-31": "35.17200", "2014-12-31": "35.49500", "2013-12-31": "22.89800", "2012-12-31": "15.75600", "2011-12-31": "13.30100", "2010-12-31": "29.56300", "2009-12-31": "19.67400", "2008-12-31": "24.22600", "2007-12-31": "11.58000", "2006-12-31": "-2.42500", "2005-12-31": "5.10700"}, "Other Income": {"2020-12-31": "", "2019-12-31": "", "2018-12-31": "", "2017-12-31": "", "2016-12-31": "", "2015-12-31": "", "2014-12-31": "", "2013-12-31": "", "2012-12-31": "", "2011-12-31": "", "2010-12-31": "", "2009-12-31": "", "2008-12-31": "", "2007-12-31": "", "2006-12-31": "", "2005-12-31": ""}, "Income From Continuous Operations": {"2020-12-31": "164.37500", "2019-12-31": "108.83900", "2018-12-31": "105.26800", "2017-12-31": "65.20300", "2016-12-31": "52.72000", "2015-12-31": "35.17200", "2014-12-31": "35.49500", "2013-12-31": "22.89800", "2012-12-31": "15.75600", "2011-12-31": "13.30100", "2010-12-31": "29.56300", "2009-12-31": "19.67400", "2008-12-31": "24.22600", "2007-12-31": "11.58000", "2006-12-31": "-2.42500", "2005-12-31": "5.10700"}, "Income From Discontinued Operations": {"2020-12-31": "", "2019-12-31": "", "2018-12-31": "", "2017-12-31": "", "2016-12-31": "", "2015-12-31": "", "2014-12-31": "", "2013-12-31": "", "2012-12-31": "", "2011-12-31": "", "2010-12-31": "", "2009-12-31": "", "2008-12-31": "", "2007-12-31": "", "2006-12-31": "", "2005-12-31": ""}, "Net Income": {"2020-12-31": "164.37500", "2019-12-31": "108.83900", "2018-12-31": "105.26800", "2017-12-31": "65.20300", "2016-12-31": "52.72000", "2015-12-31": "35.17200", "2014-12-31": "35.49500", "2013-12-31": "22.89800", "2012-12-31": "15.75600", "2011-12-31": "13.30100", "2010-12-31": "29.56300", "2009-12-31": "19.67400", "2008-12-31": "24.22600", "2007-12-31": "11.58000", "2006-12-31": "-2.42500", "2005-12-31": "5.10700"}, "EBITDA": {"2020-12-31": "158.88200", "2019-12-31": "114.35200", "2018-12-31": "127.40700", "2017-12-31": "92.97000", "2016-12-31": "68.88300", "2015-12-31": "55.31600", "2014-12-31": "48.66700", "2013-12-31": "36.51800", "2012-12-31": "26.82500", "2011-12-31": "22.52500", "2010-12-31": "39.20200", "2009-12-31": "26.48300", "2008-12-31": "28.19600", "2007-12-31": "25.08200", "2006-12-31": "15.48300", "2005-12-31": "13.56700"}, "EBIT": {"2020-12-31": "158.88200", "2019-12-31": "102.56200", "2018-12-31": "113.48800", "2017-12-31": "77.42400", "2016-12-31": "54.44700", "2015-12-31": "41.07000", "2014-12-31": "35.30000", "2013-12-31": "23.91500", "2012-12-31": "17.27900", "2011-12-31": "13.41700", "2010-12-31": "30.49800", "2009-12-31": "19.53000", "2008-12-31": "22.50700", "2007-12-31": "9.67000", "2006-12-31": "1.23500", "2005-12-31": "6.46400"}, "Basic Shares Outstanding": {"2020-12-31": "44.84000", "2019-12-31": "43.16500", "2018-12-31": "42.24700", "2017-12-31": "41.35000", "2016-12-31": "40.43600", "2015-12-31": "39.47000", "2014-12-31": "38.68600", "2013-12-31": "37.38700", "2012-12-31": "34.87100", "2011-12-31": "34.05000", "2010-12-31": "35.83000", "2009-12-31": "34.31000", "2008-12-31": "33.50900", "2007-12-31": "31.70300", "2006-12-31": "29.50200", "2005-12-31": "27.99800"}, "Shares Outstanding": {"2020-12-31": "47.01400", "2019-12-31": "45.76300", "2018-12-31": "44.60200", "2017-12-31": "43.57800", "2016-12-31": "41.91500", "2015-12-31": "40.86900", "2014-12-31": "39.79300", "2013-12-31": "38.62000", "2012-12-31": "36.24700", "2011-12-31": "35.16000", "2010-12-31": "37.82600", "2009-12-31": "36.63400", "2008-12-31": "36.12000", "2007-12-31": "35.09000", "2006-12-31": "29.50200", "2005-12-31": "30.87100"}, "Basic EPS": {"2020-12-31": "3.67000", "2019-12-31": "2.52000", "2018-12-31": "2.49000", "2017-12-31": "1.58000", "2016-12-31": "1.30000", "2015-12-31": "0.89000", "2014-12-31": "0.92000", "2013-12-31": "0.61000", "2012-12-31": "0.45000", "2011-12-31": "0.39000", "2010-12-31": "0.83000", "2009-12-31": "0.57000", "2008-12-31": "0.72000", "2007-12-31": "0.37000", "2006-12-31": "-0.08000", "2005-12-31": "0.18000"}, "EPS - Earnings Per Share": {"2020-12-31": "3.50000", "2019-12-31": "2.38000", "2018-12-31": "2.36000", "2017-12-31": "1.50000", "2016-12-31": "1.26000", "2015-12-31": "0.86000", "2014-12-31": "0.89000", "2013-12-31": "0.59000", "2012-12-31": "0.43000", "2011-12-31": "0.38000", "2010-12-31": "0.78000", "2009-12-31": "0.54000", "2008-12-31": "0.67000", "2007-12-31": "0.33000", "2006-12-31": "-0.08000", "2005-12-31": "0.17000"}}, "income statement, quarterly": {"Revenue": {"2020-12-31": "233.04300", "2020-09-30": "259.42200", "2020-06-30": "186.20900", "2020-03-31": "165.77800", "2019-12-31": "166.73800", "2019-09-30": "168.81300", "2019-06-30": "151.00700", "2019-03-31": "141.36300", "2018-12-31": "153.49600", "2018-09-30": "159.97500", "2018-06-30": "139.76100", "2018-03-31": "129.15000", "2017-12-31": "129.43000", "2017-09-30": "128.93900", "2017-06-30": "112.19800", "2017-03-31": "100.36200", "2016-12-31": "103.61800", "2016-09-30": "106.45600", "2016-06-30": "94.07900", "2016-03-31": "84.51200", "2015-12-31": "86.91900", "2015-09-30": "91.19400", "2015-06-30": "81.41600", "2015-03-31": "73.53800", "2014-12-31": "75.70300", "2014-09-30": "78.33500", "2014-06-30": "68.43600", "2014-03-31": "60.06100", "2013-12-31": "63.56000", "2013-09-30": "65.34700", "2013-06-30": "57.71400", "2013-03-31": "51.47000", "2012-12-31": "48.21400", "2012-09-30": "56.50800", "2012-06-30": "58.60700", "2012-03-31": "50.48400", "2011-12-31": "47.46100", "2011-09-30": "52.96200", "2011-06-30": "51.62800", "2011-03-31": "44.46800", "2010-12-31": "47.05700", "2010-09-30": "65.84300", "2010-06-30": "55.69000", "2010-03-31": "50.25000", "2009-12-31": "46.54700", "2009-09-30": "47.96600", "2009-06-30": "41.17300", "2009-03-31": "29.32200", "2008-12-31": "34.70900", "2008-09-30": "48.89100", "2008-06-30": "41.50200", "2008-03-31": "35.40900", "2007-12-31": "38.48700", "2007-09-30": "40.18800", "2007-06-30": "30.83300", "2007-03-31": "24.49600", "2006-12-31": "26.39600", "2006-09-30": "27.25500", "2006-06-30": "26.60100", "2006-03-31": "24.76300", "2005-12-31": "32.53100", "2005-09-30": "29.70600", "2005-06-30": "22.25700", "2005-03-31": "14.63700"}, "Cost Of Goods Sold": {"2020-12-31": "104.16900", "2020-09-30": "116.38200", "2020-06-30": "83.61600", "2020-03-31": "74.33100", "2019-12-31": "74.80200", "2019-09-30": "75.65500", "2019-06-30": "67.78200", "2019-03-31": "63.35700", "2018-12-31": "68.90500", "2018-09-30": "70.95700", "2018-06-30": "62.19700", "2018-03-31": "57.65500", "2017-12-31": "58.27000", "2017-09-30": "58.08300", "2017-06-30": "50.77300", "2017-03-31": "45.52000", "2016-12-31": "47.10600", "2016-09-30": "48.53100", "2016-06-30": "43.15300", "2016-03-31": "39.00200", "2015-12-31": "40.00200", "2015-09-30": "41.75400", "2015-06-30": "37.28700", "2015-03-31": "33.85500", "2014-12-31": "34.74400", "2014-09-30": "35.87200", "2014-06-30": "31.33700", "2014-03-31": "27.96400", "2013-12-31": "29.26600", "2013-09-30": "30.05300", "2013-06-30": "26.78600", "2013-03-31": "24.08500", "2012-12-31": "22.66100", "2012-09-30": "26.49500", "2012-06-30": "27.43500", "2012-03-31": "24.07400", "2011-12-31": "22.54400", "2011-09-30": "25.14800", "2011-06-30": "25.07000", "2011-03-31": "22.16300", "2010-12-31": "23.31600", "2010-09-30": "29.85700", "2010-06-30": "23.25600", "2010-03-31": "20.95400", "2009-12-31": "19.20800", "2009-09-30": "18.86800", "2009-06-30": "16.82300", "2009-03-31": "12.43100", "2008-12-31": "14.56400", "2008-09-30": "18.20100", "2008-06-30": "15.37500", "2008-03-31": "13.04400", "2007-12-31": "13.90800", "2007-09-30": "14.66200", "2007-06-30": "11.24800", "2007-03-31": "8.96300", "2006-12-31": "9.51900", "2006-09-30": "9.38200", "2006-06-30": "9.83300", "2006-03-31": "9.37300", "2005-12-31": "11.69600", "2005-09-30": "10.59300", "2005-06-30": "8.16800", "2005-03-31": "5.54600"}, "Gross Profit": {"2020-12-31": "128.87400", "2020-09-30": "143.04000", "2020-06-30": "102.59300", "2020-03-31": "91.44700", "2019-12-31": "91.93600", "2019-09-30": "93.15800", "2019-06-30": "83.22500", "2019-03-31": "78.00600", "2018-12-31": "84.59100", "2018-09-30": "89.01800", "2018-06-30": "77.56400", "2018-03-31": "71.49500", "2017-12-31": "71.16000", "2017-09-30": "70.85600", "2017-06-30": "61.42500", "2017-03-31": "54.84200", "2016-12-31": "56.51200", "2016-09-30": "57.92500", "2016-06-30": "50.92600", "2016-03-31": "45.51000", "2015-12-31": "46.91700", "2015-09-30": "49.44000", "2015-06-30": "44.12900", "2015-03-31": "39.68300", "2014-12-31": "40.95900", "2014-09-30": "42.46300", "2014-06-30": "37.09900", "2014-03-31": "32.09700", "2013-12-31": "34.29400", "2013-09-30": "35.29400", "2013-06-30": "30.92800", "2013-03-31": "27.38500", "2012-12-31": "25.55300", "2012-09-30": "30.01300", "2012-06-30": "31.17200", "2012-03-31": "26.41000", "2011-12-31": "24.91700", "2011-09-30": "27.81400", "2011-06-30": "26.55800", "2011-03-31": "22.30500", "2010-12-31": "23.74100", "2010-09-30": "35.98600", "2010-06-30": "32.43400", "2010-03-31": "29.29600", "2009-12-31": "27.33900", "2009-09-30": "29.09800", "2009-06-30": "24.35000", "2009-03-31": "16.89100", "2008-12-31": "20.14500", "2008-09-30": "30.69000", "2008-06-30": "26.12700", "2008-03-31": "22.36500", "2007-12-31": "24.57900", "2007-09-30": "25.52600", "2007-06-30": "19.58500", "2007-03-31": "15.53300", "2006-12-31": "16.87700", "2006-09-30": "17.87300", "2006-06-30": "16.76800", "2006-03-31": "15.39000", "2005-12-31": "20.83500", "2005-09-30": "19.11300", "2005-06-30": "14.08900", "2005-03-31": "9.09100"}, "Research And Development Expenses": {"2020-12-31": "42.25200", "2020-09-30": "37.71700", "2020-06-30": "31.67300", "2020-03-31": "25.95600", "2019-12-31": "27.01200", "2019-09-30": "27.74200", "2019-06-30": "27.54500", "2019-03-31": "25.45800", "2018-12-31": "22.73500", "2018-09-30": "25.63000", "2018-06-30": "23.48100", "2018-03-31": "21.60900", "2017-12-31": "21.73100", "2017-09-30": "21.44200", "2017-06-30": "20.29200", "2017-03-31": "18.89400", "2016-12-31": "17.97400", "2016-09-30": "20.47200", "2016-06-30": "17.87600", "2016-03-31": "17.32100", "2015-12-31": "16.73400", "2015-09-30": "17.27200", "2015-06-30": "15.74300", "2015-03-31": "16.03800", "2014-12-31": "14.94000", "2014-09-30": "14.67900", "2014-06-30": "13.36800", "2014-03-31": "15.60300", "2013-12-31": "12.48900", "2013-09-30": "12.64300", "2013-06-30": "12.47800", "2013-03-31": "12.12300", "2012-12-31": "13.24300", "2012-09-30": "11.96700", "2012-06-30": "12.46800", "2012-03-31": "11.11800", "2011-12-31": "11.40300", "2011-09-30": "11.79200", "2011-06-30": "11.23700", "2011-03-31": "10.08600", "2010-12-31": "10.25600", "2010-09-30": "11.29100", "2010-06-30": "11.78500", "2010-03-31": "11.04000", "2009-12-31": "10.36600", "2009-09-30": "10.08000", "2009-06-30": "9.73200", "2009-03-31": "8.11700", "2008-12-31": "9.25600", "2008-09-30": "9.42000", "2008-06-30": "8.60200", "2008-03-31": "7.57200", "2007-12-31": "7.49300", "2007-09-30": "7.48900", "2007-06-30": "6.42800", "2007-03-31": "5.93200", "2006-12-31": "5.91000", "2006-09-30": "5.89700", "2006-06-30": "5.42700", "2006-03-31": "5.06700", "2005-12-31": "3.84600", "2005-09-30": "4.04500", "2005-06-30": "3.75300", "2005-03-31": "3.18200"}, "SG&A Expenses": {"2020-12-31": "45.12000", "2020-09-30": "43.50300", "2020-06-30": "40.88300", "2020-03-31": "32.16400", "2019-12-31": "33.23900", "2019-09-30": "34.69200", "2019-06-30": "35.05800", "2019-03-31": "30.55300", "2018-12-31": "28.37200", "2018-09-30": "29.55200", "2018-06-30": "28.56100", "2018-03-31": "27.31800", "2017-12-31": "24.03700", "2017-09-30": "25.25500", "2017-06-30": "25.87300", "2017-03-31": "22.09200", "2016-12-31": "21.31600", "2016-09-30": "22.39700", "2016-06-30": "21.53100", "2016-03-31": "17.76800", "2015-12-31": "18.10800", "2015-09-30": "18.72200", "2015-06-30": "17.96400", "2015-03-31": "17.51800", "2014-12-31": "16.78700", "2014-09-30": "17.00600", "2014-06-30": "16.85300", "2014-03-31": "16.10900", "2013-12-31": "13.68200", "2013-09-30": "13.89100", "2013-06-30": "13.79300", "2013-03-31": "13.25800", "2012-12-31": "13.93000", "2012-09-30": "11.95500", "2012-06-30": "12.16700", "2012-03-31": "11.96600", "2011-12-31": "10.19800", "2011-09-30": "10.24900", "2011-06-30": "10.34300", "2011-03-31": "9.49000", "2010-12-31": "8.86500", "2010-09-30": "10.29600", "2010-06-30": "11.61500", "2010-03-31": "10.39300", "2009-12-31": "10.18500", "2009-09-30": "9.43800", "2009-06-30": "9.32100", "2009-03-31": "7.80800", "2008-12-31": "8.05600", "2008-09-30": "9.56000", "2008-06-30": "8.91200", "2008-03-31": "8.72800", "2007-12-31": "8.15000", "2007-09-30": "8.07100", "2007-06-30": "7.11900", "2007-03-31": "6.19700", "2006-12-31": "6.59100", "2006-09-30": "6.87700", "2006-06-30": "6.69900", "2006-03-31": "7.42700", "2005-12-31": "5.47100", "2005-09-30": "4.88000", "2005-06-30": "4.52800", "2005-03-31": "3.55500"}, "Other Operating Income Or Expenses": {"2020-12-31": "-1.53900", "2020-09-30": "-1.84100", "2020-06-30": "-2.08200", "2020-03-31": "-2.34100", "2019-12-31": "-0.99100", "2019-09-30": "-0.69200", "2019-06-30": "-0.50300", "2019-03-31": "-0.27800", "2018-12-31": "-0.40800", "2018-09-30": "-0.34300", "2018-06-30": "-0.64000", "2018-03-31": "-0.53100", "2017-12-31": "-0.34000", "2017-09-30": "-0.32700", "2017-06-30": "-0.29000", "2017-03-31": "-0.28600", "2016-12-31": "0.32100", "2016-09-30": "-0.05500", "2016-06-30": "0.00800", "2016-03-31": "-0.04500", "2015-12-31": "-0.28300", "2015-09-30": "-0.13600", "2015-06-30": "-0.31100", "2015-03-31": "-0.27000", "2014-12-31": "-0.06700", "2014-09-30": "-0.33200", "2014-06-30": "-0.27400", "2014-03-31": "8.70000", "2013-12-31": "-0.08300", "2013-09-30": "-0.10400", "2013-06-30": "0.25700", "2013-03-31": "0.30100", "2012-12-31": "2.60000", "2012-09-30": "0.22900", "2012-06-30": "0.24400", "2012-03-31": "-0.12800", "2011-12-31": "-0.90500", "2011-09-30": "-0.72200", "2011-06-30": "-0.93900", "2011-03-31": "-0.81300", "2010-12-31": "-0.65900", "2010-09-30": "-0.96400", "2010-06-30": "-2.22800", "2010-03-31": "-1.56700", "2009-12-31": "-2.36700", "2009-09-30": "3.54500", "2009-06-30": "-2.23300", "2009-03-31": "-2.04600", "2008-12-31": "-0.59400", "2008-09-30": "-1.09000", "2008-06-30": "-4.29400", "2008-03-31": "-0.73600", "2007-12-31": "-1.04300", "2007-09-30": "-1.45200", "2007-06-30": "-13.33200", "2007-03-31": "-2.84700", "2006-12-31": "-3.12800", "2006-09-30": "-5.76500", "2006-06-30": "-2.82100", "2006-03-31": "-4.06400", "2005-12-31": "-6.02200", "2005-09-30": "4.48800", "2005-06-30": "-17.37200", "2005-03-31": "-4.49800"}, "Operating Expenses": {"2020-12-31": "193.08000", "2020-09-30": "199.44300", "2020-06-30": "158.25400", "2020-03-31": "134.79200", "2019-12-31": "136.04400", "2019-09-30": "138.78100", "2019-06-30": "130.88800", "2019-03-31": "119.64600", "2018-12-31": "120.42000", "2018-09-30": "126.48200", "2018-06-30": "114.87900", "2018-03-31": "107.11300", "2017-12-31": "104.37800", "2017-09-30": "105.10700", "2017-06-30": "97.22800", "2017-03-31": "86.79200", "2016-12-31": "86.07500", "2016-09-30": "91.45500", "2016-06-30": "82.55200", "2016-03-31": "74.13600", "2015-12-31": "75.12700", "2015-09-30": "77.88400", "2015-06-30": "71.30500", "2015-03-31": "67.68100", "2014-12-31": "66.53800", "2014-09-30": "67.88900", "2014-06-30": "61.83200", "2014-03-31": "50.97600", "2013-12-31": "55.52000", "2013-09-30": "56.69100", "2013-06-30": "52.80000", "2013-03-31": "49.16500", "2012-12-31": "47.23400", "2012-09-30": "50.18800", "2012-06-30": "51.82600", "2012-03-31": "47.28600", "2011-12-31": "45.05000", "2011-09-30": "47.91100", "2011-06-30": "47.58900", "2011-03-31": "42.55200", "2010-12-31": "43.09600", "2010-09-30": "52.40800", "2010-06-30": "48.88400", "2010-03-31": "43.95400", "2009-12-31": "42.12600", "2009-09-30": "34.84100", "2009-06-30": "38.10900", "2009-03-31": "30.40200", "2008-12-31": "32.47000", "2008-09-30": "38.27100", "2008-06-30": "37.18300", "2008-03-31": "30.08000", "2007-12-31": "30.59400", "2007-09-30": "31.67400", "2007-06-30": "38.12700", "2007-03-31": "23.93900", "2006-12-31": "25.14800", "2006-09-30": "27.92100", "2006-06-30": "24.78000", "2006-03-31": "25.93100", "2005-12-31": "27.03500", "2005-09-30": "15.03000", "2005-06-30": "33.82100", "2005-03-31": "16.78100"}, "Operating Income": {"2020-12-31": "39.96300", "2020-09-30": "59.97900", "2020-06-30": "27.95500", "2020-03-31": "30.98600", "2019-12-31": "30.69400", "2019-09-30": "30.03200", "2019-06-30": "20.11900", "2019-03-31": "21.71700", "2018-12-31": "33.07600", "2018-09-30": "33.49300", "2018-06-30": "24.88200", "2018-03-31": "22.03700", "2017-12-31": "25.05200", "2017-09-30": "23.83200", "2017-06-30": "14.97000", "2017-03-31": "13.57000", "2016-12-31": "17.54300", "2016-09-30": "15.00100", "2016-06-30": "11.52700", "2016-03-31": "10.37600", "2015-12-31": "11.79200", "2015-09-30": "13.31000", "2015-06-30": "10.11100", "2015-03-31": "5.85700", "2014-12-31": "9.16500", "2014-09-30": "10.44600", "2014-06-30": "6.60400", "2014-03-31": "9.08500", "2013-12-31": "8.04000", "2013-09-30": "8.65600", "2013-06-30": "4.91400", "2013-03-31": "2.30500", "2012-12-31": "0.98000", "2012-09-30": "6.32000", "2012-06-30": "6.78100", "2012-03-31": "3.19800", "2011-12-31": "2.41100", "2011-09-30": "5.05100", "2011-06-30": "4.03900", "2011-03-31": "1.91600", "2010-12-31": "3.96100", "2010-09-30": "13.43500", "2010-06-30": "6.80600", "2010-03-31": "6.29600", "2009-12-31": "4.42100", "2009-09-30": "13.12500", "2009-06-30": "3.06400", "2009-03-31": "-1.08000", "2008-12-31": "2.23900", "2008-09-30": "10.62000", "2008-06-30": "4.31900", "2008-03-31": "5.32900", "2007-12-31": "7.89300", "2007-09-30": "8.51400", "2007-06-30": "-7.29400", "2007-03-31": "0.55700", "2006-12-31": "1.24800", "2006-09-30": "-0.66600", "2006-06-30": "1.82100", "2006-03-31": "-1.16800", "2005-12-31": "5.49600", "2005-09-30": "14.67600", "2005-06-30": "-11.56400", "2005-03-31": "-2.14400"}, "Total Non-Operating Income/Expense": {"2020-12-31": "4.48000", "2020-09-30": "2.49400", "2020-06-30": "5.20000", "2020-03-31": "-1.71400", "2019-12-31": "2.73100", "2019-09-30": "2.25700", "2019-06-30": "2.22900", "2019-03-31": "3.34100", "2018-12-31": "-0.39200", "2018-09-30": "2.71400", "2018-06-30": "2.23200", "2018-03-31": "0.44000", "2017-12-31": "1.64700", "2017-09-30": "1.25500", "2017-06-30": "1.23700", "2017-03-31": "1.38100", "2016-12-31": "0.89700", "2016-09-30": "0.78000", "2016-06-30": "0.59700", "2016-03-31": "0.54300", "2015-12-31": "0.55000", "2015-09-30": "-0.00600", "2015-06-30": "0.23500", "2015-03-31": "0.64200", "2014-12-31": "0.40500", "2014-09-30": "0.20200", "2014-06-30": "0.29500", "2014-03-31": "0.19000", "2013-12-31": "-0.05700", "2013-09-30": "-0.05900", "2013-06-30": "0.21800", "2013-03-31": "-0.01000", "2012-12-31": "-0.01000", "2012-09-30": "0.15600", "2012-06-30": "0.35900", "2012-03-31": "0.10600", "2011-12-31": "0.09900", "2011-09-30": "0.00300", "2011-06-30": "0.02400", "2011-03-31": "0.18300", "2010-12-31": "0.16000", "2010-09-30": "0.08100", "2010-06-30": "0.33400", "2010-03-31": "0.34700", "2009-12-31": "0.14600", "2009-09-30": "0.08500", "2009-06-30": "0.09600", "2009-03-31": "0.29100", "2008-12-31": "0.51400", "2008-09-30": "0.29500", "2008-06-30": "0.69800", "2008-03-31": "1.42800", "2007-12-31": "1.22400", "2007-09-30": "1.23100", "2007-06-30": "1.14700", "2007-03-31": "1.00000", "2006-12-31": "0.72800", "2006-09-30": "0.59100", "2006-06-30": "0.51600", "2006-03-31": "0.52900", "2005-12-31": "0.65900", "2005-09-30": "0.32700", "2005-06-30": "0.27500", "2005-03-31": "0.33100"}, "Pre-Tax Income": {"2020-12-31": "44.44300", "2020-09-30": "62.47300", "2020-06-30": "33.15500", "2020-03-31": "29.27200", "2019-12-31": "33.42500", "2019-09-30": "32.28900", "2019-06-30": "22.34800", "2019-03-31": "25.05800", "2018-12-31": "32.68400", "2018-09-30": "36.20700", "2018-06-30": "27.11400", "2018-03-31": "22.47700", "2017-12-31": "26.69900", "2017-09-30": "25.08700", "2017-06-30": "16.20700", "2017-03-31": "14.95100", "2016-12-31": "18.44000", "2016-09-30": "15.78100", "2016-06-30": "12.12400", "2016-03-31": "10.91900", "2015-12-31": "12.34200", "2015-09-30": "13.30400", "2015-06-30": "10.34600", "2015-03-31": "6.49900", "2014-12-31": "9.57000", "2014-09-30": "10.64800", "2014-06-30": "6.89900", "2014-03-31": "9.27500", "2013-12-31": "7.98300", "2013-09-30": "8.59700", "2013-06-30": "5.13200", "2013-03-31": "2.29500", "2012-12-31": "0.97000", "2012-09-30": "6.47600", "2012-06-30": "7.14000", "2012-03-31": "3.30400", "2011-12-31": "2.51000", "2011-09-30": "5.05400", "2011-06-30": "4.06300", "2011-03-31": "2.09900", "2010-12-31": "4.12100", "2010-09-30": "13.51600", "2010-06-30": "7.14000", "2010-03-31": "6.64300", "2009-12-31": "4.56700", "2009-09-30": "13.21000", "2009-06-30": "3.16000", "2009-03-31": "-0.78900", "2008-12-31": "2.75300", "2008-09-30": "10.91500", "2008-06-30": "5.01700", "2008-03-31": "6.75700", "2007-12-31": "9.11700", "2007-09-30": "9.74500", "2007-06-30": "-6.14700", "2007-03-31": "1.55700", "2006-12-31": "1.97600", "2006-09-30": "-0.07500", "2006-06-30": "2.33700", "2006-03-31": "-0.63900", "2005-12-31": "6.15500", "2005-09-30": "15.00300", "2005-06-30": "-11.28900", "2005-03-31": "-1.81300"}, "Income Taxes": {"2020-12-31": "1.55600", "2020-09-30": "6.90700", "2020-06-30": "2.98800", "2020-03-31": "-6.48400", "2019-12-31": "0.98800", "2019-09-30": "2.76100", "2019-06-30": "1.65500", "2019-03-31": "-1.12300", "2018-12-31": "5.04600", "2018-09-30": "4.63900", "2018-06-30": "2.90800", "2018-03-31": "0.62100", "2017-12-31": "14.62900", "2017-09-30": "1.44500", "2017-06-30": "1.19300", "2017-03-31": "0.47400", "2016-12-31": "1.86600", "2016-09-30": "1.40800", "2016-06-30": "0.92600", "2016-03-31": "0.34400", "2015-12-31": "2.23300", "2015-09-30": "2.10300", "2015-06-30": "2.44700", "2015-03-31": "0.53600", "2014-12-31": "0.71100", "2014-09-30": "-0.57300", "2014-06-30": "0.50200", "2014-03-31": "0.25700", "2013-12-31": "0.48300", "2013-09-30": "1.18700", "2013-06-30": "-0.35700", "2013-03-31": "-0.20400", "2012-12-31": "0.72200", "2012-09-30": "0.55500", "2012-06-30": "0.54800", "2012-03-31": "0.30900", "2011-12-31": "0.05700", "2011-09-30": "-0.41900", "2011-06-30": "0.58100", "2011-03-31": "0.20600", "2010-12-31": "0.54000", "2010-09-30": "0.29700", "2010-06-30": "0.73300", "2010-03-31": "0.28700", "2009-12-31": "-0.08700", "2009-09-30": "0.64800", "2009-06-30": "-0.02600", "2009-03-31": "-0.06100", "2008-12-31": "-0.48100", "2008-09-30": "0.45800", "2008-06-30": "0.41700", "2008-03-31": "0.82200", "2007-12-31": "-0.16500", "2007-09-30": "0.75200", "2007-06-30": "0.21900", "2007-03-31": "1.88600", "2006-12-31": "3.18000", "2006-09-30": "1.79700", "2006-06-30": "1.27800", "2006-03-31": "-0.23100", "2005-12-31": "2.32300", "2005-09-30": "5.64100", "2005-06-30": "-4.58500", "2005-03-31": "-0.43000"}, "Income After Taxes": {"2020-12-31": "42.88700", "2020-09-30": "55.56600", "2020-06-30": "30.16700", "2020-03-31": "35.75600", "2019-12-31": "32.43700", "2019-09-30": "29.52800", "2019-06-30": "20.69300", "2019-03-31": "26.18100", "2018-12-31": "27.63800", "2018-09-30": "31.56800", "2018-06-30": "24.20600", "2018-03-31": "21.85600", "2017-12-31": "12.07000", "2017-09-30": "23.64200", "2017-06-30": "15.01400", "2017-03-31": "14.47700", "2016-12-31": "16.57400", "2016-09-30": "14.37300", "2016-06-30": "11.19800", "2016-03-31": "10.57500", "2015-12-31": "10.10900", "2015-09-30": "11.20100", "2015-06-30": "7.89900", "2015-03-31": "5.96300", "2014-12-31": "8.85900", "2014-09-30": "11.22100", "2014-06-30": "6.39700", "2014-03-31": "9.01800", "2013-12-31": "7.50000", "2013-09-30": "7.41000", "2013-06-30": "5.48900", "2013-03-31": "2.49900", "2012-12-31": "0.24800", "2012-09-30": "5.92100", "2012-06-30": "6.59200", "2012-03-31": "2.99500", "2011-12-31": "2.45300", "2011-09-30": "5.47300", "2011-06-30": "3.48200", "2011-03-31": "1.89300", "2010-12-31": "3.58100", "2010-09-30": "13.21900", "2010-06-30": "6.40700", "2010-03-31": "6.35600", "2009-12-31": "4.65400", "2009-09-30": "12.56200", "2009-06-30": "3.18600", "2009-03-31": "-0.72800", "2008-12-31": "3.23400", "2008-09-30": "10.45700", "2008-06-30": "4.60000", "2008-03-31": "5.93500", "2007-12-31": "9.28200", "2007-09-30": "8.99300", "2007-06-30": "-6.36600", "2007-03-31": "-0.32900", "2006-12-31": "-1.20400", "2006-09-30": "-1.87200", "2006-06-30": "1.05900", "2006-03-31": "-0.40800", "2005-12-31": "3.83200", "2005-09-30": "9.36200", "2005-06-30": "-6.70400", "2005-03-31": "-1.38300"}, "Other Income": {"2020-12-31": "", "2020-09-30": "", "2020-06-30": "", "2020-03-31": "", "2019-12-31": "", "2019-09-30": "", "2019-06-30": "", "2019-03-31": "", "2018-12-31": "", "2018-09-30": "", "2018-06-30": "", "2018-03-31": "", "2017-12-31": "", "2017-09-30": "", "2017-06-30": "", "2017-03-31": "", "2016-12-31": "", "2016-09-30": "", "2016-06-30": "", "2016-03-31": "", "2015-12-31": "", "2015-09-30": "", "2015-06-30": "", "2015-03-31": "", "2014-12-31": "", "2014-09-30": "", "2014-06-30": "", "2014-03-31": "", "2013-12-31": "", "2013-09-30": "", "2013-06-30": "", "2013-03-31": "", "2012-12-31": "", "2012-09-30": "", "2012-06-30": "", "2012-03-31": "", "2011-12-31": "", "2011-09-30": "", "2011-06-30": "", "2011-03-31": "", "2010-12-31": "", "2010-09-30": "", "2010-06-30": "", "2010-03-31": "", "2009-12-31": "", "2009-09-30": "", "2009-06-30": "", "2009-03-31": "", "2008-12-31": "", "2008-09-30": "", "2008-06-30": "", "2008-03-31": "", "2007-12-31": "", "2007-09-30": "", "2007-06-30": "", "2007-03-31": "", "2006-12-31": "", "2006-09-30": "", "2006-06-30": "", "2006-03-31": "", "2005-12-31": "", "2005-09-30": "", "2005-06-30": "", "2005-03-31": ""}, "Income From Continuous Operations": {"2020-12-31": "42.88700", "2020-09-30": "55.56600", "2020-06-30": "30.16700", "2020-03-31": "35.75600", "2019-12-31": "32.43700", "2019-09-30": "29.52800", "2019-06-30": "20.69300", "2019-03-31": "26.18100", "2018-12-31": "27.63800", "2018-09-30": "31.56800", "2018-06-30": "24.20600", "2018-03-31": "21.85600", "2017-12-31": "12.07000", "2017-09-30": "23.64200", "2017-06-30": "15.01400", "2017-03-31": "14.47700", "2016-12-31": "16.57400", "2016-09-30": "14.37300", "2016-06-30": "11.19800", "2016-03-31": "10.57500", "2015-12-31": "10.10900", "2015-09-30": "11.20100", "2015-06-30": "7.89900", "2015-03-31": "5.96300", "2014-12-31": "8.85900", "2014-09-30": "11.22100", "2014-06-30": "6.39700", "2014-03-31": "9.01800", "2013-12-31": "7.50000", "2013-09-30": "7.41000", "2013-06-30": "5.48900", "2013-03-31": "2.49900", "2012-12-31": "0.24800", "2012-09-30": "5.92100", "2012-06-30": "6.59200", "2012-03-31": "2.99500", "2011-12-31": "2.45300", "2011-09-30": "5.47300", "2011-06-30": "3.48200", "2011-03-31": "1.89300", "2010-12-31": "3.58100", "2010-09-30": "13.21900", "2010-06-30": "6.40700", "2010-03-31": "6.35600", "2009-12-31": "4.65400", "2009-09-30": "12.56200", "2009-06-30": "3.18600", "2009-03-31": "-0.72800", "2008-12-31": "3.23400", "2008-09-30": "10.45700", "2008-06-30": "4.60000", "2008-03-31": "5.93500", "2007-12-31": "9.28200", "2007-09-30": "8.99300", "2007-06-30": "-6.36600", "2007-03-31": "-0.32900", "2006-12-31": "-1.20400", "2006-09-30": "-1.87200", "2006-06-30": "1.05900", "2006-03-31": "-0.40800", "2005-12-31": "3.83200", "2005-09-30": "9.36200", "2005-06-30": "-6.70400", "2005-03-31": "-1.38300"}, "Income From Discontinued Operations": {"2020-12-31": "", "2020-09-30": "", "2020-06-30": "", "2020-03-31": "", "2019-12-31": "", "2019-09-30": "", "2019-06-30": "", "2019-03-31": "", "2018-12-31": "", "2018-09-30": "", "2018-06-30": "", "2018-03-31": "", "2017-12-31": "", "2017-09-30": "", "2017-06-30": "", "2017-03-31": "", "2016-12-31": "", "2016-09-30": "", "2016-06-30": "", "2016-03-31": "", "2015-12-31": "", "2015-09-30": "", "2015-06-30": "", "2015-03-31": "", "2014-12-31": "", "2014-09-30": "", "2014-06-30": "", "2014-03-31": "", "2013-12-31": "", "2013-09-30": "", "2013-06-30": "", "2013-03-31": "", "2012-12-31": "", "2012-09-30": "", "2012-06-30": "", "2012-03-31": "", "2011-12-31": "", "2011-09-30": "", "2011-06-30": "", "2011-03-31": "", "2010-12-31": "", "2010-09-30": "", "2010-06-30": "", "2010-03-31": "", "2009-12-31": "", "2009-09-30": "", "2009-06-30": "", "2009-03-31": "", "2008-12-31": "", "2008-09-30": "", "2008-06-30": "", "2008-03-31": "", "2007-12-31": "", "2007-09-30": "", "2007-06-30": "", "2007-03-31": "", "2006-12-31": "", "2006-09-30": "", "2006-06-30": "", "2006-03-31": "", "2005-12-31": "", "2005-09-30": "", "2005-06-30": "", "2005-03-31": ""}, "Net Income": {"2020-12-31": "42.88700", "2020-09-30": "55.56600", "2020-06-30": "30.16700", "2020-03-31": "35.75600", "2019-12-31": "32.43700", "2019-09-30": "29.52800", "2019-06-30": "20.69300", "2019-03-31": "26.18100", "2018-12-31": "27.63800", "2018-09-30": "31.56800", "2018-06-30": "24.20600", "2018-03-31": "21.85600", "2017-12-31": "12.07000", "2017-09-30": "23.64200", "2017-06-30": "15.01400", "2017-03-31": "14.47700", "2016-12-31": "16.57400", "2016-09-30": "14.37300", "2016-06-30": "11.19800", "2016-03-31": "10.57500", "2015-12-31": "10.10900", "2015-09-30": "11.20100", "2015-06-30": "7.89900", "2015-03-31": "5.96300", "2014-12-31": "8.85900", "2014-09-30": "11.22100", "2014-06-30": "6.39700", "2014-03-31": "9.01800", "2013-12-31": "7.50000", "2013-09-30": "7.41000", "2013-06-30": "5.48900", "2013-03-31": "2.49900", "2012-12-31": "0.24800", "2012-09-30": "5.92100", "2012-06-30": "6.59200", "2012-03-31": "2.99500", "2011-12-31": "2.45300", "2011-09-30": "5.47300", "2011-06-30": "3.48200", "2011-03-31": "1.89300", "2010-12-31": "3.58100", "2010-09-30": "13.21900", "2010-06-30": "6.40700", "2010-03-31": "6.35600", "2009-12-31": "4.65400", "2009-09-30": "12.56200", "2009-06-30": "3.18600", "2009-03-31": "-0.72800", "2008-12-31": "3.23400", "2008-09-30": "10.45700", "2008-06-30": "4.60000", "2008-03-31": "5.93500", "2007-12-31": "9.28200", "2007-09-30": "8.99300", "2007-06-30": "-6.36600", "2007-03-31": "-0.32900", "2006-12-31": "-1.20400", "2006-09-30": "-1.87200", "2006-06-30": "1.05900", "2006-03-31": "-0.40800", "2005-12-31": "3.83200", "2005-09-30": "9.36200", "2005-06-30": "-6.70400", "2005-03-31": "-1.38300"}, "EBITDA": {"2020-12-31": "", "2020-09-30": "65.62000", "2020-06-30": "29.51100", "2020-03-31": "39.55800", "2019-12-31": "31.28300", "2019-09-30": "36.57800", "2019-06-30": "23.33300", "2019-03-31": "23.15800", "2018-12-31": "36.81500", "2018-09-30": "37.26800", "2018-06-30": "28.03100", "2018-03-31": "25.29300", "2017-12-31": "27.01200", "2017-09-30": "28.35000", "2017-06-30": "19.48700", "2017-03-31": "18.12100", "2016-12-31": "20.81800", "2016-09-30": "18.92600", "2016-06-30": "15.27200", "2016-03-31": "13.86700", "2015-12-31": "15.56000", "2015-09-30": "16.69600", "2015-06-30": "13.58200", "2015-03-31": "9.47800", "2014-12-31": "12.64700", "2014-09-30": "13.89700", "2014-06-30": "9.78500", "2014-03-31": "12.33800", "2013-12-31": "11.36300", "2013-09-30": "12.02100", "2013-06-30": "8.02200", "2013-03-31": "5.11200", "2012-12-31": "3.51500", "2012-09-30": "8.79100", "2012-06-30": "9.10900", "2012-03-31": "5.41000", "2011-12-31": "4.61200", "2011-09-30": "7.27500", "2011-06-30": "6.26900", "2011-03-31": "4.36900", "2010-12-31": "6.57500", "2010-09-30": "15.64600", "2010-06-30": "8.83500", "2010-03-31": "8.14600", "2009-12-31": "6.24400", "2009-09-30": "14.98600", "2009-06-30": "4.76600", "2009-03-31": "0.48700", "2008-12-31": "3.71700", "2008-09-30": "12.07500", "2008-06-30": "5.74400", "2008-03-31": "6.66000", "2007-12-31": "20.34300", "2007-09-30": "9.60400", "2007-06-30": "-6.29700", "2007-03-31": "1.43200", "2006-12-31": "13.53300", "2006-09-30": "0.03300", "2006-06-30": "-0.14600", "2006-03-31": "2.06300", "2005-12-31": "7.18500", "2005-09-30": "19.28200", "2005-06-30": "-11.13100", "2005-03-31": "-1.76900"}, "EBIT": {"2020-12-31": "39.96300", "2020-09-30": "59.97900", "2020-06-30": "27.95500", "2020-03-31": "30.98600", "2019-12-31": "30.69400", "2019-09-30": "30.03200", "2019-06-30": "20.11900", "2019-03-31": "21.71700", "2018-12-31": "33.07600", "2018-09-30": "33.49300", "2018-06-30": "24.88200", "2018-03-31": "22.03700", "2017-12-31": "25.05200", "2017-09-30": "23.83200", "2017-06-30": "14.97000", "2017-03-31": "13.57000", "2016-12-31": "17.54300", "2016-09-30": "15.00100", "2016-06-30": "11.52700", "2016-03-31": "10.37600", "2015-12-31": "11.79200", "2015-09-30": "13.31000", "2015-06-30": "10.11100", "2015-03-31": "5.85700", "2014-12-31": "9.16500", "2014-09-30": "10.44600", "2014-06-30": "6.60400", "2014-03-31": "9.08500", "2013-12-31": "8.04000", "2013-09-30": "8.65600", "2013-06-30": "4.91400", "2013-03-31": "2.30500", "2012-12-31": "0.98000", "2012-09-30": "6.32000", "2012-06-30": "6.78100", "2012-03-31": "3.19800", "2011-12-31": "2.41100", "2011-09-30": "5.05100", "2011-06-30": "4.03900", "2011-03-31": "1.91600", "2010-12-31": "3.96100", "2010-09-30": "13.43500", "2010-06-30": "6.80600", "2010-03-31": "6.29600", "2009-12-31": "4.42100", "2009-09-30": "13.12500", "2009-06-30": "3.06400", "2009-03-31": "-1.08000", "2008-12-31": "2.23900", "2008-09-30": "10.62000", "2008-06-30": "4.31900", "2008-03-31": "5.32900", "2007-12-31": "7.89300", "2007-09-30": "8.51400", "2007-06-30": "-7.29400", "2007-03-31": "0.55700", "2006-12-31": "1.24800", "2006-09-30": "-0.66600", "2006-06-30": "1.82100", "2006-03-31": "-1.16800", "2005-12-31": "5.49600", "2005-09-30": "14.67600", "2005-06-30": "-11.56400", "2005-03-31": "-2.14400"}, "Basic Shares Outstanding": {"2020-12-31": "45.14800", "2020-09-30": "44.97000", "2020-06-30": "44.78500", "2020-03-31": "44.45500", "2019-12-31": "43.16500", "2019-09-30": "43.30800", "2019-06-30": "43.10900", "2019-03-31": "42.74900", "2018-12-31": "42.24700", "2018-09-30": "42.36200", "2018-06-30": "42.23700", "2018-03-31": "41.92200", "2017-12-31": "41.35000", "2017-09-30": "41.45800", "2017-06-30": "41.32300", "2017-03-31": "41.04700", "2016-12-31": "40.43600", "2016-09-30": "40.59000", "2016-06-30": "40.38700", "2016-03-31": "40.02800", "2015-12-31": "39.47000", "2015-09-30": "39.59200", "2015-06-30": "39.57000", "2015-03-31": "39.10500", "2014-12-31": "38.68600", "2014-09-30": "38.78500", "2014-06-30": "38.68400", "2014-03-31": "38.47000", "2013-12-31": "37.38700", "2013-09-30": "37.91000", "2013-06-30": "37.05300", "2013-03-31": "36.25900", "2012-12-31": "34.87100", "2012-09-30": "35.14500", "2012-06-30": "34.66500", "2012-03-31": "34.10500", "2011-12-31": "34.05000", "2011-09-30": "33.59400", "2011-06-30": "33.84600", "2011-03-31": "35.02400", "2010-12-31": "35.83000", "2010-09-30": "36.18500", "2010-06-30": "36.29100", "2010-03-31": "35.42100", "2009-12-31": "34.31000", "2009-09-30": "34.55200", "2009-06-30": "34.07000", "2009-03-31": "33.69600", "2008-12-31": "33.50900", "2008-09-30": "33.86900", "2008-06-30": "33.22900", "2008-03-31": "33.34000", "2007-12-31": "31.70300", "2007-09-30": "31.99500", "2007-06-30": "31.38200", "2007-03-31": "30.48200", "2006-12-31": "29.50200", "2006-09-30": "29.73600", "2006-06-30": "29.41200", "2006-03-31": "28.81600", "2005-12-31": "27.99800", "2005-09-30": "28.09300", "2005-06-30": "27.72100", "2005-03-31": "27.53700"}, "Shares Outstanding": {"2020-12-31": "47.60000", "2020-09-30": "46.95500", "2020-06-30": "46.83100", "2020-03-31": "46.67000", "2019-12-31": "45.76300", "2019-09-30": "45.83300", "2019-06-30": "45.48300", "2019-03-31": "45.23200", "2018-12-31": "44.60200", "2018-09-30": "44.66900", "2018-06-30": "44.40000", "2018-03-31": "44.28200", "2017-12-31": "43.57800", "2017-09-30": "43.48600", "2017-06-30": "43.39700", "2017-03-31": "43.26800", "2016-12-31": "41.91500", "2016-09-30": "41.89500", "2016-06-30": "41.71600", "2016-03-31": "41.64600", "2015-12-31": "40.86900", "2015-09-30": "40.68900", "2015-06-30": "40.74500", "2015-03-31": "40.59600", "2014-12-31": "39.79300", "2014-09-30": "39.72700", "2014-06-30": "39.60800", "2014-03-31": "39.51700", "2013-12-31": "38.62000", "2013-09-30": "39.00900", "2013-06-30": "38.23900", "2013-03-31": "37.70800", "2012-12-31": "36.24700", "2012-09-30": "36.43800", "2012-06-30": "35.99700", "2012-03-31": "35.53800", "2011-12-31": "35.16000", "2011-09-30": "34.24000", "2011-06-30": "34.90300", "2011-03-31": "36.10500", "2010-12-31": "37.82600", "2010-09-30": "37.72700", "2010-06-30": "38.35500", "2010-03-31": "37.78300", "2009-12-31": "36.63400", "2009-09-30": "37.24700", "2009-06-30": "36.38900", "2009-03-31": "33.69600", "2008-12-31": "36.12000", "2008-09-30": "36.60200", "2008-06-30": "36.23200", "2008-03-31": "35.89100", "2007-12-31": "35.09000", "2007-09-30": "35.95300", "2007-06-30": "31.38200", "2007-03-31": "30.48200", "2006-12-31": "29.50200", "2006-09-30": "29.73600", "2006-06-30": "33.60400", "2006-03-31": "28.81600", "2005-12-31": "30.87100", "2005-09-30": "30.64200", "2005-06-30": "27.72100", "2005-03-31": "27.53700"}, "Basic EPS": {"2020-12-31": "0.95000", "2020-09-30": "1.24000", "2020-06-30": "0.67000", "2020-03-31": "0.80000", "2019-12-31": "0.75000", "2019-09-30": "0.68000", "2019-06-30": "0.48000", "2019-03-31": "0.61000", "2018-12-31": "0.65000", "2018-09-30": "0.75000", "2018-06-30": "0.57000", "2018-03-31": "0.52000", "2017-12-31": "0.30000", "2017-09-30": "0.57000", "2017-06-30": "0.36000", "2017-03-31": "0.35000", "2016-12-31": "0.41000", "2016-09-30": "0.35000", "2016-06-30": "0.28000", "2016-03-31": "0.26000", "2015-12-31": "0.26000", "2015-09-30": "0.28000", "2015-06-30": "0.20000", "2015-03-31": "0.15000", "2014-12-31": "0.23000", "2014-09-30": "0.29000", "2014-06-30": "0.17000", "2014-03-31": "0.23000", "2013-12-31": "0.19000", "2013-09-30": "0.20000", "2013-06-30": "0.15000", "2013-03-31": "0.07000", "2012-12-31": "0.00000", "2012-09-30": "0.17000", "2012-06-30": "0.19000", "2012-03-31": "0.09000", "2011-12-31": "0.08000", "2011-09-30": "0.16000", "2011-06-30": "0.10000", "2011-03-31": "0.05000", "2010-12-31": "0.10000", "2010-09-30": "0.37000", "2010-06-30": "0.18000", "2010-03-31": "0.18000", "2009-12-31": "0.14000", "2009-09-30": "0.36000", "2009-06-30": "0.09000", "2009-03-31": "-0.02000", "2008-12-31": "0.09000", "2008-09-30": "0.31000", "2008-06-30": "0.14000", "2008-03-31": "0.18000", "2007-12-31": "0.30000", "2007-09-30": "0.28000", "2007-06-30": "-0.20000", "2007-03-31": "-0.01000", "2006-12-31": "-0.05000", "2006-09-30": "-0.06000", "2006-06-30": "0.04000", "2006-03-31": "-0.01000", "2005-12-31": "0.14000", "2005-09-30": "0.33000", "2005-06-30": "-0.24000", "2005-03-31": "-0.05000"}, "EPS - Earnings Per Share": {"2020-12-31": "0.90000", "2020-09-30": "1.18000", "2020-06-30": "0.64000", "2020-03-31": "0.77000", "2019-12-31": "0.71000", "2019-09-30": "0.64000", "2019-06-30": "0.45000", "2019-03-31": "0.58000", "2018-12-31": "0.61000", "2018-09-30": "0.71000", "2018-06-30": "0.55000", "2018-03-31": "0.49000", "2017-12-31": "0.28000", "2017-09-30": "0.54000", "2017-06-30": "0.35000", "2017-03-31": "0.33000", "2016-12-31": "0.40000", "2016-09-30": "0.34000", "2016-06-30": "0.27000", "2016-03-31": "0.25000", "2015-12-31": "0.24000", "2015-09-30": "0.28000", "2015-06-30": "0.19000", "2015-03-31": "0.15000", "2014-12-31": "0.22000", "2014-09-30": "0.28000", "2014-06-30": "0.16000", "2014-03-31": "0.23000", "2013-12-31": "0.19000", "2013-09-30": "0.19000", "2013-06-30": "0.14000", "2013-03-31": "0.07000", "2012-12-31": "0.01000", "2012-09-30": "0.16000", "2012-06-30": "0.18000", "2012-03-31": "0.08000", "2011-12-31": "0.07000", "2011-09-30": "0.16000", "2011-06-30": "0.10000", "2011-03-31": "0.05000", "2010-12-31": "0.09000", "2010-09-30": "0.35000", "2010-06-30": "0.17000", "2010-03-31": "0.17000", "2009-12-31": "0.13000", "2009-09-30": "0.34000", "2009-06-30": "0.09000", "2009-03-31": "-0.02000", "2008-12-31": "0.08000", "2008-09-30": "0.29000", "2008-06-30": "0.13000", "2008-03-31": "0.17000", "2007-12-31": "0.29000", "2007-09-30": "0.25000", "2007-06-30": "-0.20000", "2007-03-31": "-0.01000", "2006-12-31": "-0.04000", "2006-09-30": "-0.06000", "2006-06-30": "0.03000", "2006-03-31": "-0.01000", "2005-12-31": "0.15000", "2005-09-30": "0.31000", "2005-06-30": "-0.24000", "2005-03-31": "-0.05000"}}, "balance sheet": {"Cash On Hand": {"2020-12-31": "595.11300", "2019-12-31": "455.39700", "2018-12-31": "377.28100", "2017-12-31": "299.09000", "2016-12-31": "268.22400", "2015-12-31": "234.96300", "2014-12-31": "238.71800", "2013-12-31": "226.33900", "2012-12-31": "160.62500", "2011-12-31": "174.19800", "2010-12-31": "177.71900", "2009-12-31": "165.63100", "2008-12-31": "112.54800", "2007-12-31": "118.22900", "2006-12-31": "78.49000", "2005-12-31": "66.84300"}, "Receivables": {"2020-12-31": "66.84300", "2019-12-31": "52.70400", "2018-12-31": "55.21400", "2017-12-31": "38.03700", "2016-12-31": "34.24800", "2015-12-31": "30.83000", "2014-12-31": "25.63000", "2013-12-31": "23.73000", "2012-12-31": "19.38300", "2011-12-31": "15.09700", "2010-12-31": "18.34700", "2009-12-31": "15.52100", "2008-12-31": "9.11500", "2007-12-31": "8.23900", "2006-12-31": "9.15600", "2005-12-31": "9.53700"}, "Inventory": {"2020-12-31": "157.06200", "2019-12-31": "127.50000", "2018-12-31": "136.38400", "2017-12-31": "99.28100", "2016-12-31": "71.46900", "2015-12-31": "63.20900", "2014-12-31": "40.91800", "2013-12-31": "39.73700", "2012-12-31": "32.11500", "2011-12-31": "20.10400", "2010-12-31": "25.78900", "2009-12-31": "19.61600", "2008-12-31": "18.88700", "2007-12-31": "17.48700", "2006-12-31": "6.73800", "2005-12-31": "6.16500"}, "Pre-Paid Expenses": {"2020-12-31": "", "2019-12-31": "", "2018-12-31": "", "2017-12-31": "", "2016-12-31": "9.04300", "2015-12-31": "2.92600", "2014-12-31": "2.64600", "2013-12-31": "2.28000", "2012-12-31": "2.17700", "2011-12-31": "1.68500", "2010-12-31": "2.31400", "2009-12-31": "2.72600", "2008-12-31": "2.62200", "2007-12-31": "4.73300", "2006-12-31": "1.11800", "2005-12-31": "1.50100"}, "Other Current Assets": {"2020-12-31": "22.98000", "2019-12-31": "19.60500", "2018-12-31": "11.93100", "2017-12-31": "12.76200", "2016-12-31": "", "2015-12-31": "", "2014-12-31": "", "2013-12-31": "", "2012-12-31": "", "2011-12-31": "", "2010-12-31": "", "2009-12-31": "", "2008-12-31": "", "2007-12-31": "", "2006-12-31": "", "2005-12-31": ""}, "Total Current Assets": {"2020-12-31": "841.99800", "2019-12-31": "655.20600", "2018-12-31": "580.81000", "2017-12-31": "449.17000", "2016-12-31": "382.98400", "2015-12-31": "331.92800", "2014-12-31": "307.91200", "2013-12-31": "292.08600", "2012-12-31": "214.30100", "2011-12-31": "211.50500", "2010-12-31": "224.37300", "2009-12-31": "203.49900", "2008-12-31": "143.24700", "2007-12-31": "148.76000", "2006-12-31": "97.16000", "2005-12-31": "87.71700"}, "Property, Plant, And Equipment": {"2020-12-31": "281.52800", "2019-12-31": "228.31500", "2018-12-31": "150.00100", "2017-12-31": "144.63600", "2016-12-31": "85.17100", "2015-12-31": "65.35900", "2014-12-31": "62.94200", "2013-12-31": "64.83700", "2012-12-31": "59.41200", "2011-12-31": "47.79400", "2010-12-31": "37.26200", "2009-12-31": "17.96800", "2008-12-31": "14.16300", "2007-12-31": "14.17500", "2006-12-31": "11.35800", "2005-12-31": "6.23800"}, "Long-Term Investments": {"2020-12-31": "", "2019-12-31": "3.13800", "2018-12-31": "3.24100", "2017-12-31": "5.25600", "2016-12-31": "5.35400", "2015-12-31": "5.36100", "2014-12-31": "5.38900", "2013-12-31": "9.86000", "2012-12-31": "11.75500", "2011-12-31": "13.67500", "2010-12-31": "19.18000", "2009-12-31": "19.44500", "2008-12-31": "37.42500", "2007-12-31": "", "2006-12-31": "", "2005-12-31": ""}, "Goodwill And Intangible Assets": {"2020-12-31": "6.57100", "2019-12-31": "6.57100", "2018-12-31": "6.57100", "2017-12-31": "7.52200", "2016-12-31": "9.57300", "2015-12-31": "11.62400", "2014-12-31": "13.38300", "2013-12-31": "", "2012-12-31": "", "2011-12-31": "", "2010-12-31": "", "2009-12-31": "", "2008-12-31": "", "2007-12-31": "", "2006-12-31": "", "2005-12-31": ""}, "Other Long-Term Assets": {"2020-12-31": "59.83800", "2019-12-31": "45.95200", "2018-12-31": "35.97900", "2017-12-31": "30.06800", "2016-12-31": "27.41100", "2015-12-31": "16.34100", "2014-12-31": "8.45700", "2013-12-31": "1.64400", "2012-12-31": "1.02500", "2011-12-31": "0.65400", "2010-12-31": "0.74900", "2009-12-31": "0.73400", "2008-12-31": "0.44500", "2007-12-31": "8.87900", "2006-12-31": "8.80900", "2005-12-31": "6.82000"}, "Total Long-Term Assets": {"2020-12-31": "366.49300", "2019-12-31": "301.16900", "2018-12-31": "212.62200", "2017-12-31": "203.39900", "2016-12-31": "128.14200", "2015-12-31": "99.35700", "2014-12-31": "91.45400", "2013-12-31": "76.82200", "2012-12-31": "72.86100", "2011-12-31": "62.36200", "2010-12-31": "57.23000", "2009-12-31": "38.32200", "2008-12-31": "52.05200", "2007-12-31": "23.83000", "2006-12-31": "20.16700", "2005-12-31": "13.05800"}, "Total Assets": {"2020-12-31": "1208.49100", "2019-12-31": "956.37500", "2018-12-31": "793.43200", "2017-12-31": "652.56900", "2016-12-31": "511.12600", "2015-12-31": "431.28500", "2014-12-31": "399.36600", "2013-12-31": "368.90800", "2012-12-31": "287.16200", "2011-12-31": "273.86700", "2010-12-31": "281.60300", "2009-12-31": "241.82100", "2008-12-31": "195.29900", "2007-12-31": "172.59000", "2006-12-31": "117.32700", "2005-12-31": "100.77500"}, "Total Current Liabilities": {"2020-12-31": "146.96900", "2019-12-31": "98.22500", "2018-12-31": "80.43900", "2017-12-31": "65.91700", "2016-12-31": "52.92100", "2015-12-31": "43.28300", "2014-12-31": "36.86100", "2013-12-31": "38.48900", "2012-12-31": "23.46000", "2011-12-31": "26.07000", "2010-12-31": "28.97000", "2009-12-31": "23.92200", "2008-12-31": "25.88200", "2007-12-31": "29.41200", "2006-12-31": "20.12200", "2005-12-31": "22.26700"}, "Long Term Debt": {"2020-12-31": "", "2019-12-31": "", "2018-12-31": "", "2017-12-31": "", "2016-12-31": "", "2015-12-31": "", "2014-12-31": "", "2013-12-31": "", "2012-12-31": "", "2011-12-31": "", "2010-12-31": "", "2009-12-31": "", "2008-12-31": "", "2007-12-31": "", "2006-12-31": "", "2005-12-31": ""}, "Other Non-Current Liabilities": {"2020-12-31": "94.93500", "2019-12-31": "47.06300", "2018-12-31": "38.52500", "2017-12-31": "33.02400", "2016-12-31": "27.08900", "2015-12-31": "19.48600", "2014-12-31": "10.20400", "2013-12-31": "1.47800", "2012-12-31": "", "2011-12-31": "4.92000", "2010-12-31": "5.73800", "2009-12-31": "4.94200", "2008-12-31": "4.77200", "2007-12-31": "5.64100", "2006-12-31": "1.76900", "2005-12-31": ""}, "Total Long Term Liabilities": {"2020-12-31": "94.93500", "2019-12-31": "84.65900", "2018-12-31": "72.90000", "2017-12-31": "64.64500", "2016-12-31": "27.08900", "2015-12-31": "19.48600", "2014-12-31": "16.08000", "2013-12-31": "7.02000", "2012-12-31": "5.40800", "2011-12-31": "4.92000", "2010-12-31": "5.73800", "2009-12-31": "4.94200", "2008-12-31": "4.77200", "2007-12-31": "5.64100", "2006-12-31": "2.25300", "2005-12-31": "0.34000"}, "Total Liabilities": {"2020-12-31": "241.90400", "2019-12-31": "182.88400", "2018-12-31": "153.33900", "2017-12-31": "130.56200", "2016-12-31": "80.01000", "2015-12-31": "62.76900", "2014-12-31": "52.94100", "2013-12-31": "45.50900", "2012-12-31": "28.86800", "2011-12-31": "30.99000", "2010-12-31": "34.70800", "2009-12-31": "28.86400", "2008-12-31": "30.65400", "2007-12-31": "35.05300", "2006-12-31": "22.37500", "2005-12-31": "22.60700"}, "Common Stock Net": {"2020-12-31": "657.70100", "2019-12-31": "549.51700", "2018-12-31": "450.90800", "2017-12-31": "376.58600", "2016-12-31": "315.96900", "2015-12-31": "265.76300", "2014-12-31": "240.50000", "2013-12-31": "234.20100", "2012-12-31": "194.07900", "2011-12-31": "159.33600", "2010-12-31": "178.26900", "2009-12-31": "175.51800", "2008-12-31": "147.29800", "2007-12-31": "143.89000", "2006-12-31": "113.53200", "2005-12-31": "98.34200"}, "Retained Earnings (Accumulated Deficit)": {"2020-12-31": "298.74600", "2019-12-31": "229.45000", "2018-12-31": "194.72800", "2017-12-31": "143.60800", "2016-12-31": "119.36200", "2015-12-31": "101.28700", "2014-12-31": "100.11400", "2013-12-31": "82.93800", "2012-12-31": "60.04000", "2011-12-31": "79.94800", "2010-12-31": "66.64700", "2009-12-31": "37.08500", "2008-12-31": "17.41100", "2007-12-31": "-6.81500", "2006-12-31": "-17.89500", "2005-12-31": "-15.09400"}, "Comprehensive Income": {"2020-12-31": "10.14000", "2019-12-31": "-5.47600", "2018-12-31": "-5.54300", "2017-12-31": "1.81300", "2016-12-31": "-4.21500", "2015-12-31": "1.46600", "2014-12-31": "5.81100", "2013-12-31": "6.26000", "2012-12-31": "4.17500", "2011-12-31": "3.59300", "2010-12-31": "1.97900", "2009-12-31": "0.35400", "2008-12-31": "-0.06400", "2007-12-31": "0.46500", "2006-12-31": "-0.19800", "2005-12-31": "-0.13800"}, "Other Share Holders Equity": {"2020-12-31": "", "2019-12-31": "", "2018-12-31": "", "2017-12-31": "", "2016-12-31": "", "2015-12-31": "", "2014-12-31": "", "2013-12-31": "", "2012-12-31": "", "2011-12-31": "", "2010-12-31": "", "2009-12-31": "", "2008-12-31": "", "2007-12-31": "", "2006-12-31": "", "2005-12-31": "-0.39800"}, "Share Holder Equity": {"2020-12-31": "966.58700", "2019-12-31": "773.49100", "2018-12-31": "640.09300", "2017-12-31": "522.00700", "2016-12-31": "431.11600", "2015-12-31": "368.51600", "2014-12-31": "346.42500", "2013-12-31": "323.39900", "2012-12-31": "258.29400", "2011-12-31": "242.87700", "2010-12-31": "246.89500", "2009-12-31": "212.95700", "2008-12-31": "164.64500", "2007-12-31": "137.53700", "2006-12-31": "94.95200", "2005-12-31": "78.16800"}, "Total Liabilities And Share Holders Equity": {"2020-12-31": "1208.49100", "2019-12-31": "956.37500", "2018-12-31": "793.43200", "2017-12-31": "652.56900", "2016-12-31": "511.12600", "2015-12-31": "431.28500", "2014-12-31": "399.36600", "2013-12-31": "368.90800", "2012-12-31": "287.16200", "2011-12-31": "273.86700", "2010-12-31": "281.60300", "2009-12-31": "241.82100", "2008-12-31": "195.29900", "2007-12-31": "172.59000", "2006-12-31": "117.32700", "2005-12-31": "100.77500"}}, "balance sheet, quarterly": {"Cash On Hand": {"2020-12-31": "595.11300", "2020-09-30": "551.54200", "2020-06-30": "512.32300", "2020-03-31": "489.26600", "2019-12-31": "455.39700", "2019-09-30": "418.74000", "2019-06-30": "366.47100", "2019-03-31": "359.02400", "2018-12-31": "377.28100", "2018-09-30": "347.84800", "2018-06-30": "313.50300", "2018-03-31": "307.25900", "2017-12-31": "299.09000", "2017-09-30": "299.59800", "2017-06-30": "277.67100", "2017-03-31": "278.64100", "2016-12-31": "268.22400", "2016-09-30": "259.06300", "2016-06-30": "243.86400", "2016-03-31": "251.50100", "2015-12-31": "234.96300", "2015-09-30": "229.66300", "2015-06-30": "231.03400", "2015-03-31": "233.75700", "2014-12-31": "238.71800", "2014-09-30": "228.66100", "2014-06-30": "240.87500", "2014-03-31": "228.63500", "2013-12-31": "226.33900", "2013-09-30": "204.34800", "2013-06-30": "189.61900", "2013-03-31": "175.04300", "2012-12-31": "160.62500", "2012-09-30": "185.52600", "2012-06-30": "184.65700", "2012-03-31": "180.92800", "2011-12-31": "174.19800", "2011-09-30": "160.83100", "2011-06-30": "163.32600", "2011-03-31": "176.01900", "2010-12-31": "177.71900", "2010-09-30": "185.00600", "2010-06-30": "189.79100", "2010-03-31": "175.58900", "2009-12-31": "165.63100", "2009-09-30": "149.75600", "2009-06-30": "118.78400", "2009-03-31": "113.44600", "2008-12-31": "112.54800", "2008-09-30": "84.62800", "2008-06-30": "80.33000", "2008-03-31": "69.07200", "2007-12-31": "118.22900", "2007-09-30": "101.79100", "2007-06-30": "92.31500", "2007-03-31": "87.51400", "2006-12-31": "78.49000", "2006-09-30": "70.12900", "2006-06-30": "60.95200", "2006-03-31": "64.66200", "2005-12-31": "66.84300", "2005-09-30": "60.29300", "2005-06-30": "51.77300", "2005-03-31": "49.61460"}, "Receivables": {"2020-12-31": "66.84300", "2020-09-30": "93.53500", "2020-06-30": "55.13600", "2020-03-31": "54.34100", "2019-12-31": "52.70400", "2019-09-30": "58.26100", "2019-06-30": "55.39800", "2019-03-31": "58.88900", "2018-12-31": "55.21400", "2018-09-30": "59.88700", "2018-06-30": "53.46000", "2018-03-31": "48.24100", "2017-12-31": "38.03700", "2017-09-30": "50.75700", "2017-06-30": "41.98200", "2017-03-31": "38.11500", "2016-12-31": "34.24800", "2016-09-30": "33.33500", "2016-06-30": "31.35100", "2016-03-31": "28.83600", "2015-12-31": "30.83000", "2015-09-30": "30.47500", "2015-06-30": "26.76500", "2015-03-31": "25.34300", "2014-12-31": "25.63000", "2014-09-30": "24.27400", "2014-06-30": "21.42000", "2014-03-31": "22.05700", "2013-12-31": "23.73000", "2013-09-30": "21.95700", "2013-06-30": "20.31900", "2013-03-31": "22.66900", "2012-12-31": "19.38300", "2012-09-30": "21.56100", "2012-06-30": "21.41500", "2012-03-31": "19.94700", "2011-12-31": "15.09700", "2011-09-30": "16.42000", "2011-06-30": "17.58900", "2011-03-31": "17.64200", "2010-12-31": "18.34700", "2010-09-30": "32.28900", "2010-06-30": "30.32200", "2010-03-31": "24.54100", "2009-12-31": "15.52100", "2009-09-30": "19.49300", "2009-06-30": "12.44800", "2009-03-31": "13.36700", "2008-12-31": "9.11500", "2008-09-30": "18.78100", "2008-06-30": "13.03300", "2008-03-31": "11.31400", "2007-12-31": "8.23900", "2007-09-30": "12.77100", "2007-06-30": "8.01700", "2007-03-31": "7.77800", "2006-12-31": "9.15600", "2006-09-30": "9.57700", "2006-06-30": "9.87400", "2006-03-31": "7.36400", "2005-12-31": "9.53700", "2005-09-30": "9.76100", "2005-06-30": "6.68700", "2005-03-31": "4.12590"}, "Inventory": {"2020-12-31": "157.06200", "2020-09-30": "148.09600", "2020-06-30": "152.11900", "2020-03-31": "131.49900", "2019-12-31": "127.50000", "2019-09-30": "135.63400", "2019-06-30": "143.62200", "2019-03-31": "142.54300", "2018-12-31": "136.38400", "2018-09-30": "136.79000", "2018-06-30": "128.90900", "2018-03-31": "111.89700", "2017-12-31": "99.28100", "2017-09-30": "99.88700", "2017-06-30": "92.66600", "2017-03-31": "78.53500", "2016-12-31": "71.46900", "2016-09-30": "70.69200", "2016-06-30": "69.91900", "2016-03-31": "62.31800", "2015-12-31": "63.20900", "2015-09-30": "67.30900", "2015-06-30": "64.96400", "2015-03-31": "53.39600", "2014-12-31": "40.91800", "2014-09-30": "41.58700", "2014-06-30": "41.19800", "2014-03-31": "39.82900", "2013-12-31": "39.73700", "2013-09-30": "42.97500", "2013-06-30": "40.26800", "2013-03-31": "34.94900", "2012-12-31": "32.11500", "2012-09-30": "32.62300", "2012-06-30": "29.45500", "2012-03-31": "21.54700", "2011-12-31": "20.10400", "2011-09-30": "23.55800", "2011-06-30": "24.71500", "2011-03-31": "23.11700", "2010-12-31": "25.78900", "2010-09-30": "19.45900", "2010-06-30": "14.45800", "2010-03-31": "14.55000", "2009-12-31": "19.61600", "2009-09-30": "20.35800", "2009-06-30": "20.08200", "2009-03-31": "18.55900", "2008-12-31": "18.88700", "2008-09-30": "22.30500", "2008-06-30": "24.12000", "2008-03-31": "16.39000", "2007-12-31": "17.48700", "2007-09-30": "15.83700", "2007-06-30": "11.94000", "2007-03-31": "9.35800", "2006-12-31": "6.73800", "2006-09-30": "7.38500", "2006-06-30": "9.07600", "2006-03-31": "8.54300", "2005-12-31": "6.16500", "2005-09-30": "5.71600", "2005-06-30": "6.34300", "2005-03-31": "6.48420"}, "Pre-Paid Expenses": {"2020-12-31": "", "2020-09-30": "", "2020-06-30": "", "2020-03-31": "", "2019-12-31": "", "2019-09-30": "", "2019-06-30": "", "2019-03-31": "", "2018-12-31": "", "2018-09-30": "", "2018-06-30": "", "2018-03-31": "", "2017-12-31": "", "2017-09-30": "13.56000", "2017-06-30": "14.89400", "2017-03-31": "11.04500", "2016-12-31": "9.04300", "2016-09-30": "3.72000", "2016-06-30": "3.98000", "2016-03-31": "2.90900", "2015-12-31": "2.92600", "2015-09-30": "2.52100", "2015-06-30": "2.55400", "2015-03-31": "2.72700", "2014-12-31": "2.64600", "2014-09-30": "2.78800", "2014-06-30": "2.50900", "2014-03-31": "2.44400", "2013-12-31": "2.28000", "2013-09-30": "1.65100", "2013-06-30": "1.73100", "2013-03-31": "1.76400", "2012-12-31": "2.17700", "2012-09-30": "2.21400", "2012-06-30": "1.97800", "2012-03-31": "2.35200", "2011-12-31": "1.68500", "2011-09-30": "1.99300", "2011-06-30": "1.69200", "2011-03-31": "2.68600", "2010-12-31": "2.31400", "2010-09-30": "2.90400", "2010-06-30": "2.82000", "2010-03-31": "2.49100", "2009-12-31": "2.72600", "2009-09-30": "2.79000", "2009-06-30": "3.32500", "2009-03-31": "2.79100", "2008-12-31": "2.62200", "2008-09-30": "3.84000", "2008-06-30": "4.79400", "2008-03-31": "4.39500", "2007-12-31": "4.73300", "2007-09-30": "3.55500", "2007-06-30": "3.45700", "2007-03-31": "3.06600", "2006-12-31": "1.11800", "2006-09-30": "1.09400", "2006-06-30": "2.61700", "2006-03-31": "1.75100", "2005-12-31": "1.50100", "2005-09-30": "0.60800", "2005-06-30": "0.77500", "2005-03-31": "0.93930"}, "Other Current Assets": {"2020-12-31": "22.98000", "2020-09-30": "25.97000", "2020-06-30": "29.28600", "2020-03-31": "29.67900", "2019-12-31": "19.60500", "2019-09-30": "16.66000", "2019-06-30": "19.64500", "2019-03-31": "13.62900", "2018-12-31": "11.93100", "2018-09-30": "12.87600", "2018-06-30": "13.97400", "2018-03-31": "16.70700", "2017-12-31": "12.76200", "2017-09-30": "", "2017-06-30": "", "2017-03-31": "", "2016-12-31": "", "2016-09-30": "", "2016-06-30": "", "2016-03-31": "", "2015-12-31": "", "2015-09-30": "", "2015-06-30": "", "2015-03-31": "", "2014-12-31": "", "2014-09-30": "", "2014-06-30": "", "2014-03-31": "", "2013-12-31": "", "2013-09-30": "", "2013-06-30": "", "2013-03-31": "", "2012-12-31": "", "2012-09-30": "", "2012-06-30": "", "2012-03-31": "", "2011-12-31": "", "2011-09-30": "", "2011-06-30": "", "2011-03-31": "", "2010-12-31": "", "2010-09-30": "", "2010-06-30": "", "2010-03-31": "", "2009-12-31": "", "2009-09-30": "", "2009-06-30": "7.35000", "2009-03-31": "", "2008-12-31": "", "2008-09-30": "13.51200", "2008-06-30": "7.36000", "2008-03-31": "7.35000", "2007-12-31": "", "2007-09-30": "", "2007-06-30": "", "2007-03-31": "", "2006-12-31": "", "2006-09-30": "3.85000", "2006-06-30": "3.49900", "2006-03-31": "3.50200", "2005-12-31": "", "2005-09-30": "", "2005-06-30": "", "2005-03-31": ""}, "Total Current Assets": {"2020-12-31": "841.99800", "2020-09-30": "819.14300", "2020-06-30": "748.86400", "2020-03-31": "704.78500", "2019-12-31": "655.20600", "2019-09-30": "629.29500", "2019-06-30": "585.13600", "2019-03-31": "574.08500", "2018-12-31": "580.81000", "2018-09-30": "557.40100", "2018-06-30": "509.84600", "2018-03-31": "484.10400", "2017-12-31": "449.17000", "2017-09-30": "463.80200", "2017-06-30": "427.21300", "2017-03-31": "406.33600", "2016-12-31": "382.98400", "2016-09-30": "366.81000", "2016-06-30": "349.11400", "2016-03-31": "345.56400", "2015-12-31": "331.92800", "2015-09-30": "329.96800", "2015-06-30": "325.31700", "2015-03-31": "315.22300", "2014-12-31": "307.91200", "2014-09-30": "297.31000", "2014-06-30": "306.29700", "2014-03-31": "293.25700", "2013-12-31": "292.08600", "2013-09-30": "270.95000", "2013-06-30": "251.95200", "2013-03-31": "234.43100", "2012-12-31": "214.30100", "2012-09-30": "242.56800", "2012-06-30": "238.15100", "2012-03-31": "225.42000", "2011-12-31": "211.50500", "2011-09-30": "203.12600", "2011-06-30": "207.77400", "2011-03-31": "219.66900", "2010-12-31": "224.37300", "2010-09-30": "239.66600", "2010-06-30": "237.39600", "2010-03-31": "217.17600", "2009-12-31": "203.49900", "2009-09-30": "192.47300", "2009-06-30": "162.06400", "2009-03-31": "148.23700", "2008-12-31": "143.24700", "2008-09-30": "143.14200", "2008-06-30": "129.71300", "2008-03-31": "108.59500", "2007-12-31": "148.76000", "2007-09-30": "133.95400", "2007-06-30": "115.72900", "2007-03-31": "107.71600", "2006-12-31": "97.16000", "2006-09-30": "95.55100", "2006-06-30": "89.50700", "2006-03-31": "89.59600", "2005-12-31": "87.71700", "2005-09-30": "78.89400", "2005-06-30": "71.80800", "2005-03-31": "62.52020"}, "Property, Plant, And Equipment": {"2020-12-31": "281.52800", "2020-09-30": "270.31000", "2020-06-30": "251.98000", "2020-03-31": "236.80700", "2019-12-31": "228.31500", "2019-09-30": "217.04300", "2019-06-30": "213.83000", "2019-03-31": "205.49700", "2018-12-31": "150.00100", "2018-09-30": "147.49700", "2018-06-30": "150.65800", "2018-03-31": "153.77000", "2017-12-31": "144.63600", "2017-09-30": "100.62900", "2017-06-30": "100.56200", "2017-03-31": "85.61700", "2016-12-31": "85.17100", "2016-09-30": "82.09700", "2016-06-30": "74.29300", "2016-03-31": "66.52700", "2015-12-31": "65.35900", "2015-09-30": "60.08800", "2015-06-30": "62.16300", "2015-03-31": "64.25600", "2014-12-31": "62.94200", "2014-09-30": "63.42800", "2014-06-30": "64.44700", "2014-03-31": "65.89700", "2013-12-31": "64.83700", "2013-09-30": "67.22100", "2013-06-30": "67.28100", "2013-03-31": "62.87100", "2012-12-31": "59.41200", "2012-09-30": "59.88300", "2012-06-30": "59.58400", "2012-03-31": "51.43700", "2011-12-31": "47.79400", "2011-09-30": "47.60800", "2011-06-30": "37.43300", "2011-03-31": "37.32600", "2010-12-31": "37.26200", "2010-09-30": "32.46100", "2010-06-30": "27.25300", "2010-03-31": "21.69600", "2009-12-31": "17.96800", "2009-09-30": "17.01200", "2009-06-30": "16.32600", "2009-03-31": "13.96700", "2008-12-31": "14.16300", "2008-09-30": "14.47400", "2008-06-30": "14.60600", "2008-03-31": "14.88000", "2007-12-31": "14.17500", "2007-09-30": "13.72300", "2007-06-30": "12.75300", "2007-03-31": "11.52800", "2006-12-31": "11.35800", "2006-09-30": "11.24700", "2006-06-30": "10.96300", "2006-03-31": "9.48000", "2005-12-31": "6.23800", "2005-09-30": "4.59500", "2005-06-30": "4.85300", "2005-03-31": "4.56270"}, "Long-Term Investments": {"2020-12-31": "", "2020-09-30": "2.91600", "2020-06-30": "3.03200", "2020-03-31": "3.05700", "2019-12-31": "3.13800", "2019-09-30": "3.26400", "2019-06-30": "3.21500", "2019-03-31": "3.29000", "2018-12-31": "3.24100", "2018-09-30": "5.25700", "2018-06-30": "5.24700", "2018-03-31": "5.25000", "2017-12-31": "5.25600", "2017-09-30": "5.36800", "2017-06-30": "5.34800", "2017-03-31": "5.34200", "2016-12-31": "5.35400", "2016-09-30": "5.38200", "2016-06-30": "5.29400", "2016-03-31": "5.35300", "2015-12-31": "5.36100", "2015-09-30": "5.36400", "2015-06-30": "5.37500", "2015-03-31": "5.39400", "2014-12-31": "5.38900", "2014-09-30": "9.79500", "2014-06-30": "9.84800", "2014-03-31": "9.84300", "2013-12-31": "9.86000", "2013-09-30": "9.84700", "2013-06-30": "11.69800", "2013-03-31": "11.71500", "2012-12-31": "11.75500", "2012-09-30": "11.75600", "2012-06-30": "11.71400", "2012-03-31": "13.66500", "2011-12-31": "13.67500", "2011-09-30": "15.72000", "2011-06-30": "17.22000", "2011-03-31": "17.27000", "2010-12-31": "19.18000", "2010-09-30": "19.41500", "2010-06-30": "19.49500", "2010-03-31": "19.55500", "2009-12-31": "19.44500", "2009-09-30": "19.46500", "2009-06-30": "37.63500", "2009-03-31": "37.34000", "2008-12-31": "37.42500", "2008-09-30": "36.82500", "2008-06-30": "39.14000", "2008-03-31": "39.14000", "2007-12-31": "", "2007-09-30": "", "2007-06-30": "", "2007-03-31": "", "2006-12-31": "", "2006-09-30": "", "2006-06-30": "", "2006-03-31": "", "2005-12-31": "", "2005-09-30": "", "2005-06-30": "", "2005-03-31": ""}, "Goodwill And Intangible Assets": {"2020-12-31": "6.57100", "2020-09-30": "6.57100", "2020-06-30": "6.57100", "2020-03-31": "6.57100", "2019-12-31": "6.57100", "2019-09-30": "6.57100", "2019-06-30": "6.57100", "2019-03-31": "6.57100", "2018-12-31": "6.57100", "2018-09-30": "6.87900", "2018-06-30": "7.07500", "2018-03-31": "7.27200", "2017-12-31": "7.52200", "2017-09-30": "8.03500", "2017-06-30": "8.54800", "2017-03-31": "9.06000", "2016-12-31": "9.57300", "2016-09-30": "10.08600", "2016-06-30": "10.59800", "2016-03-31": "11.11100", "2015-12-31": "11.62400", "2015-09-30": "12.13700", "2015-06-30": "12.64900", "2015-03-31": "13.01600", "2014-12-31": "13.38300", "2014-09-30": "13.74900", "2014-06-30": "", "2014-03-31": "", "2013-12-31": "", "2013-09-30": "", "2013-06-30": "", "2013-03-31": "", "2012-12-31": "", "2012-09-30": "", "2012-06-30": "", "2012-03-31": "", "2011-12-31": "", "2011-09-30": "", "2011-06-30": "", "2011-03-31": "", "2010-12-31": "", "2010-09-30": "", "2010-06-30": "", "2010-03-31": "", "2009-12-31": "", "2009-09-30": "", "2009-06-30": "", "2009-03-31": "", "2008-12-31": "", "2008-09-30": "", "2008-06-30": "", "2008-03-31": "", "2007-12-31": "", "2007-09-30": "", "2007-06-30": "", "2007-03-31": "", "2006-12-31": "", "2006-09-30": "", "2006-06-30": "", "2006-03-31": "", "2005-12-31": "", "2005-09-30": "", "2005-06-30": "", "2005-03-31": ""}, "Other Long-Term Assets": {"2020-12-31": "59.83800", "2020-09-30": "48.86800", "2020-06-30": "47.27600", "2020-03-31": "42.46300", "2019-12-31": "45.95200", "2019-09-30": "43.34300", "2019-06-30": "42.67500", "2019-03-31": "41.98700", "2018-12-31": "35.97900", "2018-09-30": "33.27100", "2018-06-30": "31.33500", "2018-03-31": "31.53100", "2017-12-31": "30.06800", "2017-09-30": "26.51800", "2017-06-30": "25.72500", "2017-03-31": "29.80800", "2016-12-31": "27.41100", "2016-09-30": "29.83700", "2016-06-30": "28.69800", "2016-03-31": "17.89400", "2015-12-31": "16.34100", "2015-09-30": "11.49100", "2015-06-30": "11.06600", "2015-03-31": "10.68900", "2014-12-31": "8.45700", "2014-09-30": "7.94000", "2014-06-30": "5.58600", "2014-03-31": "5.15900", "2013-12-31": "1.64400", "2013-09-30": "1.35300", "2013-06-30": "0.99400", "2013-03-31": "1.10500", "2012-12-31": "1.02500", "2012-09-30": "1.04300", "2012-06-30": "0.60600", "2012-03-31": "0.63900", "2011-12-31": "0.65400", "2011-09-30": "0.66900", "2011-06-30": "0.69400", "2011-03-31": "0.70600", "2010-12-31": "0.74900", "2010-09-30": "0.71500", "2010-06-30": "0.73100", "2010-03-31": "0.71300", "2009-12-31": "0.73400", "2009-09-30": "0.43800", "2009-06-30": "0.43700", "2009-03-31": "0.43400", "2008-12-31": "0.44500", "2008-09-30": "0.60500", "2008-06-30": "9.22200", "2008-03-31": "9.10500", "2007-12-31": "8.87900", "2007-09-30": "8.81300", "2007-06-30": "8.74900", "2007-03-31": "8.70300", "2006-12-31": "8.80900", "2006-09-30": "6.85600", "2006-06-30": "6.99500", "2006-03-31": "6.91700", "2005-12-31": "6.82000", "2005-09-30": "6.51700", "2005-06-30": "6.79400", "2005-03-31": "6.82050"}, "Total Long-Term Assets": {"2020-12-31": "366.49300", "2020-09-30": "342.15100", "2020-06-30": "322.29100", "2020-03-31": "302.71900", "2019-12-31": "301.16900", "2019-09-30": "286.84000", "2019-06-30": "282.97700", "2019-03-31": "274.12400", "2018-12-31": "212.62200", "2018-09-30": "205.75600", "2018-06-30": "210.10600", "2018-03-31": "213.66300", "2017-12-31": "203.39900", "2017-09-30": "141.21100", "2017-06-30": "140.83300", "2017-03-31": "130.46800", "2016-12-31": "128.14200", "2016-09-30": "128.04600", "2016-06-30": "119.52700", "2016-03-31": "101.54800", "2015-12-31": "99.35700", "2015-09-30": "90.11100", "2015-06-30": "92.30600", "2015-03-31": "94.40700", "2014-12-31": "91.45400", "2014-09-30": "95.38900", "2014-06-30": "80.35700", "2014-03-31": "81.37500", "2013-12-31": "76.82200", "2013-09-30": "79.09000", "2013-06-30": "80.64200", "2013-03-31": "76.36000", "2012-12-31": "72.86100", "2012-09-30": "72.70100", "2012-06-30": "71.92300", "2012-03-31": "65.76000", "2011-12-31": "62.36200", "2011-09-30": "64.03600", "2011-06-30": "55.38600", "2011-03-31": "55.34100", "2010-12-31": "57.23000", "2010-09-30": "52.76600", "2010-06-30": "47.65400", "2010-03-31": "42.13900", "2009-12-31": "38.32200", "2009-09-30": "36.93400", "2009-06-30": "54.41700", "2009-03-31": "51.76000", "2008-12-31": "52.05200", "2008-09-30": "52.68000", "2008-06-30": "63.74400", "2008-03-31": "63.90100", "2007-12-31": "23.83000", "2007-09-30": "23.60400", "2007-06-30": "22.72000", "2007-03-31": "21.44900", "2006-12-31": "20.16700", "2006-09-30": "18.10300", "2006-06-30": "17.95800", "2006-03-31": "16.39700", "2005-12-31": "13.05800", "2005-09-30": "11.78500", "2005-06-30": "12.30500", "2005-03-31": "12.04080"}, "Total Assets": {"2020-12-31": "1208.49100", "2020-09-30": "1161.29400", "2020-06-30": "1071.15500", "2020-03-31": "1007.50400", "2019-12-31": "956.37500", "2019-09-30": "916.13500", "2019-06-30": "868.11300", "2019-03-31": "848.20900", "2018-12-31": "793.43200", "2018-09-30": "763.15700", "2018-06-30": "719.95200", "2018-03-31": "697.76700", "2017-12-31": "652.56900", "2017-09-30": "605.01300", "2017-06-30": "568.04600", "2017-03-31": "536.80400", "2016-12-31": "511.12600", "2016-09-30": "494.85600", "2016-06-30": "468.64100", "2016-03-31": "447.11200", "2015-12-31": "431.28500", "2015-09-30": "420.07900", "2015-06-30": "417.62300", "2015-03-31": "409.63000", "2014-12-31": "399.36600", "2014-09-30": "392.69900", "2014-06-30": "386.65400", "2014-03-31": "374.63200", "2013-12-31": "368.90800", "2013-09-30": "350.04000", "2013-06-30": "332.59400", "2013-03-31": "310.79100", "2012-12-31": "287.16200", "2012-09-30": "315.26900", "2012-06-30": "310.07400", "2012-03-31": "291.18000", "2011-12-31": "273.86700", "2011-09-30": "267.16200", "2011-06-30": "263.16000", "2011-03-31": "275.01000", "2010-12-31": "281.60300", "2010-09-30": "292.43200", "2010-06-30": "285.05000", "2010-03-31": "259.31500", "2009-12-31": "241.82100", "2009-09-30": "229.40700", "2009-06-30": "216.48100", "2009-03-31": "199.99700", "2008-12-31": "195.29900", "2008-09-30": "195.82200", "2008-06-30": "193.45700", "2008-03-31": "172.49600", "2007-12-31": "172.59000", "2007-09-30": "157.55800", "2007-06-30": "138.44900", "2007-03-31": "129.16500", "2006-12-31": "117.32700", "2006-09-30": "113.65400", "2006-06-30": "107.46500", "2006-03-31": "105.99300", "2005-12-31": "100.77500", "2005-09-30": "90.67900", "2005-06-30": "84.11300", "2005-03-31": "74.56100"}, "Total Current Liabilities": {"2020-12-31": "146.96900", "2020-09-30": "158.27800", "2020-06-30": "136.78500", "2020-03-31": "112.49500", "2019-12-31": "98.22500", "2019-09-30": "105.02600", "2019-06-30": "88.12000", "2019-03-31": "91.57600", "2018-12-31": "80.43900", "2018-09-30": "85.50700", "2018-06-30": "75.32600", "2018-03-31": "73.30100", "2017-12-31": "65.91700", "2017-09-30": "66.16800", "2017-06-30": "62.78600", "2017-03-31": "56.00800", "2016-12-31": "52.92100", "2016-09-30": "55.51600", "2016-06-30": "52.11100", "2016-03-31": "45.32300", "2015-12-31": "43.28300", "2015-09-30": "48.62000", "2015-06-30": "46.23400", "2015-03-31": "45.89200", "2014-12-31": "36.86100", "2014-09-30": "36.92800", "2014-06-30": "41.97000", "2014-03-31": "30.63900", "2013-12-31": "38.48900", "2013-09-30": "26.35900", "2013-06-30": "32.61300", "2013-03-31": "27.81000", "2012-12-31": "23.46000", "2012-09-30": "24.86400", "2012-06-30": "35.58400", "2012-03-31": "31.46900", "2011-12-31": "26.07000", "2011-09-30": "25.08900", "2011-06-30": "31.00900", "2011-03-31": "26.74000", "2010-12-31": "28.97000", "2010-09-30": "33.41200", "2010-06-30": "29.50500", "2010-03-31": "25.45500", "2009-12-31": "23.92200", "2009-09-30": "23.25900", "2009-06-30": "31.67000", "2009-03-31": "26.54400", "2008-12-31": "25.88200", "2008-09-30": "28.68200", "2008-06-30": "37.43900", "2008-03-31": "27.75200", "2007-12-31": "29.41200", "2007-09-30": "32.65200", "2007-06-30": "32.28600", "2007-03-31": "21.37000", "2006-12-31": "20.12200", "2006-09-30": "20.58300", "2006-06-30": "17.85400", "2006-03-31": "23.61900", "2005-12-31": "22.26700", "2005-09-30": "19.67800", "2005-06-30": "24.58700", "2005-03-31": "10.46650"}, "Long Term Debt": {"2020-12-31": "", "2020-09-30": "", "2020-06-30": "", "2020-03-31": "", "2019-12-31": "", "2019-09-30": "", "2019-06-30": "", "2019-03-31": "", "2018-12-31": "", "2018-09-30": "", "2018-06-30": "", "2018-03-31": "", "2017-12-31": "", "2017-09-30": "", "2017-06-30": "", "2017-03-31": "", "2016-12-31": "", "2016-09-30": "", "2016-06-30": "", "2016-03-31": "", "2015-12-31": "", "2015-09-30": "", "2015-06-30": "", "2015-03-31": "", "2014-12-31": "", "2014-09-30": "", "2014-06-30": "", "2014-03-31": "", "2013-12-31": "", "2013-09-30": "", "2013-06-30": "", "2013-03-31": "", "2012-12-31": "", "2012-09-30": "", "2012-06-30": "", "2012-03-31": "", "2011-12-31": "", "2011-09-30": "", "2011-06-30": "", "2011-03-31": "", "2010-12-31": "", "2010-09-30": "", "2010-06-30": "", "2010-03-31": "", "2009-12-31": "", "2009-09-30": "", "2009-06-30": "", "2009-03-31": "", "2008-12-31": "", "2008-09-30": "", "2008-06-30": "", "2008-03-31": "", "2007-12-31": "", "2007-09-30": "", "2007-06-30": "", "2007-03-31": "", "2006-12-31": "", "2006-09-30": "", "2006-06-30": "", "2006-03-31": "", "2005-12-31": "", "2005-09-30": "", "2005-06-30": "", "2005-03-31": ""}, "Other Non-Current Liabilities": {"2020-12-31": "94.93500", "2020-09-30": "52.82300", "2020-06-30": "49.80100", "2020-03-31": "44.22300", "2019-12-31": "47.06300", "2019-09-30": "76.68100", "2019-06-30": "75.83900", "2019-03-31": "76.38200", "2018-12-31": "38.52500", "2018-09-30": "67.48600", "2018-06-30": "65.60600", "2018-03-31": "66.16000", "2017-12-31": "33.02400", "2017-09-30": "33.32200", "2017-06-30": "31.46700", "2017-03-31": "29.66800", "2016-12-31": "27.08900", "2016-09-30": "23.04200", "2016-06-30": "21.39000", "2016-03-31": "19.80300", "2015-12-31": "19.48600", "2015-09-30": "14.11700", "2015-06-30": "13.60900", "2015-03-31": "12.27000", "2014-12-31": "10.20400", "2014-09-30": "14.11000", "2014-06-30": "10.05600", "2014-03-31": "9.32600", "2013-12-31": "1.47800", "2013-09-30": "6.35000", "2013-06-30": "6.01900", "2013-03-31": "6.67000", "2012-12-31": "", "2012-09-30": "5.34100", "2012-06-30": "5.24900", "2012-03-31": "4.93000", "2011-12-31": "4.92000", "2011-09-30": "5.02000", "2011-06-30": "5.02100", "2011-03-31": "5.02100", "2010-12-31": "5.73800", "2010-09-30": "5.67100", "2010-06-30": "5.57700", "2010-03-31": "4.97300", "2009-12-31": "4.94200", "2009-09-30": "4.80600", "2009-06-30": "4.79400", "2009-03-31": "4.78200", "2008-12-31": "4.77200", "2008-09-30": "5.31600", "2008-06-30": "5.31900", "2008-03-31": "5.31900", "2007-12-31": "5.64100", "2007-09-30": "4.64600", "2007-06-30": "4.65200", "2007-03-31": "6.14800", "2006-12-31": "1.76900", "2006-09-30": "1.00000", "2006-06-30": "", "2006-03-31": "", "2005-12-31": "", "2005-09-30": "", "2005-06-30": "", "2005-03-31": ""}, "Total Long Term Liabilities": {"2020-12-31": "94.93500", "2020-09-30": "88.44700", "2020-06-30": "85.42500", "2020-03-31": "81.81900", "2019-12-31": "84.65900", "2019-09-30": "76.68100", "2019-06-30": "75.83900", "2019-03-31": "76.38200", "2018-12-31": "72.90000", "2018-09-30": "67.48600", "2018-06-30": "65.60600", "2018-03-31": "66.16000", "2017-12-31": "64.64500", "2017-09-30": "33.32200", "2017-06-30": "31.46700", "2017-03-31": "29.66800", "2016-12-31": "27.08900", "2016-09-30": "23.04200", "2016-06-30": "21.39000", "2016-03-31": "19.80300", "2015-12-31": "19.48600", "2015-09-30": "17.34600", "2015-06-30": "16.62700", "2015-03-31": "18.28600", "2014-12-31": "16.08000", "2014-09-30": "14.11000", "2014-06-30": "10.05600", "2014-03-31": "9.32600", "2013-12-31": "7.02000", "2013-09-30": "6.35000", "2013-06-30": "6.01900", "2013-03-31": "6.67000", "2012-12-31": "5.40800", "2012-09-30": "5.34100", "2012-06-30": "5.24900", "2012-03-31": "4.93000", "2011-12-31": "4.92000", "2011-09-30": "5.02000", "2011-06-30": "5.02100", "2011-03-31": "5.02100", "2010-12-31": "5.73800", "2010-09-30": "5.67100", "2010-06-30": "5.57700", "2010-03-31": "4.97300", "2009-12-31": "4.94200", "2009-09-30": "4.80600", "2009-06-30": "4.79400", "2009-03-31": "4.78200", "2008-12-31": "4.77200", "2008-09-30": "5.35400", "2008-06-30": "5.42600", "2008-03-31": "5.49200", "2007-12-31": "5.64100", "2007-09-30": "4.95000", "2007-06-30": "5.02200", "2007-03-31": "6.58300", "2006-12-31": "2.25300", "2006-09-30": "1.35500", "2006-06-30": "0.23500", "2006-03-31": "0.42400", "2005-12-31": "0.34000", "2005-09-30": "0.21800", "2005-06-30": "0.21100", "2005-03-31": "0.20830"}, "Total Liabilities": {"2020-12-31": "241.90400", "2020-09-30": "246.72500", "2020-06-30": "222.21000", "2020-03-31": "194.31400", "2019-12-31": "182.88400", "2019-09-30": "181.70700", "2019-06-30": "163.95900", "2019-03-31": "167.95800", "2018-12-31": "153.33900", "2018-09-30": "152.99300", "2018-06-30": "140.93200", "2018-03-31": "139.46100", "2017-12-31": "130.56200", "2017-09-30": "99.49000", "2017-06-30": "94.25300", "2017-03-31": "85.67600", "2016-12-31": "80.01000", "2016-09-30": "78.55800", "2016-06-30": "73.50100", "2016-03-31": "65.12600", "2015-12-31": "62.76900", "2015-09-30": "65.96600", "2015-06-30": "62.86100", "2015-03-31": "64.17800", "2014-12-31": "52.94100", "2014-09-30": "51.03800", "2014-06-30": "52.02600", "2014-03-31": "39.96500", "2013-12-31": "45.50900", "2013-09-30": "32.70900", "2013-06-30": "38.63200", "2013-03-31": "34.48000", "2012-12-31": "28.86800", "2012-09-30": "30.20500", "2012-06-30": "40.83300", "2012-03-31": "36.39900", "2011-12-31": "30.99000", "2011-09-30": "30.10900", "2011-06-30": "36.03000", "2011-03-31": "31.76100", "2010-12-31": "34.70800", "2010-09-30": "39.08300", "2010-06-30": "35.08200", "2010-03-31": "30.42800", "2009-12-31": "28.86400", "2009-09-30": "28.06500", "2009-06-30": "36.46400", "2009-03-31": "31.32600", "2008-12-31": "30.65400", "2008-09-30": "34.03600", "2008-06-30": "42.86500", "2008-03-31": "33.24400", "2007-12-31": "35.05300", "2007-09-30": "37.60200", "2007-06-30": "37.30800", "2007-03-31": "27.95300", "2006-12-31": "22.37500", "2006-09-30": "21.93800", "2006-06-30": "18.08900", "2006-03-31": "24.04300", "2005-12-31": "22.60700", "2005-09-30": "19.89600", "2005-06-30": "24.79800", "2005-03-31": "10.67480"}, "Common Stock Net": {"2020-12-31": "657.70100", "2020-09-30": "632.43200", "2020-06-30": "605.16500", "2020-03-31": "581.73600", "2019-12-31": "549.51700", "2019-09-30": "528.77500", "2019-06-30": "503.75900", "2019-03-31": "478.91300", "2018-12-31": "450.90800", "2018-09-30": "435.08500", "2018-06-30": "417.86600", "2018-03-31": "401.00700", "2017-12-31": "376.58600", "2017-09-30": "364.72600", "2017-06-30": "349.44700", "2017-03-31": "334.22200", "2016-12-31": "315.96900", "2016-09-30": "304.70000", "2016-06-30": "289.12900", "2016-03-31": "276.45000", "2015-12-31": "265.76300", "2015-09-30": "251.29800", "2015-06-30": "251.55300", "2015-03-31": "241.73700", "2014-12-31": "240.50000", "2014-09-30": "238.60200", "2014-06-30": "236.51900", "2014-03-31": "237.05900", "2013-12-31": "234.20100", "2013-09-30": "235.99300", "2013-06-30": "220.64800", "2013-03-31": "209.31600", "2012-12-31": "194.07900", "2012-09-30": "185.58300", "2012-06-30": "175.62400", "2012-03-31": "167.77300", "2011-12-31": "159.33600", "2011-09-30": "156.16400", "2011-06-30": "152.12900", "2011-03-31": "172.44300", "2010-12-31": "178.26900", "2010-09-30": "188.84000", "2010-06-30": "199.33000", "2010-03-31": "184.86000", "2009-12-31": "175.51800", "2009-09-30": "168.47200", "2009-06-30": "159.84500", "2009-03-31": "152.23600", "2008-12-31": "147.29800", "2008-09-30": "148.35300", "2008-06-30": "145.89600", "2008-03-31": "139.36500", "2007-12-31": "143.89000", "2007-09-30": "136.40000", "2007-06-30": "126.10300", "2007-03-31": "120.05400", "2006-12-31": "113.53200", "2006-09-30": "108.91600", "2006-06-30": "105.25200", "2006-03-31": "99.23100", "2005-12-31": "98.34200", "2005-09-30": "95.59500", "2005-06-30": "95.03800", "2005-03-31": "93.35140"}, "Retained Earnings (Accumulated Deficit)": {"2020-12-31": "298.74600", "2020-09-30": "279.65300", "2020-06-30": "247.86400", "2020-03-31": "241.46500", "2019-12-31": "229.45000", "2019-09-30": "215.69200", "2019-06-30": "204.53300", "2019-03-31": "202.37800", "2018-12-31": "194.72800", "2018-09-30": "180.81900", "2018-06-30": "162.85900", "2018-03-31": "152.25700", "2017-12-31": "143.60800", "2017-09-30": "140.45500", "2017-06-30": "125.72600", "2017-03-31": "119.61300", "2016-12-31": "119.36200", "2016-09-30": "111.53500", "2016-06-30": "105.88300", "2016-03-31": "103.36200", "2015-12-31": "101.28700", "2015-09-30": "99.73100", "2015-06-30": "97.02300", "2015-03-31": "97.61900", "2014-12-31": "100.11400", "2014-09-30": "97.39800", "2014-06-30": "92.26900", "2014-03-31": "91.95600", "2013-12-31": "82.93800", "2013-09-30": "75.43900", "2013-06-30": "68.02900", "2013-03-31": "62.53900", "2012-12-31": "60.04000", "2012-09-30": "95.45600", "2012-06-30": "89.53500", "2012-03-31": "82.94300", "2011-12-31": "79.94800", "2011-09-30": "77.49500", "2011-06-30": "72.02200", "2011-03-31": "68.54000", "2010-12-31": "66.64700", "2010-09-30": "63.06600", "2010-06-30": "49.84800", "2010-03-31": "43.44000", "2009-12-31": "37.08500", "2009-09-30": "32.43100", "2009-06-30": "19.86900", "2009-03-31": "16.68300", "2008-12-31": "17.41100", "2008-09-30": "14.17800", "2008-06-30": "3.72000", "2008-03-31": "-0.88000", "2007-12-31": "-6.81500", "2007-09-30": "-16.52200", "2007-06-30": "-24.79200", "2007-03-31": "-18.41600", "2006-12-31": "-17.89500", "2006-09-30": "-16.31400", "2006-06-30": "-14.44200", "2006-03-31": "-15.50200", "2005-12-31": "-15.09400", "2005-09-30": "-18.92700", "2005-06-30": "-28.82400", "2005-03-31": "-22.11150"}, "Comprehensive Income": {"2020-12-31": "10.14000", "2020-09-30": "2.48400", "2020-06-30": "-4.08400", "2020-03-31": "-10.01100", "2019-12-31": "-5.47600", "2019-09-30": "-10.03900", "2019-06-30": "-4.13800", "2019-03-31": "-1.04000", "2018-12-31": "-5.54300", "2018-09-30": "-5.74000", "2018-06-30": "-1.70500", "2018-03-31": "5.04200", "2017-12-31": "1.81300", "2017-09-30": "0.34200", "2017-06-30": "-1.38000", "2017-03-31": "-2.70700", "2016-12-31": "-4.21500", "2016-09-30": "0.06300", "2016-06-30": "0.12800", "2016-03-31": "2.17400", "2015-12-31": "1.46600", "2015-09-30": "3.08400", "2015-06-30": "6.18600", "2015-03-31": "6.09600", "2014-12-31": "5.81100", "2014-09-30": "5.66100", "2014-06-30": "5.84000", "2014-03-31": "5.65200", "2013-12-31": "6.26000", "2013-09-30": "5.89900", "2013-06-30": "5.28500", "2013-03-31": "4.45600", "2012-12-31": "4.17500", "2012-09-30": "4.02500", "2012-06-30": "4.08200", "2012-03-31": "4.06500", "2011-12-31": "3.59300", "2011-09-30": "3.39400", "2011-06-30": "2.97900", "2011-03-31": "2.26600", "2010-12-31": "1.97900", "2010-09-30": "1.44300", "2010-06-30": "0.79000", "2010-03-31": "0.58700", "2009-12-31": "0.35400", "2009-09-30": "0.43900", "2009-06-30": "0.30300", "2009-03-31": "-0.24800", "2008-12-31": "-0.06400", "2008-09-30": "-0.74500", "2008-06-30": "0.97600", "2008-03-31": "0.76700", "2007-12-31": "0.46500", "2007-09-30": "0.11000", "2007-06-30": "-0.05900", "2007-03-31": "-0.16800", "2006-12-31": "-0.19800", "2006-09-30": "-0.08500", "2006-06-30": "0.02300", "2006-03-31": "-0.01700", "2005-12-31": "-0.13800", "2005-09-30": "-0.06700", "2005-06-30": "0.22500", "2005-03-31": "0.20850"}, "Other Share Holders Equity": {"2020-12-31": "", "2020-09-30": "", "2020-06-30": "", "2020-03-31": "", "2019-12-31": "", "2019-09-30": "", "2019-06-30": "", "2019-03-31": "", "2018-12-31": "", "2018-09-30": "", "2018-06-30": "", "2018-03-31": "", "2017-12-31": "", "2017-09-30": "", "2017-06-30": "", "2017-03-31": "", "2016-12-31": "", "2016-09-30": "", "2016-06-30": "", "2016-03-31": "", "2015-12-31": "", "2015-09-30": "", "2015-06-30": "", "2015-03-31": "", "2014-12-31": "", "2014-09-30": "", "2014-06-30": "", "2014-03-31": "", "2013-12-31": "", "2013-09-30": "", "2013-06-30": "", "2013-03-31": "", "2012-12-31": "", "2012-09-30": "", "2012-06-30": "", "2012-03-31": "", "2011-12-31": "", "2011-09-30": "", "2011-06-30": "", "2011-03-31": "", "2010-12-31": "", "2010-09-30": "", "2010-06-30": "", "2010-03-31": "", "2009-12-31": "", "2009-09-30": "", "2009-06-30": "", "2009-03-31": "", "2008-12-31": "", "2008-09-30": "", "2008-06-30": "", "2008-03-31": "", "2007-12-31": "", "2007-09-30": "", "2007-06-30": "", "2007-03-31": "", "2006-12-31": "", "2006-09-30": "", "2006-06-30": "-0.19100", "2006-03-31": "", "2005-12-31": "-0.39800", "2005-09-30": "-0.39800", "2005-06-30": "-0.39800", "2005-03-31": "-0.39760"}, "Share Holder Equity": {"2020-12-31": "966.58700", "2020-09-30": "914.56900", "2020-06-30": "848.94500", "2020-03-31": "813.19000", "2019-12-31": "773.49100", "2019-09-30": "734.42800", "2019-06-30": "704.15400", "2019-03-31": "680.25100", "2018-12-31": "640.09300", "2018-09-30": "610.16400", "2018-06-30": "579.02000", "2018-03-31": "558.30600", "2017-12-31": "522.00700", "2017-09-30": "505.52300", "2017-06-30": "473.79300", "2017-03-31": "451.12800", "2016-12-31": "431.11600", "2016-09-30": "416.29800", "2016-06-30": "395.14000", "2016-03-31": "381.98600", "2015-12-31": "368.51600", "2015-09-30": "354.11300", "2015-06-30": "354.76200", "2015-03-31": "345.45200", "2014-12-31": "346.42500", "2014-09-30": "341.66100", "2014-06-30": "334.62800", "2014-03-31": "334.66700", "2013-12-31": "323.39900", "2013-09-30": "317.33100", "2013-06-30": "293.96200", "2013-03-31": "276.31100", "2012-12-31": "258.29400", "2012-09-30": "285.06400", "2012-06-30": "269.24100", "2012-03-31": "254.78100", "2011-12-31": "242.87700", "2011-09-30": "237.05300", "2011-06-30": "227.13000", "2011-03-31": "243.24900", "2010-12-31": "246.89500", "2010-09-30": "253.34900", "2010-06-30": "249.96800", "2010-03-31": "228.88700", "2009-12-31": "212.95700", "2009-09-30": "201.34200", "2009-06-30": "180.01700", "2009-03-31": "168.67100", "2008-12-31": "164.64500", "2008-09-30": "161.78600", "2008-06-30": "150.59200", "2008-03-31": "139.25200", "2007-12-31": "137.53700", "2007-09-30": "119.95600", "2007-06-30": "101.14100", "2007-03-31": "101.21200", "2006-12-31": "94.95200", "2006-09-30": "91.71600", "2006-06-30": "89.37600", "2006-03-31": "81.95000", "2005-12-31": "78.16800", "2005-09-30": "70.78300", "2005-06-30": "59.31500", "2005-03-31": "63.88620"}, "Total Liabilities And Share Holders Equity": {"2020-12-31": "1208.49100", "2020-09-30": "1161.29400", "2020-06-30": "1071.15500", "2020-03-31": "1007.50400", "2019-12-31": "956.37500", "2019-09-30": "916.13500", "2019-06-30": "868.11300", "2019-03-31": "848.20900", "2018-12-31": "793.43200", "2018-09-30": "763.15700", "2018-06-30": "719.95200", "2018-03-31": "697.76700", "2017-12-31": "652.56900", "2017-09-30": "605.01300", "2017-06-30": "568.04600", "2017-03-31": "536.80400", "2016-12-31": "511.12600", "2016-09-30": "494.85600", "2016-06-30": "468.64100", "2016-03-31": "447.11200", "2015-12-31": "431.28500", "2015-09-30": "420.07900", "2015-06-30": "417.62300", "2015-03-31": "409.63000", "2014-12-31": "399.36600", "2014-09-30": "392.69900", "2014-06-30": "386.65400", "2014-03-31": "374.63200", "2013-12-31": "368.90800", "2013-09-30": "350.04000", "2013-06-30": "332.59400", "2013-03-31": "310.79100", "2012-12-31": "287.16200", "2012-09-30": "315.26900", "2012-06-30": "310.07400", "2012-03-31": "291.18000", "2011-12-31": "273.86700", "2011-09-30": "267.16200", "2011-06-30": "263.16000", "2011-03-31": "275.01000", "2010-12-31": "281.60300", "2010-09-30": "292.43200", "2010-06-30": "285.05000", "2010-03-31": "259.31500", "2009-12-31": "241.82100", "2009-09-30": "229.40700", "2009-06-30": "216.48100", "2009-03-31": "199.99700", "2008-12-31": "195.29900", "2008-09-30": "195.82200", "2008-06-30": "193.45700", "2008-03-31": "172.49600", "2007-12-31": "172.59000", "2007-09-30": "157.55800", "2007-06-30": "138.44900", "2007-03-31": "129.16500", "2006-12-31": "117.32700", "2006-09-30": "113.65400", "2006-06-30": "107.46500", "2006-03-31": "105.99300", "2005-12-31": "100.77500", "2005-09-30": "90.67900", "2005-06-30": "84.11300", "2005-03-31": "74.56100"}}, "cash flow statement": {"Net Income/Loss": {"2020-12-31": "0.00000", "2019-12-31": "108.83900", "2018-12-31": "105.26800", "2017-12-31": "65.20300", "2016-12-31": "52.72000", "2015-12-31": "35.17200", "2014-12-31": "35.49500", "2013-12-31": "22.89800", "2012-12-31": "15.75600", "2011-12-31": "13.30100", "2010-12-31": "29.56300", "2009-12-31": "19.67400", "2008-12-31": "24.22600", "2007-12-31": "11.58000", "2006-12-31": "-2.42500", "2005-12-31": "5.10700"}, "Total Depreciation And Amortization - Cash Flow": {"2020-12-31": "", "2019-12-31": "11.79000", "2018-12-31": "13.91900", "2017-12-31": "15.54600", "2016-12-31": "14.43600", "2015-12-31": "14.24600", "2014-12-31": "13.36700", "2013-12-31": "12.60300", "2012-12-31": "9.54600", "2011-12-31": "9.10800", "2010-12-31": "8.70400", "2009-12-31": "6.95300", "2008-12-31": "5.68900", "2007-12-31": "15.41200", "2006-12-31": "14.24800", "2005-12-31": "7.10300"}, "Other Non-Cash Items": {"2020-12-31": "", "2019-12-31": "77.86300", "2018-12-31": "59.78600", "2017-12-31": "37.37600", "2016-12-31": "43.57600", "2015-12-31": "32.96400", "2014-12-31": "33.32000", "2013-12-31": "20.65100", "2012-12-31": "19.33200", "2011-12-31": "12.72900", "2010-12-31": "18.84800", "2009-12-31": "16.25900", "2008-12-31": "15.21800", "2007-12-31": "2.78300", "2006-12-31": "2.45400", "2005-12-31": "-0.27700"}, "Total Non-Cash Items": {"2020-12-31": "", "2019-12-31": "89.65300", "2018-12-31": "73.70500", "2017-12-31": "52.92200", "2016-12-31": "58.01200", "2015-12-31": "47.21000", "2014-12-31": "46.68700", "2013-12-31": "33.25400", "2012-12-31": "28.87800", "2011-12-31": "21.83700", "2010-12-31": "27.55200", "2009-12-31": "23.21200", "2008-12-31": "20.90700", "2007-12-31": "18.19500", "2006-12-31": "16.70200", "2005-12-31": "6.82600"}, "Change In Accounts Receivable": {"2020-12-31": "", "2019-12-31": "2.51200", "2018-12-31": "-18.07900", "2017-12-31": "-3.78500", "2016-12-31": "-3.42100", "2015-12-31": "-5.20100", "2014-12-31": "-1.87000", "2013-12-31": "-4.34700", "2012-12-31": "-4.28600", "2011-12-31": "3.25000", "2010-12-31": "-2.82600", "2009-12-31": "-6.40600", "2008-12-31": "-0.87600", "2007-12-31": "0.91700", "2006-12-31": "0.38100", "2005-12-31": "-5.55100"}, "Change In Inventories": {"2020-12-31": "", "2019-12-31": "8.86500", "2018-12-31": "-37.06000", "2017-12-31": "-27.79500", "2016-12-31": "-8.32300", "2015-12-31": "-22.21000", "2014-12-31": "-1.14200", "2013-12-31": "-7.60600", "2012-12-31": "-12.00400", "2011-12-31": "5.69900", "2010-12-31": "-6.18400", "2009-12-31": "-0.73700", "2008-12-31": "-1.35600", "2007-12-31": "-10.74700", "2006-12-31": "-0.57200", "2005-12-31": "-0.76600"}, "Change In Accounts Payable": {"2020-12-31": "", "2019-12-31": "3.04800", "2018-12-31": "0.87100", "2017-12-31": "3.07700", "2016-12-31": "5.48300", "2015-12-31": "0.14700", "2014-12-31": "1.63200", "2013-12-31": "1.44000", "2012-12-31": "0.75400", "2011-12-31": "-0.95700", "2010-12-31": "1.15500", "2009-12-31": "2.69900", "2008-12-31": "-1.38200", "2007-12-31": "0.20800", "2006-12-31": "-0.68700", "2005-12-31": "3.14900"}, "Change In Assets/Liabilities": {"2020-12-31": "", "2019-12-31": "-10.20400", "2018-12-31": "-1.07500", "2017-12-31": "1.60300", "2016-12-31": "-11.02100", "2015-12-31": "-0.39000", "2014-12-31": "-2.02900", "2013-12-31": "0.12100", "2012-12-31": "-0.45600", "2011-12-31": "0.67300", "2010-12-31": "0.37800", "2009-12-31": "-0.10100", "2008-12-31": "2.24200", "2007-12-31": "-3.67100", "2006-12-31": "0.28900", "2005-12-31": "-0.53500"}, "Total Change In Assets/Liabilities": {"2020-12-31": "", "2019-12-31": "17.81100", "2018-12-31": "-37.52200", "2017-12-31": "15.69600", "2016-12-31": "-2.94600", "2015-12-31": "-12.64600", "2014-12-31": "-8.04900", "2013-12-31": "4.53400", "2012-12-31": "-19.72200", "2011-12-31": "8.54700", "2010-12-31": "-8.62100", "2009-12-31": "-11.12200", "2008-12-31": "-5.54300", "2007-12-31": "-3.65000", "2006-12-31": "-0.45400", "2005-12-31": "5.27800"}, "Cash Flow From Operating Activities": {"2020-12-31": "", "2019-12-31": "216.30300", "2018-12-31": "141.45100", "2017-12-31": "133.82100", "2016-12-31": "107.78600", "2015-12-31": "69.73600", "2014-12-31": "74.13300", "2013-12-31": "60.68600", "2012-12-31": "24.91200", "2011-12-31": "43.68500", "2010-12-31": "48.49400", "2009-12-31": "31.76400", "2008-12-31": "39.59000", "2007-12-31": "26.12500", "2006-12-31": "13.82300", "2005-12-31": "17.21100"}, "Net Change In Property, Plant, And Equipment": {"2020-12-31": "", "2019-12-31": "-86.53800", "2018-12-31": "-22.52600", "2017-12-31": "-65.77000", "2016-12-31": "-37.11200", "2015-12-31": "-15.68400", "2014-12-31": "-9.51100", "2013-12-31": "-15.67600", "2012-12-31": "-21.04600", "2011-12-31": "-21.02200", "2010-12-31": "-22.77900", "2009-12-31": "-9.95400", "2008-12-31": "-5.23300", "2007-12-31": "-6.59500", "2006-12-31": "-7.47300", "2005-12-31": "-1.87800"}, "Net Change In Intangible Assets": {"2020-12-31": "", "2019-12-31": "", "2018-12-31": "", "2017-12-31": "", "2016-12-31": "", "2015-12-31": "", "2014-12-31": "", "2013-12-31": "", "2012-12-31": "", "2011-12-31": "", "2010-12-31": "", "2009-12-31": "-0.31000", "2008-12-31": "", "2007-12-31": "", "2006-12-31": "", "2005-12-31": ""}, "Net Acquisitions/Divestitures": {"2020-12-31": "", "2019-12-31": "-0.98100", "2018-12-31": "", "2017-12-31": "", "2016-12-31": "", "2015-12-31": "", "2014-12-31": "-11.59000", "2013-12-31": "", "2012-12-31": "", "2011-12-31": "", "2010-12-31": "", "2009-12-31": "", "2008-12-31": "", "2007-12-31": "", "2006-12-31": "", "2005-12-31": ""}, "Net Change In Short-term Investments": {"2020-12-31": "", "2019-12-31": "-76.76100", "2018-12-31": "9.93200", "2017-12-31": "-63.02900", "2016-12-31": "-13.56800", "2015-12-31": "-33.46900", "2014-12-31": "12.41900", "2013-12-31": "-40.05600", "2012-12-31": "-7.91100", "2011-12-31": "51.46900", "2010-12-31": "-11.37800", "2009-12-31": "-79.33100", "2008-12-31": "-5.62300", "2007-12-31": "-0.00200", "2006-12-31": "11.14000", "2005-12-31": "-21.81400"}, "Net Change In Long-Term Investments": {"2020-12-31": "", "2019-12-31": "0.25000", "2018-12-31": "2.00000", "2017-12-31": "", "2016-12-31": "", "2015-12-31": "", "2014-12-31": "4.65000", "2013-12-31": "2.02500", "2012-12-31": "2.10000", "2011-12-31": "5.77500", "2010-12-31": "0.42500", "2009-12-31": "0.10000", "2008-12-31": "-27.32500", "2007-12-31": "", "2006-12-31": "", "2005-12-31": ""}, "Net Change In Investments - Total": {"2020-12-31": "", "2019-12-31": "-76.51100", "2018-12-31": "11.93200", "2017-12-31": "-63.02900", "2016-12-31": "-13.56800", "2015-12-31": "-33.46900", "2014-12-31": "17.06900", "2013-12-31": "-38.03100", "2012-12-31": "-5.81100", "2011-12-31": "57.24400", "2010-12-31": "-10.95300", "2009-12-31": "-79.23100", "2008-12-31": "-32.94800", "2007-12-31": "-0.00200", "2006-12-31": "11.14000", "2005-12-31": "-21.81400"}, "Investing Activities - Other": {"2020-12-31": "", "2019-12-31": "-3.08200", "2018-12-31": "-4.14600", "2017-12-31": "-5.26100", "2016-12-31": "-5.04600", "2015-12-31": "-8.04400", "2014-12-31": "-5.33500", "2013-12-31": "-0.61700", "2012-12-31": "0.02000", "2011-12-31": "", "2010-12-31": "-0.01900", "2009-12-31": "7.36700", "2008-12-31": "8.56600", "2007-12-31": "-7.35000", "2006-12-31": "1.09700", "2005-12-31": "-2.89700"}, "Cash Flow From Investing Activities": {"2020-12-31": "", "2019-12-31": "-167.11200", "2018-12-31": "-14.74000", "2017-12-31": "-134.06000", "2016-12-31": "-55.72600", "2015-12-31": "-57.19700", "2014-12-31": "-9.36700", "2013-12-31": "-54.32400", "2012-12-31": "-26.83700", "2011-12-31": "36.22200", "2010-12-31": "-33.75100", "2009-12-31": "-82.12800", "2008-12-31": "-29.61500", "2007-12-31": "-13.94700", "2006-12-31": "4.76400", "2005-12-31": "-26.58900"}, "Net Long-Term Debt": {"2020-12-31": "", "2019-12-31": "", "2018-12-31": "", "2017-12-31": "", "2016-12-31": "", "2015-12-31": "", "2014-12-31": "", "2013-12-31": "", "2012-12-31": "", "2011-12-31": "", "2010-12-31": "", "2009-12-31": "", "2008-12-31": "", "2007-12-31": "", "2006-12-31": "", "2005-12-31": ""}, "Net Current Debt": {"2020-12-31": "", "2019-12-31": "", "2018-12-31": "", "2017-12-31": "", "2016-12-31": "", "2015-12-31": "", "2014-12-31": "", "2013-12-31": "", "2012-12-31": "", "2011-12-31": "", "2010-12-31": "", "2009-12-31": "", "2008-12-31": "", "2007-12-31": "", "2006-12-31": "", "2005-12-31": ""}, "Debt Issuance/Retirement Net - Total": {"2020-12-31": "", "2019-12-31": "", "2018-12-31": "", "2017-12-31": "", "2016-12-31": "", "2015-12-31": "", "2014-12-31": "", "2013-12-31": "", "2012-12-31": "", "2011-12-31": "", "2010-12-31": "", "2009-12-31": "", "2008-12-31": "", "2007-12-31": "", "2006-12-31": "", "2005-12-31": ""}, "Net Common Equity Issued/Repurchased": {"2020-12-31": "", "2019-12-31": "19.92700", "2018-12-31": "13.66500", "2017-12-31": "2.85100", "2016-12-31": "3.80700", "2015-12-31": "-22.31500", "2014-12-31": "-27.17900", "2013-12-31": "19.40700", "2012-12-31": "15.24200", "2011-12-31": "-32.00200", "2010-12-31": "-15.30300", "2009-12-31": "12.97500", "2008-12-31": "-10.55000", "2007-12-31": "17.29400", "2006-12-31": "5.33200", "2005-12-31": "2.71400"}, "Net Total Equity Issued/Repurchased": {"2020-12-31": "", "2019-12-31": "19.92700", "2018-12-31": "13.66500", "2017-12-31": "2.85100", "2016-12-31": "3.80700", "2015-12-31": "-22.31500", "2014-12-31": "-27.17900", "2013-12-31": "19.40700", "2012-12-31": "15.24200", "2011-12-31": "-32.00200", "2010-12-31": "-15.30300", "2009-12-31": "12.97500", "2008-12-31": "-10.55000", "2007-12-31": "17.29400", "2006-12-31": "5.33200", "2005-12-31": "2.71400"}, "Total Common And Preferred Stock Dividends Paid": {"2020-12-31": "", "2019-12-31": "-67.29400", "2018-12-31": "-47.47500", "2017-12-31": "-33.92600", "2016-12-31": "-33.09900", "2015-12-31": "-29.96500", "2014-12-31": "-11.65800", "2013-12-31": "", "2012-12-31": "-35.66400", "2011-12-31": "", "2010-12-31": "", "2009-12-31": "", "2008-12-31": "", "2007-12-31": "", "2006-12-31": "", "2005-12-31": ""}, "Financial Activities - Other": {"2020-12-31": "", "2019-12-31": "-0.68300", "2018-12-31": "-0.74900", "2017-12-31": "-0.25000", "2016-12-31": "1.16500", "2015-12-31": "5.62800", "2014-12-31": "-0.39000", "2013-12-31": "-0.55700", "2012-12-31": "0.86900", "2011-12-31": "0.02700", "2010-12-31": "1.25600", "2009-12-31": "0.64300", "2008-12-31": "0.76500", "2007-12-31": "2.68400", "2006-12-31": "1.83500", "2005-12-31": ""}, "Cash Flow From Financial Activities": {"2020-12-31": "", "2019-12-31": "-48.05000", "2018-12-31": "-34.55900", "2017-12-31": "-31.32500", "2016-12-31": "-28.12700", "2015-12-31": "-46.65200", "2014-12-31": "-39.22700", "2013-12-31": "18.85000", "2012-12-31": "-19.55300", "2011-12-31": "-31.97500", "2010-12-31": "-14.04700", "2009-12-31": "13.61800", "2008-12-31": "-9.78500", "2007-12-31": "19.97800", "2006-12-31": "7.16700", "2005-12-31": "2.71400"}, "Net Cash Flow": {"2020-12-31": "", "2019-12-31": "0.25800", "2018-12-31": "89.94400", "2017-12-31": "-29.93900", "2016-12-31": "21.84000", "2015-12-31": "-35.40600", "2014-12-31": "25.05300", "2013-12-31": "26.10900", "2012-12-31": "-21.26700", "2011-12-31": "48.36100", "2010-12-31": "1.29300", "2009-12-31": "-36.54900", "2008-12-31": "0.15200", "2007-12-31": "32.29800", "2006-12-31": "25.72500", "2005-12-31": "-6.92800"}, "Stock-Based Compensation": {"2020-12-31": "", "2019-12-31": "78.69900", "2018-12-31": "60.60700", "2017-12-31": "52.61700", "2016-12-31": "44.98900", "2015-12-31": "41.56300", "2014-12-31": "33.45400", "2013-12-31": "20.70100", "2012-12-31": "18.65200", "2011-12-31": "13.12600", "2010-12-31": "16.81000", "2009-12-31": "14.61100", "2008-12-31": "13.15800", "2007-12-31": "", "2006-12-31": "", "2005-12-31": ""}, "Common Stock Dividends Paid": {"2020-12-31": "", "2019-12-31": "-67.29400", "2018-12-31": "-47.47500", "2017-12-31": "-33.92600", "2016-12-31": "-33.09900", "2015-12-31": "-29.96500", "2014-12-31": "-11.65800", "2013-12-31": "", "2012-12-31": "-35.66400", "2011-12-31": "", "2010-12-31": "", "2009-12-31": "", "2008-12-31": "", "2007-12-31": "", "2006-12-31": "", "2005-12-31": ""}}, "cash flow statement, quarterly": {"Net Income/Loss": {"2020-12-31": -121.488, "2020-09-30": 55.566, "2020-06-30": 30.166, "2020-03-31": "35.75600", "2019-12-31": 32.437, "2019-09-30": 29.528, "2019-06-30": 20.693, "2019-03-31": "26.18100", "2018-12-31": 27.638, "2018-09-30": 31.568, "2018-06-30": 24.206, "2018-03-31": "21.85600", "2017-12-31": 12.071, "2017-09-30": 23.642, "2017-06-30": 15.013, "2017-03-31": "14.47700", "2016-12-31": 16.574, "2016-09-30": 14.373, "2016-06-30": 11.198, "2016-03-31": "10.57500", "2015-12-31": 10.109, "2015-09-30": 11.201, "2015-06-30": 7.899, "2015-03-31": "5.96300", "2014-12-31": 8.86, "2014-09-30": 11.22, "2014-06-30": 6.397, "2014-03-31": "9.01800", "2013-12-31": 7.499, "2013-09-30": 7.41, "2013-06-30": 5.49, "2013-03-31": "2.49900", "2012-12-31": 0.248, "2012-09-30": 5.921, "2012-06-30": 6.592, "2012-03-31": "2.99500", "2011-12-31": 2.453, "2011-09-30": 5.473, "2011-06-30": 3.482, "2011-03-31": "1.89300", "2010-12-31": 3.581, "2010-09-30": 13.219, "2010-06-30": 6.407, "2010-03-31": "6.35600", "2009-12-31": 4.654, "2009-09-30": 12.562, "2009-06-30": 3.186, "2009-03-31": "-0.72800", "2008-12-31": 3.234, "2008-09-30": 10.457, "2008-06-30": 4.6, "2008-03-31": "5.93500", "2007-12-31": 9.282, "2007-09-30": 8.993, "2007-06-30": -6.366, "2007-03-31": "-0.32900", "2006-12-31": -1.204, "2006-09-30": -1.873, "2006-06-30": 1.06, "2006-03-31": "-0.40800", "2005-12-31": 3.833, "2005-09-30": 9.362, "2005-06-30": -6.705, "2005-03-31": "-1.38300"}, "Total Depreciation And Amortization - Cash Flow": {"2020-12-31": -15.769, "2020-09-30": 5.641, "2020-06-30": 1.556, "2020-03-31": "8.57200", "2019-12-31": 0.589, "2019-09-30": 6.546, "2019-06-30": 3.214, "2019-03-31": "1.44100", "2018-12-31": 3.739, "2018-09-30": 3.775, "2018-06-30": 3.149, "2018-03-31": "3.25600", "2017-12-31": 1.96, "2017-09-30": 4.518, "2017-06-30": 4.517, "2017-03-31": "4.55100", "2016-12-31": 3.275, "2016-09-30": 3.925, "2016-06-30": 3.745, "2016-03-31": "3.49100", "2015-12-31": 3.768, "2015-09-30": 3.386, "2015-06-30": 3.471, "2015-03-31": "3.62100", "2014-12-31": 3.482, "2014-09-30": 3.451, "2014-06-30": 3.181, "2014-03-31": "3.25300", "2013-12-31": 3.323, "2013-09-30": 3.365, "2013-06-30": 3.108, "2013-03-31": "2.80700", "2012-12-31": 2.535, "2012-09-30": 2.471, "2012-06-30": 2.328, "2012-03-31": "2.21200", "2011-12-31": 2.201, "2011-09-30": 2.224, "2011-06-30": 2.23, "2011-03-31": "2.45300", "2010-12-31": 2.614, "2010-09-30": 2.211, "2010-06-30": 2.029, "2010-03-31": "1.85000", "2009-12-31": 1.823, "2009-09-30": 1.861, "2009-06-30": 1.702, "2009-03-31": "1.56700", "2008-12-31": 1.478, "2008-09-30": 1.455, "2008-06-30": 1.425, "2008-03-31": "1.33100", "2007-12-31": 12.45, "2007-09-30": 1.09, "2007-06-30": 0.997, "2007-03-31": "0.87500", "2006-12-31": 12.285, "2006-09-30": 0.699, "2006-06-30": -1.967, "2006-03-31": "3.23100", "2005-12-31": 1.689, "2005-09-30": 4.606, "2005-06-30": 0.433, "2005-03-31": "0.37500"}, "Other Non-Cash Items": {"2020-12-31": -64.576, "2020-09-30": 21.567, "2020-06-30": 21.036, "2020-03-31": "21.97300", "2019-12-31": 20.774, "2019-09-30": 18.375, "2019-06-30": 22.723, "2019-03-31": "15.99100", "2018-12-31": 11.801, "2018-09-30": 17.052, "2018-06-30": 15.903, "2018-03-31": "15.03000", "2017-12-31": -1.481, "2017-09-30": 13.334, "2017-06-30": 14.597, "2017-03-31": "10.92600", "2016-12-31": 11.44, "2016-09-30": 12.308, "2016-06-30": 11.093, "2016-03-31": "8.73500", "2015-12-31": 7.084, "2015-09-30": 9.556, "2015-06-30": 7.21, "2015-03-31": "9.11400", "2014-12-31": 8.448, "2014-09-30": 8.859, "2014-06-30": 8.415, "2014-03-31": "7.59800", "2013-12-31": 5.57, "2013-09-30": 5.231, "2013-06-30": 5.322, "2013-03-31": "4.52800", "2012-12-31": 8.802, "2012-09-30": 2.187, "2012-06-30": 4.407, "2012-03-31": "3.93600", "2011-12-31": 0.931, "2011-09-30": 3.765, "2011-06-30": 4.009, "2011-03-31": "4.02400", "2010-12-31": 3.365, "2010-09-30": 4.478, "2010-06-30": 6.629, "2010-03-31": "4.37600", "2009-12-31": 4.438, "2009-09-30": 3.898, "2009-06-30": 4.288, "2009-03-31": "3.63500", "2008-12-31": 4.5, "2008-09-30": 4.113, "2008-06-30": 3.72, "2008-03-31": "2.88500", "2007-12-31": -8.029, "2007-09-30": 3.488, "2007-06-30": 2.693, "2007-03-31": "4.63100", "2006-12-31": 2.138, "2006-09-30": 1.794, "2006-06-30": -1.462, "2006-03-31": "-0.01600", "2005-12-31": 0.623, "2005-09-30": 4.12, "2005-06-30": -4.433, "2005-03-31": "-0.58700"}, "Total Non-Cash Items": {"2020-12-31": -80.345, "2020-09-30": 27.208, "2020-06-30": 22.592, "2020-03-31": "30.54500", "2019-12-31": 21.363, "2019-09-30": 24.921, "2019-06-30": 25.937, "2019-03-31": "17.43200", "2018-12-31": 15.54, "2018-09-30": 20.827, "2018-06-30": 19.052, "2018-03-31": "18.28600", "2017-12-31": 0.479, "2017-09-30": 17.852, "2017-06-30": 19.114, "2017-03-31": "15.47700", "2016-12-31": 14.715, "2016-09-30": 16.233, "2016-06-30": 14.838, "2016-03-31": "12.22600", "2015-12-31": 10.852, "2015-09-30": 12.942, "2015-06-30": 10.681, "2015-03-31": "12.73500", "2014-12-31": 11.93, "2014-09-30": 12.31, "2014-06-30": 11.596, "2014-03-31": "10.85100", "2013-12-31": 8.893, "2013-09-30": 8.596, "2013-06-30": 8.43, "2013-03-31": "7.33500", "2012-12-31": 11.337, "2012-09-30": 4.658, "2012-06-30": 6.735, "2012-03-31": "6.14800", "2011-12-31": 3.132, "2011-09-30": 5.989, "2011-06-30": 6.239, "2011-03-31": "6.47700", "2010-12-31": 5.979, "2010-09-30": 6.689, "2010-06-30": 8.658, "2010-03-31": "6.22600", "2009-12-31": 6.261, "2009-09-30": 5.759, "2009-06-30": 5.99, "2009-03-31": "5.20200", "2008-12-31": 5.978, "2008-09-30": 5.568, "2008-06-30": 5.145, "2008-03-31": "4.21600", "2007-12-31": 4.421, "2007-09-30": 4.578, "2007-06-30": 3.69, "2007-03-31": "5.50600", "2006-12-31": 14.423, "2006-09-30": 2.493, "2006-06-30": -3.429, "2006-03-31": "3.21500", "2005-12-31": 2.312, "2005-09-30": 8.726, "2005-06-30": -4, "2005-03-31": "-0.21200"}, "Change In Accounts Receivable": {"2020-12-31": 40.826, "2020-09-30": -38.398, "2020-06-30": -0.793, "2020-03-31": "-1.63500", "2019-12-31": 5.56, "2019-09-30": -2.872, "2019-06-30": 3.5, "2019-03-31": "-3.67600", "2018-12-31": 4.673, "2018-09-30": -6.427, "2018-06-30": -5.222, "2018-03-31": "-11.10300", "2017-12-31": 12.72, "2017-09-30": -8.776, "2017-06-30": -3.864, "2017-03-31": "-3.86500", "2016-12-31": -0.918, "2016-09-30": -1.983, "2016-06-30": -2.518, "2016-03-31": "1.99800", "2015-12-31": -0.356, "2015-09-30": -3.711, "2015-06-30": -1.42, "2015-03-31": "0.28600", "2014-12-31": -1.354, "2014-09-30": -2.826, "2014-06-30": 0.637, "2014-03-31": "1.67300", "2013-12-31": -1.774, "2013-09-30": -1.637, "2013-06-30": 2.349, "2013-03-31": "-3.28500", "2012-12-31": 2.178, "2012-09-30": -0.146, "2012-06-30": -1.469, "2012-03-31": "-4.84900", "2011-12-31": 1.323, "2011-09-30": 1.169, "2011-06-30": 0.053, "2011-03-31": "0.70500", "2010-12-31": 13.941, "2010-09-30": -1.967, "2010-06-30": -5.781, "2010-03-31": "-9.01900", "2009-12-31": 3.972, "2009-09-30": -7.046, "2009-06-30": 0.92, "2009-03-31": "-4.25200", "2008-12-31": 9.665, "2008-09-30": -5.747, "2008-06-30": -1.72, "2008-03-31": "-3.07400", "2007-12-31": 4.533, "2007-09-30": -4.755, "2007-06-30": -0.238, "2007-03-31": "1.37700", "2006-12-31": 0.413, "2006-09-30": 0.297, "2006-06-30": -2.51, "2006-03-31": "2.18100", "2005-12-31": 0.214, "2005-09-30": -3.073, "2005-06-30": -2.562, "2005-03-31": "-0.13000"}, "Change In Inventories": {"2020-12-31": 20.533, "2020-09-30": 4.047, "2020-06-30": -20.586, "2020-03-31": "-3.99400", "2019-12-31": 8.111, "2019-09-30": 7.959, "2019-06-30": -1.034, "2019-03-31": "-6.17100", "2018-12-31": 0.436, "2018-09-30": -7.894, "2018-06-30": -17.012, "2018-03-31": "-12.59000", "2017-12-31": 0.589, "2017-09-30": -7.226, "2017-06-30": -14.101, "2017-03-31": "-7.05700", "2016-12-31": -0.801, "2016-09-30": -0.764, "2016-06-30": -7.609, "2016-03-31": "0.85100", "2015-12-31": 4.168, "2015-09-30": -2.349, "2015-06-30": -11.562, "2015-03-31": "-12.46700", "2014-12-31": 0.658, "2014-09-30": -0.343, "2014-06-30": -1.376, "2014-03-31": "-0.08100", "2013-12-31": 3.245, "2013-09-30": -2.711, "2013-06-30": -5.304, "2013-03-31": "-2.83600", "2012-12-31": 0.515, "2012-09-30": -3.169, "2012-06-30": -7.907, "2012-03-31": "-1.44300", "2011-12-31": 3.459, "2011-09-30": 1.158, "2011-06-30": -1.597, "2011-03-31": "2.67900", "2010-12-31": -6.388, "2010-09-30": -4.974, "2010-06-30": 0.112, "2010-03-31": "5.06600", "2009-12-31": 0.731, "2009-09-30": -0.275, "2009-06-30": -1.519, "2009-03-31": "0.32600", "2008-12-31": 3.42, "2008-09-30": 1.814, "2008-06-30": -7.749, "2008-03-31": "1.15900", "2007-12-31": -1.65, "2007-09-30": -3.896, "2007-06-30": -2.581, "2007-03-31": "-2.62000", "2006-12-31": 0.648, "2006-09-30": 1.693, "2006-06-30": -0.534, "2006-03-31": "-2.37900", "2005-12-31": -0.448, "2005-09-30": 0.627, "2005-06-30": 0.141, "2005-03-31": "-1.08600"}, "Change In Accounts Payable": {"2020-12-31": -19.811, "2020-09-30": 4.322, "2020-06-30": 8.304, "2020-03-31": "7.18500", "2019-12-31": -4.125, "2019-09-30": 5.02, "2019-06-30": -2.625, "2019-03-31": "4.77800", "2018-12-31": -5.107, "2018-09-30": 2.946, "2018-06-30": -0.824, "2018-03-31": "3.85600", "2017-12-31": -1.922, "2017-09-30": -2.756, "2017-06-30": 2.828, "2017-03-31": "4.92700", "2016-12-31": -0.23, "2016-09-30": -1.463, "2016-06-30": 3.834, "2016-03-31": "3.34200", "2015-12-31": -3.398, "2015-09-30": -1.142, "2015-06-30": -2.215, "2015-03-31": "6.90200", "2014-12-31": -2.232, "2014-09-30": 0.896, "2014-06-30": 1.91, "2014-03-31": "1.05800", "2013-12-31": 0.276, "2013-09-30": -2.893, "2013-06-30": 1.922, "2013-03-31": "2.13500", "2012-12-31": -1.591, "2012-09-30": -3.567, "2012-06-30": 1.814, "2012-03-31": "4.09800", "2011-12-31": -1.669, "2011-09-30": -1.35, "2011-06-30": 0.763, "2011-03-31": "1.29900", "2010-12-31": -7.763, "2010-09-30": 5.716, "2010-06-30": 1.17, "2010-03-31": "2.03200", "2009-12-31": -1.099, "2009-09-30": 0.422, "2009-06-30": 0.178, "2009-03-31": "3.19800", "2008-12-31": -3.114, "2008-09-30": -4.529, "2008-06-30": 5.454, "2008-03-31": "0.80700", "2007-12-31": -3.412, "2007-09-30": 1.532, "2007-06-30": 0.957, "2007-03-31": "1.13100", "2006-12-31": 1.058, "2006-09-30": -1.036, "2006-06-30": -3.647, "2006-03-31": "2.93800", "2005-12-31": 0.55, "2005-09-30": 1.991, "2005-06-30": -0.755, "2005-03-31": "1.36300"}, "Change In Assets/Liabilities": {"2020-12-31": 6.376, "2020-09-30": 3.625, "2020-06-30": 0.06, "2020-03-31": "-10.06100", "2019-12-31": -4.355, "2019-09-30": -5.807, "2019-06-30": 1.534, "2019-03-31": "-1.57600", "2018-12-31": -0.41, "2018-09-30": 0.318, "2018-06-30": 2.971, "2018-03-31": "-3.95400", "2017-12-31": -0.093, "2017-09-30": 2.863, "2017-06-30": 0.298, "2017-03-31": "-1.46500", "2016-12-31": -0.152, "2016-09-30": -0.452, "2016-06-30": -10.236, "2016-03-31": "-0.18100", "2015-12-31": -0.531, "2015-09-30": -0.264, "2015-06-30": 0.043, "2015-03-31": "0.36200", "2014-12-31": -0.161, "2014-09-30": -0.421, "2014-06-30": 0.589, "2014-03-31": "-2.03600", "2013-12-31": -0.342, "2013-09-30": 0.011, "2013-06-30": 0.137, "2013-03-31": "0.31500", "2012-12-31": 0.034, "2012-09-30": -0.193, "2012-06-30": -0.394, "2012-03-31": "0.09700", "2011-12-31": 0.31, "2011-09-30": -0.298, "2011-06-30": 1.006, "2011-03-31": "-0.34500", "2010-12-31": 0.459, "2010-09-30": -0.04, "2010-06-30": -0.279, "2010-03-31": "0.23800", "2009-12-31": 0.255, "2009-09-30": 0.473, "2009-06-30": -0.664, "2009-03-31": "-0.16500", "2008-12-31": 1.621, "2008-09-30": 0.876, "2008-06-30": -0.578, "2008-03-31": "0.32300", "2007-12-31": -0.198, "2007-09-30": -0.979, "2007-06-30": -0.278, "2007-03-31": "-2.21600", "2006-12-31": -0.221, "2006-09-30": 1.653, "2006-06-30": -0.892, "2006-03-31": "-0.25100", "2005-12-31": -1.124, "2005-09-30": 0.19, "2005-06-30": 0.194, "2005-03-31": "0.20500"}, "Total Change In Assets/Liabilities": {"2020-12-31": 13.678, "2020-09-30": -5.368, "2020-06-30": 6.572, "2020-03-31": "-14.88200", "2019-12-31": 7.186, "2019-09-30": 17.975, "2019-06-30": -2.573, "2019-03-31": "-4.77700", "2018-12-31": 4.412, "2018-09-30": -0.244, "2018-06-30": -17.84, "2018-03-31": "-23.85000", "2017-12-31": 40.823, "2017-09-30": -7.816, "2017-06-30": -9.249, "2017-03-31": "-8.06200", "2016-12-31": -0.29, "2016-09-30": 2.313, "2016-06-30": -11.027, "2016-03-31": "6.05800", "2015-12-31": 3.376, "2015-09-30": -2.093, "2015-06-30": -10.912, "2015-03-31": "-3.01700", "2014-12-31": -0.254, "2014-09-30": -7.521, "2014-06-30": 7.61, "2014-03-31": "-7.88400", "2013-12-31": 14.056, "2013-09-30": -7.985, "2013-06-30": 1.593, "2013-03-31": "-3.13000", "2012-12-31": -0.123, "2012-09-30": -9.421, "2012-06-30": -7.254, "2012-03-31": "-2.92400", "2011-12-31": 7.681, "2011-09-30": -2.557, "2011-06-30": 3.563, "2011-03-31": "-0.14000", "2010-12-31": 0.683, "2010-09-30": -4.408, "2010-06-30": -0.547, "2010-03-31": "-4.34900", "2009-12-31": 5.219, "2009-09-30": -14.126, "2009-06-30": 1.839, "2009-03-31": "-4.05400", "2008-12-31": 11.516, "2008-09-30": -12.552, "2008-06-30": -0.254, "2008-03-31": "-4.25300", "2007-12-31": -0.342, "2007-09-30": -9.9, "2007-06-30": 5.913, "2007-03-31": "0.67900", "2006-12-31": 1.652, "2006-09-30": 6.96, "2006-06-30": -8.807, "2006-03-31": "-0.25900", "2005-12-31": -0.651, "2005-09-30": -7.137, "2005-06-30": 11.825, "2005-03-31": "1.24100"}, "Cash Flow From Operating Activities": {"2020-12-31": -188.155, "2020-09-30": 77.406, "2020-06-30": 59.33, "2020-03-31": "51.41900", "2019-12-31": 60.986, "2019-09-30": 72.424, "2019-06-30": 44.057, "2019-03-31": "38.83600", "2018-12-31": 47.59, "2018-09-30": 52.151, "2018-06-30": 25.418, "2018-03-31": "16.29200", "2017-12-31": 53.373, "2017-09-30": 33.678, "2017-06-30": 24.878, "2017-03-31": "21.89200", "2016-12-31": 30.999, "2016-09-30": 32.919, "2016-06-30": 14.998, "2016-03-31": "28.87000", "2015-12-31": 24.337, "2015-09-30": 22.05, "2015-06-30": 7.668, "2015-03-31": "15.68100", "2014-12-31": 20.536, "2014-09-30": 16.009, "2014-06-30": 25.603, "2014-03-31": "11.98500", "2013-12-31": 30.448, "2013-09-30": 8.021, "2013-06-30": 15.513, "2013-03-31": "6.70400", "2012-12-31": 11.462, "2012-09-30": 1.158, "2012-06-30": 6.073, "2012-03-31": "6.21900", "2011-12-31": 13.266, "2011-09-30": 8.905, "2011-06-30": 13.284, "2011-03-31": "8.23000", "2010-12-31": 10.243, "2010-09-30": 15.5, "2010-06-30": 14.518, "2010-03-31": "8.23300", "2009-12-31": 16.134, "2009-09-30": 4.195, "2009-06-30": 11.015, "2009-03-31": "0.42000", "2008-12-31": 20.728, "2008-09-30": 3.473, "2008-06-30": 9.491, "2008-03-31": "5.89800", "2007-12-31": 13.361, "2007-09-30": 3.671, "2007-06-30": 3.237, "2007-03-31": "5.85600", "2006-12-31": 6.131, "2006-09-30": 10.548, "2006-06-30": -5.404, "2006-03-31": "2.54800", "2005-12-31": 5.494, "2005-09-30": 7.943, "2005-06-30": 2.466, "2005-03-31": "1.30800"}, "Net Change In Property, Plant, And Equipment": {"2020-12-31": 44.129, "2020-09-30": -19.594, "2020-06-30": -14.584, "2020-03-31": "-9.95100", "2019-12-31": -8.677, "2019-09-30": -1.679, "2019-06-30": -19.262, "2019-03-31": "-56.92000", "2018-12-31": -4.469, "2018-09-30": -5.059, "2018-06-30": -5.598, "2018-03-31": "-7.40000", "2017-12-31": -40.662, "2017-09-30": -4.58, "2017-06-30": -17.107, "2017-03-31": "-3.42100", "2016-12-31": -8.076, "2016-09-30": -10.358, "2016-06-30": -13.332, "2016-03-31": "-5.34600", "2015-12-31": -7.274, "2015-09-30": -1.755, "2015-06-30": -1.952, "2015-03-31": "-4.70300", "2014-12-31": -1.781, "2014-09-30": -1.772, "2014-06-30": -1.442, "2014-03-31": "-4.51600", "2013-12-31": -0.252, "2013-09-30": -4.623, "2013-06-30": -7.366, "2013-03-31": "-3.43500", "2012-12-31": -2.324, "2012-09-30": -5.551, "2012-06-30": -8.296, "2012-03-31": "-4.87500", "2011-12-31": -2.227, "2011-09-30": -13.524, "2011-06-30": -2.215, "2011-03-31": "-3.05600", "2010-12-31": -4.207, "2010-09-30": -5.819, "2010-06-30": -9.183, "2010-03-31": "-3.57000", "2009-12-31": -2.626, "2009-09-30": -4.236, "2009-06-30": -2.233, "2009-03-31": "-0.85900", "2008-12-31": -1.61, "2008-09-30": -1.176, "2008-06-30": -1.459, "2008-03-31": "-0.98800", "2007-12-31": -1.975, "2007-09-30": -1.571, "2007-06-30": -1.894, "2007-03-31": "-1.15500", "2006-12-31": -1.149, "2006-09-30": -0.535, "2006-06-30": -3.155, "2006-03-31": "-2.63400", "2005-12-31": -0.195, "2005-09-30": -0.201, "2005-06-30": -0.724, "2005-03-31": "-0.75800"}, "Net Change In Intangible Assets": {"2020-12-31": 0, "2020-09-30": 0, "2020-06-30": 0, "2020-03-31": "", "2019-12-31": 0, "2019-09-30": 0, "2019-06-30": 0, "2019-03-31": "", "2018-12-31": 0, "2018-09-30": 0, "2018-06-30": 0, "2018-03-31": "", "2017-12-31": 0, "2017-09-30": 0, "2017-06-30": 0, "2017-03-31": "", "2016-12-31": 0, "2016-09-30": 0, "2016-06-30": 0, "2016-03-31": "", "2015-12-31": 0, "2015-09-30": 0, "2015-06-30": 0, "2015-03-31": "", "2014-12-31": 0, "2014-09-30": 0, "2014-06-30": 0, "2014-03-31": "", "2013-12-31": 0, "2013-09-30": 0, "2013-06-30": 0, "2013-03-31": "", "2012-12-31": 0.459, "2012-09-30": -0.459, "2012-06-30": 0, "2012-03-31": "", "2011-12-31": 0, "2011-09-30": 0, "2011-06-30": 0, "2011-03-31": "", "2010-12-31": 0, "2010-09-30": 0, "2010-06-30": 0, "2010-03-31": "", "2009-12-31": -0.31, "2009-09-30": 0, "2009-06-30": 0, "2009-03-31": "", "2008-12-31": 0, "2008-09-30": 0, "2008-06-30": 0, "2008-03-31": "", "2007-12-31": 0, "2007-09-30": 0, "2007-06-30": 0, "2007-03-31": "", "2006-12-31": 0, "2006-09-30": 0, "2006-06-30": 0, "2006-03-31": "", "2005-12-31": 0, "2005-09-30": 0, "2005-06-30": 0, "2005-03-31": ""}, "Net Acquisitions/Divestitures": {"2020-12-31": 0, "2020-09-30": 0, "2020-06-30": 0, "2020-03-31": "", "2019-12-31": 0, "2019-09-30": 0, "2019-06-30": 0, "2019-03-31": "-0.98100", "2018-12-31": 0, "2018-09-30": 0, "2018-06-30": 0, "2018-03-31": "", "2017-12-31": 0, "2017-09-30": 0, "2017-06-30": 0, "2017-03-31": "", "2016-12-31": 0, "2016-09-30": 0, "2016-06-30": 0, "2016-03-31": "", "2015-12-31": 0, "2015-09-30": 0, "2015-06-30": 0, "2015-03-31": "", "2014-12-31": 0, "2014-09-30": -11.59, "2014-06-30": 0, "2014-03-31": "", "2013-12-31": 0, "2013-09-30": 0, "2013-06-30": 0, "2013-03-31": "", "2012-12-31": 0, "2012-09-30": 0, "2012-06-30": 0, "2012-03-31": "", "2011-12-31": 0, "2011-09-30": 0, "2011-06-30": 0, "2011-03-31": "", "2010-12-31": 0, "2010-09-30": 0, "2010-06-30": 0, "2010-03-31": "", "2009-12-31": 0, "2009-09-30": 0, "2009-06-30": 0, "2009-03-31": "", "2008-12-31": 0, "2008-09-30": 0, "2008-06-30": 0, "2008-03-31": "", "2007-12-31": 0, "2007-09-30": 0, "2007-06-30": 0, "2007-03-31": "", "2006-12-31": 0, "2006-09-30": 0, "2006-06-30": 0, "2006-03-31": "", "2005-12-31": 0, "2005-09-30": 0, "2005-06-30": 0, "2005-03-31": ""}, "Net Change In Short-term Investments": {"2020-12-31": 88.442, "2020-09-30": -17.506, "2020-06-30": -16.767, "2020-03-31": "-54.16900", "2019-12-31": -69.166, "2019-09-30": -44.048, "2019-06-30": 8.377, "2019-03-31": "28.07600", "2018-12-31": 12.274, "2018-09-30": 13.601, "2018-06-30": 0.559, "2018-03-31": "-16.50200", "2017-12-31": -22.433, "2017-09-30": 12.587, "2017-06-30": -5.361, "2017-03-31": "-47.82200", "2016-12-31": -4.932, "2016-09-30": 9.449, "2016-06-30": 11.365, "2016-03-31": "-29.45000", "2015-12-31": 11.612, "2015-09-30": -7.38, "2015-06-30": -12.473, "2015-03-31": "-25.22800", "2014-12-31": 19.233, "2014-09-30": 1.242, "2014-06-30": 6.669, "2014-03-31": "-14.72500", "2013-12-31": -33.073, "2013-09-30": -4.398, "2013-06-30": -6.245, "2013-03-31": "3.66000", "2012-12-31": 21.63, "2012-09-30": -4.285, "2012-06-30": -0.841, "2012-03-31": "-24.41500", "2011-12-31": -9.988, "2011-09-30": -2.305, "2011-06-30": 36.2, "2011-03-31": "27.56200", "2010-12-31": 10.751, "2010-09-30": -0.097, "2010-06-30": -14.143, "2010-03-31": "-7.88900", "2009-12-31": -20.191, "2009-09-30": -18.957, "2009-06-30": -24.002, "2009-03-31": "-16.18100", "2008-12-31": -13.163, "2008-09-30": -4.01, "2008-06-30": 0, "2008-03-31": "11.55000", "2007-12-31": -3.293, "2007-09-30": -0.38, "2007-06-30": 0.497, "2007-03-31": "3.17400", "2006-12-31": 11.977, "2006-09-30": -0.301, "2006-06-30": -0.626, "2006-03-31": "0.09000", "2005-12-31": -23.339, "2005-09-30": 1.625, "2005-06-30": -0.5, "2005-03-31": "0.40000"}, "Net Change In Long-Term Investments": {"2020-12-31": -0.25, "2020-09-30": 0.125, "2020-06-30": 0.025, "2020-03-31": "0.10000", "2019-12-31": 0.125, "2019-09-30": 0.05, "2019-06-30": 0.075, "2019-03-31": "", "2018-12-31": 2, "2018-09-30": 0, "2018-06-30": 0, "2018-03-31": "", "2017-12-31": 0, "2017-09-30": 0, "2017-06-30": 0, "2017-03-31": "", "2016-12-31": 0, "2016-09-30": 0, "2016-06-30": 0, "2016-03-31": "", "2015-12-31": 0, "2015-09-30": 0, "2015-06-30": 0, "2015-03-31": "", "2014-12-31": 4.65, "2014-09-30": 0, "2014-06-30": 0, "2014-03-31": "", "2013-12-31": 2, "2013-09-30": 0, "2013-06-30": 0, "2013-03-31": "0.02500", "2012-12-31": 0, "2012-09-30": 0, "2012-06-30": 2, "2012-03-31": "0.10000", "2011-12-31": 2.025, "2011-09-30": 1.65, "2011-06-30": 0.05, "2011-03-31": "2.05000", "2010-12-31": 0.175, "2010-09-30": 0.125, "2010-06-30": 0.05, "2010-03-31": "0.07500", "2009-12-31": -1.2, "2009-09-30": 1.25, "2009-06-30": 0.05, "2009-03-31": "", "2008-12-31": 0, "2008-09-30": 0.725, "2008-06-30": 0, "2008-03-31": "-28.05000", "2007-12-31": 0, "2007-09-30": 0, "2007-06-30": 0, "2007-03-31": "", "2006-12-31": 0, "2006-09-30": 0, "2006-06-30": 0, "2006-03-31": "", "2005-12-31": 0, "2005-09-30": 0, "2005-06-30": 0, "2005-03-31": ""}, "Net Change In Investments - Total": {"2020-12-31": 88.192, "2020-09-30": -17.381, "2020-06-30": -16.742, "2020-03-31": "-54.06900", "2019-12-31": -69.041, "2019-09-30": -43.998, "2019-06-30": 8.452, "2019-03-31": "28.07600", "2018-12-31": 14.274, "2018-09-30": 13.601, "2018-06-30": 0.559, "2018-03-31": "-16.50200", "2017-12-31": -22.433, "2017-09-30": 12.587, "2017-06-30": -5.361, "2017-03-31": "-47.82200", "2016-12-31": -4.932, "2016-09-30": 9.449, "2016-06-30": 11.365, "2016-03-31": "-29.45000", "2015-12-31": 11.612, "2015-09-30": -7.38, "2015-06-30": -12.473, "2015-03-31": "-25.22800", "2014-12-31": 23.883, "2014-09-30": 1.242, "2014-06-30": 6.669, "2014-03-31": "-14.72500", "2013-12-31": -31.073, "2013-09-30": -4.398, "2013-06-30": -6.245, "2013-03-31": "3.68500", "2012-12-31": 21.63, "2012-09-30": -4.285, "2012-06-30": 1.159, "2012-03-31": "-24.31500", "2011-12-31": -7.963, "2011-09-30": -0.655, "2011-06-30": 36.25, "2011-03-31": "29.61200", "2010-12-31": 10.926, "2010-09-30": 0.028, "2010-06-30": -14.093, "2010-03-31": "-7.81400", "2009-12-31": -21.391, "2009-09-30": -17.707, "2009-06-30": -23.952, "2009-03-31": "-16.18100", "2008-12-31": -13.163, "2008-09-30": -3.285, "2008-06-30": 0, "2008-03-31": "-16.50000", "2007-12-31": -3.293, "2007-09-30": -0.38, "2007-06-30": 0.497, "2007-03-31": "3.17400", "2006-12-31": 11.977, "2006-09-30": -0.301, "2006-06-30": -0.626, "2006-03-31": "0.09000", "2005-12-31": -23.339, "2005-09-30": 1.625, "2005-06-30": -0.5, "2005-03-31": "0.40000"}, "Investing Activities - Other": {"2020-12-31": 1.116, "2020-09-30": -0.341, "2020-06-30": -0.337, "2020-03-31": "-0.43800", "2019-12-31": -1.285, "2019-09-30": -0.362, "2019-06-30": -0.479, "2019-03-31": "-0.95600", "2018-12-31": -2.75, "2018-09-30": -0.485, "2018-06-30": 0.389, "2018-03-31": "-1.30000", "2017-12-31": -3.137, "2017-09-30": -2.124, "2017-06-30": 0, "2017-03-31": "", "2016-12-31": -5.046, "2016-09-30": 1.623, "2016-06-30": -0.593, "2016-03-31": "-1.03000", "2015-12-31": -8.044, "2015-09-30": 2.775, "2015-06-30": -0.599, "2015-03-31": "-2.17600", "2014-12-31": -5.335, "2014-09-30": 2.396, "2014-06-30": -2.396, "2014-03-31": "", "2013-12-31": -0.617, "2013-09-30": 0, "2013-06-30": 0, "2013-03-31": "", "2012-12-31": 0.02, "2012-09-30": 0, "2012-06-30": 0, "2012-03-31": "", "2011-12-31": 0, "2011-09-30": 0, "2011-06-30": 0, "2011-03-31": "", "2010-12-31": 0, "2010-09-30": 0, "2010-06-30": -0.019, "2010-03-31": "", "2009-12-31": 0.007, "2009-09-30": 7.35, "2009-06-30": 0, "2009-03-31": "0.01000", "2008-12-31": 6.27, "2008-09-30": 2.026, "2008-06-30": 0.27, "2008-03-31": "", "2007-12-31": -7.35, "2007-09-30": 0, "2007-06-30": 0.125, "2007-03-31": "-0.12500", "2006-12-31": 2.009, "2006-09-30": -0.351, "2006-06-30": 0.003, "2006-03-31": "-0.56400", "2005-12-31": -2.895, "2005-09-30": 0.025, "2005-06-30": 0, "2005-03-31": "-0.02700"}, "Cash Flow From Investing Activities": {"2020-12-31": 133.437, "2020-09-30": -37.316, "2020-06-30": -31.663, "2020-03-31": "-64.45800", "2019-12-31": -79.003, "2019-09-30": -46.039, "2019-06-30": -11.289, "2019-03-31": "-30.78100", "2018-12-31": 7.055, "2018-09-30": 8.057, "2018-06-30": -4.65, "2018-03-31": "-25.20200", "2017-12-31": -66.232, "2017-09-30": 5.883, "2017-06-30": -22.468, "2017-03-31": "-51.24300", "2016-12-31": -18.054, "2016-09-30": 0.714, "2016-06-30": -2.56, "2016-03-31": "-35.82600", "2015-12-31": -3.706, "2015-09-30": -6.36, "2015-06-30": -15.024, "2015-03-31": "-32.10700", "2014-12-31": 16.767, "2014-09-30": -9.724, "2014-06-30": 2.831, "2014-03-31": "-19.24100", "2013-12-31": -31.942, "2013-09-30": -9.021, "2013-06-30": -13.611, "2013-03-31": "0.25000", "2012-12-31": 19.785, "2012-09-30": -10.295, "2012-06-30": -7.137, "2012-03-31": "-29.19000", "2011-12-31": -10.19, "2011-09-30": -14.179, "2011-06-30": 34.035, "2011-03-31": "26.55600", "2010-12-31": 6.719, "2010-09-30": -5.791, "2010-06-30": -23.295, "2010-03-31": "-11.38400", "2009-12-31": -24.32, "2009-09-30": -14.593, "2009-06-30": -26.185, "2009-03-31": "-17.03000", "2008-12-31": -8.503, "2008-09-30": -2.435, "2008-06-30": -1.189, "2008-03-31": "-17.48800", "2007-12-31": -12.618, "2007-09-30": -1.951, "2007-06-30": -1.272, "2007-03-31": "1.89400", "2006-12-31": 12.837, "2006-09-30": -1.187, "2006-06-30": -3.778, "2006-03-31": "-3.10800", "2005-12-31": -26.429, "2005-09-30": 1.449, "2005-06-30": -1.224, "2005-03-31": "-0.38500"}, "Net Long-Term Debt": {"2020-12-31": 0, "2020-09-30": 0, "2020-06-30": 0, "2020-03-31": "", "2019-12-31": 0, "2019-09-30": 0, "2019-06-30": 0, "2019-03-31": "", "2018-12-31": 0, "2018-09-30": 0, "2018-06-30": 0, "2018-03-31": "", "2017-12-31": 0, "2017-09-30": 0, "2017-06-30": 0, "2017-03-31": "", "2016-12-31": 0, "2016-09-30": 0, "2016-06-30": 0, "2016-03-31": "", "2015-12-31": 0, "2015-09-30": 0, "2015-06-30": 0, "2015-03-31": "", "2014-12-31": 0, "2014-09-30": 0, "2014-06-30": 0, "2014-03-31": "", "2013-12-31": 0, "2013-09-30": 0, "2013-06-30": 0, "2013-03-31": "", "2012-12-31": 0, "2012-09-30": 0, "2012-06-30": 0, "2012-03-31": "", "2011-12-31": 0, "2011-09-30": 0, "2011-06-30": 0, "2011-03-31": "", "2010-12-31": 0, "2010-09-30": 0, "2010-06-30": 0, "2010-03-31": "", "2009-12-31": 0, "2009-09-30": 0, "2009-06-30": 0, "2009-03-31": "", "2008-12-31": 0, "2008-09-30": 0, "2008-06-30": 0, "2008-03-31": "", "2007-12-31": 0, "2007-09-30": 0, "2007-06-30": 0, "2007-03-31": "", "2006-12-31": 0, "2006-09-30": 0, "2006-06-30": 0, "2006-03-31": "", "2005-12-31": 0, "2005-09-30": 0, "2005-06-30": 0, "2005-03-31": ""}, "Net Current Debt": {"2020-12-31": 0, "2020-09-30": 0, "2020-06-30": 0, "2020-03-31": "", "2019-12-31": 0, "2019-09-30": 0, "2019-06-30": 0, "2019-03-31": "", "2018-12-31": 0, "2018-09-30": 0, "2018-06-30": 0, "2018-03-31": "", "2017-12-31": 0, "2017-09-30": 0, "2017-06-30": 0, "2017-03-31": "", "2016-12-31": 0, "2016-09-30": 0, "2016-06-30": 0, "2016-03-31": "", "2015-12-31": 0, "2015-09-30": 0, "2015-06-30": 0, "2015-03-31": "", "2014-12-31": 0, "2014-09-30": 0, "2014-06-30": 0, "2014-03-31": "", "2013-12-31": 0, "2013-09-30": 0, "2013-06-30": 0, "2013-03-31": "", "2012-12-31": 0, "2012-09-30": 0, "2012-06-30": 0, "2012-03-31": "", "2011-12-31": 0, "2011-09-30": 0, "2011-06-30": 0, "2011-03-31": "", "2010-12-31": 0, "2010-09-30": 0, "2010-06-30": 0, "2010-03-31": "", "2009-12-31": 0, "2009-09-30": 0, "2009-06-30": 0, "2009-03-31": "", "2008-12-31": 0, "2008-09-30": 0, "2008-06-30": 0, "2008-03-31": "", "2007-12-31": 0, "2007-09-30": 0, "2007-06-30": 0, "2007-03-31": "", "2006-12-31": 0, "2006-09-30": 0, "2006-06-30": 0, "2006-03-31": "", "2005-12-31": 0, "2005-09-30": 0, "2005-06-30": 0, "2005-03-31": ""}, "Debt Issuance/Retirement Net - Total": {"2020-12-31": 0, "2020-09-30": 0, "2020-06-30": 0, "2020-03-31": "", "2019-12-31": 0, "2019-09-30": 0, "2019-06-30": 0, "2019-03-31": "", "2018-12-31": 0, "2018-09-30": 0, "2018-06-30": 0, "2018-03-31": "", "2017-12-31": 0, "2017-09-30": 0, "2017-06-30": 0, "2017-03-31": "", "2016-12-31": 0, "2016-09-30": 0, "2016-06-30": 0, "2016-03-31": "", "2015-12-31": 0, "2015-09-30": 0, "2015-06-30": 0, "2015-03-31": "", "2014-12-31": 0, "2014-09-30": 0, "2014-06-30": 0, "2014-03-31": "", "2013-12-31": 0, "2013-09-30": 0, "2013-06-30": 0, "2013-03-31": "", "2012-12-31": 0, "2012-09-30": 0, "2012-06-30": 0, "2012-03-31": "", "2011-12-31": 0, "2011-09-30": 0, "2011-06-30": 0, "2011-03-31": "", "2010-12-31": 0, "2010-09-30": 0, "2010-06-30": 0, "2010-03-31": "", "2009-12-31": 0, "2009-09-30": 0, "2009-06-30": 0, "2009-03-31": "", "2008-12-31": 0, "2008-09-30": 0, "2008-06-30": 0, "2008-03-31": "", "2007-12-31": 0, "2007-09-30": 0, "2007-06-30": 0, "2007-03-31": "", "2006-12-31": 0, "2006-09-30": 0, "2006-06-30": 0, "2006-03-31": "", "2005-12-31": 0, "2005-09-30": 0, "2005-06-30": 0, "2005-03-31": ""}, "Net Common Equity Issued/Repurchased": {"2020-12-31": -20.276, "2020-09-30": 4.274, "2020-06-30": 2.352, "2020-03-31": "13.65000", "2019-12-31": 2.089, "2019-09-30": 3.74, "2019-06-30": 2.088, "2019-03-31": "12.01000", "2018-12-31": 0.953, "2018-09-30": 2.382, "2018-06-30": 0.958, "2018-03-31": "9.37200", "2017-12-31": 0.021, "2017-09-30": 1.319, "2017-06-30": 0.068, "2017-03-31": "1.44300", "2016-12-31": 0.153, "2016-09-30": 1.329, "2016-06-30": 0.576, "2016-03-31": "1.74900", "2015-12-31": 0.317, "2015-09-30": -12.304, "2015-06-30": -2.336, "2015-03-31": "-7.99200", "2014-12-31": -6.684, "2014-09-30": -6.375, "2014-06-30": -9.369, "2014-03-31": "-4.75100", "2013-12-31": -7.419, "2013-09-30": 9.475, "2013-06-30": 6.345, "2013-03-31": "11.00600", "2012-12-31": 1.157, "2012-09-30": 5.708, "2012-06-30": 3.356, "2012-03-31": "5.02100", "2011-12-31": 0.363, "2011-09-30": 0.917, "2011-06-30": -24.027, "2011-03-31": "-9.25500", "2010-12-31": -13.455, "2010-09-30": -14.679, "2010-06-30": 7.73, "2010-03-31": "5.10100", "2009-12-31": 2.767, "2009-09-30": 5.55, "2009-06-30": 3.141, "2009-03-31": "1.51700", "2008-12-31": -4.933, "2008-09-30": -0.327, "2008-06-30": 2.13, "2008-03-31": "-7.42000", "2007-12-31": 4.614, "2007-09-30": 6.278, "2007-06-30": 2.868, "2007-03-31": "3.53400", "2006-12-31": 1.157, "2006-09-30": 1.075, "2006-06-30": 2.294, "2006-03-31": "0.80600", "2005-12-31": 1.367, "2005-09-30": 0.825, "2005-06-30": 0.383, "2005-03-31": "0.13900"}, "Net Total Equity Issued/Repurchased": {"2020-12-31": -20.276, "2020-09-30": 4.274, "2020-06-30": 2.352, "2020-03-31": "13.65000", "2019-12-31": 2.089, "2019-09-30": 3.74, "2019-06-30": 2.088, "2019-03-31": "12.01000", "2018-12-31": 0.953, "2018-09-30": 2.382, "2018-06-30": 0.958, "2018-03-31": "9.37200", "2017-12-31": 0.021, "2017-09-30": 1.319, "2017-06-30": 0.068, "2017-03-31": "1.44300", "2016-12-31": 0.153, "2016-09-30": 1.329, "2016-06-30": 0.576, "2016-03-31": "1.74900", "2015-12-31": 0.317, "2015-09-30": -12.304, "2015-06-30": -2.336, "2015-03-31": "-7.99200", "2014-12-31": -6.684, "2014-09-30": -6.375, "2014-06-30": -9.369, "2014-03-31": "-4.75100", "2013-12-31": -7.419, "2013-09-30": 9.475, "2013-06-30": 6.345, "2013-03-31": "11.00600", "2012-12-31": 1.157, "2012-09-30": 5.708, "2012-06-30": 3.356, "2012-03-31": "5.02100", "2011-12-31": 0.363, "2011-09-30": 0.917, "2011-06-30": -24.027, "2011-03-31": "-9.25500", "2010-12-31": -13.455, "2010-09-30": -14.679, "2010-06-30": 7.73, "2010-03-31": "5.10100", "2009-12-31": 2.767, "2009-09-30": 5.55, "2009-06-30": 3.141, "2009-03-31": "1.51700", "2008-12-31": -4.933, "2008-09-30": -0.327, "2008-06-30": 2.13, "2008-03-31": "-7.42000", "2007-12-31": 4.614, "2007-09-30": 6.278, "2007-06-30": 2.868, "2007-03-31": "3.53400", "2006-12-31": 1.157, "2006-09-30": 1.075, "2006-06-30": 2.294, "2006-03-31": "0.80600", "2005-12-31": 1.367, "2005-09-30": 0.825, "2005-06-30": 0.383, "2005-03-31": "0.13900"}, "Total Common And Preferred Stock Dividends Paid": {"2020-12-31": 65.477, "2020-09-30": -23.21, "2020-06-30": -24.84, "2020-03-31": "-17.42700", "2019-12-31": -18.653, "2019-09-30": -17.857, "2019-06-30": -18.023, "2019-03-31": "-12.76100", "2018-12-31": -13.094, "2018-09-30": -12.914, "2018-06-30": -13.128, "2018-03-31": "-8.33900", "2017-12-31": -8.662, "2017-09-30": -8.449, "2017-06-30": -8.636, "2017-03-31": "-8.17900", "2016-12-31": -8.465, "2016-09-30": -8.154, "2016-06-30": -8.506, "2016-03-31": "-7.97400", "2015-12-31": -8.112, "2015-09-30": -8.011, "2015-06-30": -7.983, "2015-03-31": "-5.85900", "2014-12-31": -5.841, "2014-09-30": -5.817, "2014-06-30": 0, "2014-03-31": "", "2013-12-31": 0, "2013-09-30": 0, "2013-06-30": 0, "2013-03-31": "", "2012-12-31": -35.664, "2012-09-30": 0, "2012-06-30": 0, "2012-03-31": "", "2011-12-31": 0, "2011-09-30": 0, "2011-06-30": 0, "2011-03-31": "", "2010-12-31": 0, "2010-09-30": 0, "2010-06-30": 0, "2010-03-31": "", "2009-12-31": 0, "2009-09-30": 0, "2009-06-30": 0, "2009-03-31": "", "2008-12-31": 0, "2008-09-30": 0, "2008-06-30": 0, "2008-03-31": "", "2007-12-31": 0, "2007-09-30": 0, "2007-06-30": 0, "2007-03-31": "", "2006-12-31": 0, "2006-09-30": 0, "2006-06-30": 0, "2006-03-31": "", "2005-12-31": 0, "2005-09-30": 0, "2005-06-30": 0, "2005-03-31": ""}, "Financial Activities - Other": {"2020-12-31": 4.437, "2020-09-30": -0.376, "2020-06-30": -3.782, "2020-03-31": "-0.27900", "2019-12-31": -0.479, "2019-09-30": -0.201, "2019-06-30": 0.007, "2019-03-31": "-0.01000", "2018-12-31": -0.749, "2018-09-30": 0, "2018-06-30": 0, "2018-03-31": "", "2017-12-31": 0, "2017-09-30": 0, "2017-06-30": 0, "2017-03-31": "-0.25000", "2016-12-31": 0.237, "2016-09-30": 0.717, "2016-06-30": 0.211, "2016-03-31": "", "2015-12-31": 1.557, "2015-09-30": 1.573, "2015-06-30": 2.498, "2015-03-31": "", "2014-12-31": -0.14, "2014-09-30": 0, "2014-06-30": -0.25, "2014-03-31": "", "2013-12-31": -0.557, "2013-09-30": 0, "2013-06-30": -0.132, "2013-03-31": "0.13200", "2012-12-31": 0.034, "2012-09-30": 0.068, "2012-06-30": 0.667, "2012-03-31": "0.10000", "2011-12-31": -0.118, "2011-09-30": -0.329, "2011-06-30": 0.039, "2011-03-31": "0.43500", "2010-12-31": -0.143, "2010-09-30": 0.003, "2010-06-30": 1.181, "2010-03-31": "0.21500", "2009-12-31": 0.109, "2009-09-30": -0.088, "2009-06-30": 0.613, "2009-03-31": "0.00900", "2008-12-31": 0.182, "2008-09-30": -0.547, "2008-06-30": 1.081, "2008-03-31": "0.04900", "2007-12-31": 0.267, "2007-09-30": 1.089, "2007-06-30": 0.607, "2007-03-31": "0.72100", "2006-12-31": 0.273, "2006-09-30": -1.542, "2006-06-30": 2.532, "2006-03-31": "0.57200", "2005-12-31": 0, "2005-09-30": 0.015, "2005-06-30": 0.017, "2005-03-31": "-0.03200"}, "Cash Flow From Financial Activities": {"2020-12-31": 49.638, "2020-09-30": -19.312, "2020-06-30": -26.27, "2020-03-31": "-4.05600", "2019-12-31": -17.043, "2019-09-30": -14.318, "2019-06-30": -15.928, "2019-03-31": "-0.76100", "2018-12-31": -12.89, "2018-09-30": -10.532, "2018-06-30": -12.17, "2018-03-31": "1.03300", "2017-12-31": -8.641, "2017-09-30": -7.13, "2017-06-30": -8.568, "2017-03-31": "-6.98600", "2016-12-31": -8.075, "2016-09-30": -6.108, "2016-06-30": -7.719, "2016-03-31": "-6.22500", "2015-12-31": -6.238, "2015-09-30": -18.742, "2015-06-30": -7.821, "2015-03-31": "-13.85100", "2014-12-31": -12.665, "2014-09-30": -12.192, "2014-06-30": -9.619, "2014-03-31": "-4.75100", "2013-12-31": -7.976, "2013-09-30": 9.475, "2013-06-30": 6.213, "2013-03-31": "11.13800", "2012-12-31": -34.473, "2012-09-30": 5.776, "2012-06-30": 4.023, "2012-03-31": "5.12100", "2011-12-31": 0.245, "2011-09-30": 0.588, "2011-06-30": -23.988, "2011-03-31": "-8.82000", "2010-12-31": -13.598, "2010-09-30": -14.676, "2010-06-30": 8.911, "2010-03-31": "5.31600", "2009-12-31": 2.876, "2009-09-30": 5.462, "2009-06-30": 3.754, "2009-03-31": "1.52600", "2008-12-31": -4.751, "2008-09-30": -0.874, "2008-06-30": 3.211, "2008-03-31": "-7.37100", "2007-12-31": 4.881, "2007-09-30": 7.367, "2007-06-30": 3.475, "2007-03-31": "4.25500", "2006-12-31": 1.43, "2006-09-30": -0.467, "2006-06-30": 4.826, "2006-03-31": "1.37800", "2005-12-31": 1.367, "2005-09-30": 0.84, "2005-06-30": 0.4, "2005-03-31": "0.10700"}, "Net Cash Flow": {"2020-12-31": -6.512, "2020-09-30": 22.987, "2020-06-30": 1.605, "2020-03-31": "-18.08000", "2019-12-31": -33.427, "2019-09-30": 9.376, "2019-06-30": 15.245, "2019-03-31": "9.06400", "2018-12-31": 41.609, "2018-09-30": 48.021, "2018-06-30": 7.054, "2018-03-31": "-6.74000", "2017-12-31": -21.665, "2017-09-30": 33.312, "2017-06-30": -5.709, "2017-03-31": "-35.87700", "2016-12-31": 3.221, "2016-09-30": 27.433, "2016-06-30": 4.238, "2016-03-31": "-13.05200", "2015-12-31": 14.244, "2015-09-30": -4.252, "2015-06-30": -15.098, "2015-03-31": "-30.30000", "2014-12-31": 24.454, "2014-09-30": -6.051, "2014-06-30": 18.978, "2014-03-31": "-12.32800", "2013-12-31": -9.233, "2013-09-30": 8.711, "2013-06-30": 8.448, "2013-03-31": "18.18300", "2012-12-31": -3.143, "2012-09-30": -3.397, "2012-06-30": 2.913, "2012-03-31": "-17.64000", "2011-12-31": 3.399, "2011-09-30": -4.713, "2011-06-30": 23.623, "2011-03-31": "26.05200", "2010-12-31": 3.735, "2010-09-30": -4.687, "2010-06-30": 0.097, "2010-03-31": "2.14800", "2009-12-31": -5.276, "2009-09-30": -4.823, "2009-06-30": -11.278, "2009-03-31": "-15.17200", "2008-12-31": 7.349, "2008-09-30": 0.322, "2008-06-30": 11.295, "2008-03-31": "-18.81400", "2007-12-31": 5.706, "2007-09-30": 9.096, "2007-06-30": 5.423, "2007-03-31": "12.07300", "2006-12-31": 20.337, "2006-09-30": 8.877, "2006-06-30": -4.336, "2006-03-31": "0.84700", "2005-12-31": -19.727, "2005-09-30": 10.145, "2005-06-30": 1.658, "2005-03-31": "0.99600"}, "Stock-Based Compensation": {"2020-12-31": -62.581, "2020-09-30": 22.975, "2020-06-30": 21.044, "2020-03-31": "18.56200", "2019-12-31": 18.68, "2019-09-30": 21.3, "2019-06-30": 22.709, "2019-03-31": "16.01000", "2018-12-31": 14.842, "2018-09-30": 14.844, "2018-06-30": 15.891, "2018-03-31": "15.03000", "2017-12-31": 11.858, "2017-09-30": 13.97, "2017-06-30": 15.127, "2017-03-31": "11.66200", "2016-12-31": 10.748, "2016-09-30": 13.515, "2016-06-30": 11.747, "2016-03-31": "8.97900", "2015-12-31": 12.372, "2015-09-30": 10.475, "2015-06-30": 9.497, "2015-03-31": "9.21900", "2014-12-31": 8.582, "2014-09-30": 8.859, "2014-06-30": 8.415, "2014-03-31": "7.59800", "2013-12-31": 5.62, "2013-09-30": 5.231, "2013-06-30": 5.19, "2013-03-31": "4.66000", "2012-12-31": 7.326, "2012-09-30": 4.182, "2012-06-30": 3.829, "2012-03-31": "3.31500", "2011-12-31": 3.09, "2011-09-30": 3.374, "2011-06-30": 3.675, "2011-03-31": "2.98700", "2010-12-31": 3.085, "2010-09-30": 4.162, "2010-06-30": 5.539, "2010-03-31": "4.02400", "2009-12-31": 4.18, "2009-09-30": 3.166, "2009-06-30": 3.852, "2009-03-31": "3.41300", "2008-12-31": 3.694, "2008-09-30": 3.334, "2008-06-30": 3.343, "2008-03-31": "2.78700", "2007-12-31": -8.048, "2007-09-30": 3.223, "2007-06-30": 2.505, "2007-03-31": "2.32000", "2006-12-31": -8.74, "2006-09-30": 2.968, "2006-06-30": 5.772, "2006-03-31": "", "2005-12-31": 0, "2005-09-30": -3.008, "2005-06-30": 3.008, "2005-03-31": ""}, "Common Stock Dividends Paid": {"2020-12-31": 65.477, "2020-09-30": -23.21, "2020-06-30": -24.84, "2020-03-31": "-17.42700", "2019-12-31": -18.653, "2019-09-30": -17.857, "2019-06-30": -18.023, "2019-03-31": "-12.76100", "2018-12-31": -13.094, "2018-09-30": -12.914, "2018-06-30": -13.128, "2018-03-31": "-8.33900", "2017-12-31": -8.662, "2017-09-30": -8.449, "2017-06-30": -8.636, "2017-03-31": "-8.17900", "2016-12-31": -8.465, "2016-09-30": -8.154, "2016-06-30": -8.506, "2016-03-31": "-7.97400", "2015-12-31": -8.112, "2015-09-30": -8.011, "2015-06-30": -7.983, "2015-03-31": "-5.85900", "2014-12-31": -5.841, "2014-09-30": -5.817, "2014-06-30": 0, "2014-03-31": "", "2013-12-31": 0, "2013-09-30": 0, "2013-06-30": 0, "2013-03-31": "", "2012-12-31": -35.664, "2012-09-30": 0, "2012-06-30": 0, "2012-03-31": "", "2011-12-31": 0, "2011-09-30": 0, "2011-06-30": 0, "2011-03-31": "", "2010-12-31": 0, "2010-09-30": 0, "2010-06-30": 0, "2010-03-31": "", "2009-12-31": 0, "2009-09-30": 0, "2009-06-30": 0, "2009-03-31": "", "2008-12-31": 0, "2008-09-30": 0, "2008-06-30": 0, "2008-03-31": "", "2007-12-31": 0, "2007-09-30": 0, "2007-06-30": 0, "2007-03-31": "", "2006-12-31": 0, "2006-09-30": 0, "2006-06-30": 0, "2006-03-31": "", "2005-12-31": 0, "2005-09-30": 0, "2005-06-30": 0, "2005-03-31": ""}}, "financial ratios": {"Current Ratio": {"2019-12-31": "6.67050", "2018-12-31": "7.22050", "2017-12-31": "6.81420", "2016-12-31": "7.23690", "2015-12-31": "7.66880", "2014-12-31": "8.35330", "2013-12-31": "7.58880", "2012-12-31": "9.13470", "2011-12-31": "8.11300", "2010-12-31": "7.74500", "2009-12-31": "8.50680", "2008-12-31": "5.53460", "2007-12-31": "5.05780", "2006-12-31": "4.82850", "2005-12-31": "3.93930"}, "Long-term Debt / Capital": {"2019-12-31": "", "2018-12-31": "", "2017-12-31": "", "2016-12-31": "", "2015-12-31": "", "2014-12-31": "", "2013-12-31": "", "2012-12-31": "", "2011-12-31": "", "2010-12-31": "", "2009-12-31": "", "2008-12-31": "", "2007-12-31": "", "2006-12-31": "", "2005-12-31": ""}, "Debt/Equity Ratio": {"2019-12-31": "", "2018-12-31": "", "2017-12-31": "", "2016-12-31": "", "2015-12-31": "", "2014-12-31": "", "2013-12-31": "", "2012-12-31": "", "2011-12-31": "", "2010-12-31": "", "2009-12-31": "", "2008-12-31": "", "2007-12-31": "", "2006-12-31": "", "2005-12-31": ""}, "Gross Margin": {"2019-12-31": "55.15420", "2018-12-31": "55.40490", "2017-12-31": "54.84540", "2016-12-31": "54.25570", "2015-12-31": "54.09390", "2014-12-31": "54.01740", "2013-12-31": "53.71940", "2012-12-31": "52.91910", "2011-12-31": "51.69680", "2010-12-31": "55.50040", "2009-12-31": "59.19590", "2008-12-31": "61.88170", "2007-12-31": "63.59740", "2006-12-31": "63.71280", "2005-12-31": "63.68140"}, "Operating Margin": {"2019-12-31": "16.33360", "2018-12-31": "19.48690", "2017-12-31": "16.44070", "2016-12-31": "14.00870", "2015-12-31": "12.33090", "2014-12-31": "12.49400", "2013-12-31": "10.04450", "2012-12-31": "8.08140", "2011-12-31": "6.82730", "2010-12-31": "13.93620", "2009-12-31": "11.83580", "2008-12-31": "14.02210", "2007-12-31": "7.21620", "2006-12-31": "1.17600", "2005-12-31": "6.52070"}, "EBIT Margin": {"2019-12-31": "16.33360", "2018-12-31": "19.48690", "2017-12-31": "16.44070", "2016-12-31": "14.00870", "2015-12-31": "12.33090", "2014-12-31": "12.49400", "2013-12-31": "10.04450", "2012-12-31": "8.08140", "2011-12-31": "6.82730", "2010-12-31": "13.93620", "2009-12-31": "11.83580", "2008-12-31": "14.02210", "2007-12-31": "7.21620", "2006-12-31": "1.17600", "2005-12-31": "6.52070"}, "EBITDA Margin": {"2019-12-31": "18.21120", "2018-12-31": "21.87690", "2017-12-31": "19.74180", "2016-12-31": "17.72300", "2015-12-31": "16.60810", "2014-12-31": "17.22510", "2013-12-31": "15.33780", "2012-12-31": "12.54600", "2011-12-31": "11.46200", "2010-12-31": "17.91350", "2009-12-31": "16.04950", "2008-12-31": "17.56640", "2007-12-31": "18.71740", "2006-12-31": "14.74360", "2005-12-31": "13.68590"}, "Pre-Tax Profit Margin": {"2019-12-31": "18.01500", "2018-12-31": "20.34440", "2017-12-31": "17.61290", "2016-12-31": "14.73350", "2015-12-31": "12.75750", "2014-12-31": "12.88050", "2013-12-31": "10.08310", "2012-12-31": "8.36710", "2011-12-31": "6.98460", "2010-12-31": "14.35750", "2009-12-31": "12.21030", "2008-12-31": "15.85060", "2007-12-31": "10.65040", "2006-12-31": "3.42710", "2005-12-31": "8.12660"}, "Net Profit Margin": {"2019-12-31": "17.33320", "2018-12-31": "18.07540", "2017-12-31": "13.84560", "2016-12-31": "13.56440", "2015-12-31": "10.56000", "2014-12-31": "12.56310", "2013-12-31": "9.61730", "2012-12-31": "7.36910", "2011-12-31": "6.76830", "2010-12-31": "13.50900", "2009-12-31": "11.92310", "2008-12-31": "15.09310", "2007-12-31": "8.64150", "2006-12-31": "-2.30920", "2005-12-31": "5.15180"}, "Asset Turnover": {"2019-12-31": "0.65660", "2018-12-31": "0.73400", "2017-12-31": "0.72170", "2016-12-31": "0.76040", "2015-12-31": "0.77230", "2014-12-31": "0.70750", "2013-12-31": "0.64540", "2012-12-31": "0.74460", "2011-12-31": "0.71760", "2010-12-31": "0.77710", "2009-12-31": "0.68240", "2008-12-31": "0.82190", "2007-12-31": "0.77640", "2006-12-31": "0.89510", "2005-12-31": "0.98370"}, "Inventory Turnover Ratio": {"2019-12-31": "2.20860", "2018-12-31": "1.90430", "2017-12-31": "2.14190", "2016-12-31": "2.48770", "2015-12-31": "2.41890", "2014-12-31": "3.17510", "2013-12-31": "2.77300", "2012-12-31": "3.13450", "2011-12-31": "4.72170", "2010-12-31": "3.77610", "2009-12-31": "3.43240", "2008-12-31": "3.23950", "2007-12-31": "2.78960", "2006-12-31": "5.65550", "2005-12-31": "5.83990"}, "Receiveable Turnover": {"2019-12-31": "11.91410", "2018-12-31": "10.54770", "2017-12-31": "12.38080", "2016-12-31": "11.34860", "2015-12-31": "10.80330", "2014-12-31": "11.02360", "2013-12-31": "10.03330", "2012-12-31": "11.03100", "2011-12-31": "13.01710", "2010-12-31": "11.92780", "2009-12-31": "10.63130", "2008-12-31": "17.60950", "2007-12-31": "16.26460", "2006-12-31": "11.46950", "2005-12-31": "10.39440"}, "Days Sales In Receivables": {"2019-12-31": "30.63600", "2018-12-31": "34.60460", "2017-12-31": "29.48110", "2016-12-31": "32.16270", "2015-12-31": "33.78590", "2014-12-31": "33.11080", "2013-12-31": "36.37870", "2012-12-31": "33.08870", "2011-12-31": "28.04010", "2010-12-31": "30.60070", "2009-12-31": "34.33270", "2008-12-31": "20.72740", "2007-12-31": "22.44140", "2006-12-31": "31.82350", "2005-12-31": "35.11520"}, "ROE - Return On Equity": {"2019-12-31": "14.07110", "2018-12-31": "16.44570", "2017-12-31": "12.49080", "2016-12-31": "12.22870", "2015-12-31": "9.54420", "2014-12-31": "10.24610", "2013-12-31": "7.08040", "2012-12-31": "6.10000", "2011-12-31": "5.47640", "2010-12-31": "11.97390", "2009-12-31": "9.23850", "2008-12-31": "14.71410", "2007-12-31": "8.41960", "2006-12-31": "-2.55390", "2005-12-31": "6.53340"}, "Return On Tangible Equity": {"2019-12-31": "14.19170", "2018-12-31": "16.61630", "2017-12-31": "12.67350", "2016-12-31": "12.50640", "2015-12-31": "9.85510", "2014-12-31": "10.65780", "2013-12-31": "7.08040", "2012-12-31": "6.10000", "2011-12-31": "5.47640", "2010-12-31": "11.97390", "2009-12-31": "9.23850", "2008-12-31": "14.71410", "2007-12-31": "8.41960", "2006-12-31": "-2.55390", "2005-12-31": "6.53340"}, "ROA - Return On Assets": {"2019-12-31": "11.38040", "2018-12-31": "13.26740", "2017-12-31": "9.99170", "2016-12-31": "10.31450", "2015-12-31": "8.15520", "2014-12-31": "8.88780", "2013-12-31": "6.20700", "2012-12-31": "5.48680", "2011-12-31": "4.85670", "2010-12-31": "10.49810", "2009-12-31": "8.13580", "2008-12-31": "12.40460", "2007-12-31": "6.70950", "2006-12-31": "-2.06690", "2005-12-31": "5.06770"}, "ROI - Return On Investment": {"2019-12-31": "14.07110", "2018-12-31": "16.44570", "2017-12-31": "12.49080", "2016-12-31": "12.22870", "2015-12-31": "9.54420", "2014-12-31": "10.24610", "2013-12-31": "7.08040", "2012-12-31": "6.10000", "2011-12-31": "5.47640", "2010-12-31": "11.97390", "2009-12-31": "9.23850", "2008-12-31": "14.71410", "2007-12-31": "8.41960", "2006-12-31": "-2.55390", "2005-12-31": "6.53340"}, "Book Value Per Share": {"2019-12-31": "17.73410", "2018-12-31": "15.05920", "2017-12-31": "12.54400", "2016-12-31": "10.56840", "2015-12-31": "9.28510", "2014-12-31": "8.92110", "2013-12-31": "8.44580", "2012-12-31": "7.24060", "2011-12-31": "7.18020", "2010-12-31": "7.04150", "2009-12-31": "6.05590", "2008-12-31": "4.89330", "2007-12-31": "4.11110", "2006-12-31": "3.12660", "2005-12-31": "2.68100"}, "Operating Cash Flow Per Share": {"2019-12-31": 1.5552, "2018-12-31": 0.1006, "2017-12-31": 0.4993, "2016-12-31": 0.8652, "2015-12-31": -0.1567, "2014-12-31": 0.2916, "2013-12-31": 0.8841, "2012-12-31": -0.5552, "2011-12-31": -0.0395, "2010-12-31": 0.4149, "2009-12-31": -0.229, "2008-12-31": 0.3516, "2007-12-31": 0.276, "2006-12-31": -0.089, "2005-12-31": 0.5575}, "Free Cash Flow Per Share": {"2019-12-31": 0.1692, "2018-12-31": 1.1048, "2017-12-31": -0.1245, "2016-12-31": 0.3635, "2015-12-31": -0.3014, "2014-12-31": 0.4585, "2013-12-31": 1.0588, "2012-12-31": -0.5379, "2011-12-31": -0.0352, "2010-12-31": 0.0845, "2009-12-31": -0.3559, "2008-12-31": 0.3946, "2007-12-31": 0.3414, "2006-12-31": -0.2815, "2005-12-31": 0.4967}}, "financial ratios, quarterly": {"Current Ratio": {"2020-09-30": "5.17530", "2020-06-30": "5.47480", "2020-03-31": "6.26500", "2019-12-31": "6.67050", "2019-09-30": "5.99180", "2019-06-30": "6.64020", "2019-03-31": "6.26890", "2018-12-31": "7.22050", "2018-09-30": "6.51880", "2018-06-30": "6.76850", "2018-03-31": "6.60430", "2017-12-31": "6.81420", "2017-09-30": "7.00950", "2017-06-30": "6.80430", "2017-03-31": "7.25500", "2016-12-31": "7.23690", "2016-09-30": "6.60730", "2016-06-30": "6.69940", "2016-03-31": "7.62450", "2015-12-31": "7.66880", "2015-09-30": "6.78670", "2015-06-30": "7.03630", "2015-03-31": "6.86880", "2014-12-31": "8.35330", "2014-09-30": "8.05110", "2014-06-30": "7.29800", "2014-03-31": "9.57140", "2013-12-31": "7.58880", "2013-09-30": "10.27920", "2013-06-30": "7.72550", "2013-03-31": "8.42970", "2012-12-31": "9.13470", "2012-09-30": "9.75580", "2012-06-30": "6.69260", "2012-03-31": "7.16320", "2011-12-31": "8.11300", "2011-09-30": "8.09620", "2011-06-30": "6.70040", "2011-03-31": "8.21500", "2010-12-31": "7.74500", "2010-09-30": "7.17310", "2010-06-30": "8.04600", "2010-03-31": "8.53180", "2009-12-31": "8.50680", "2009-09-30": "8.27520", "2009-06-30": "5.11730", "2009-03-31": "5.58460", "2008-12-31": "5.53460", "2008-09-30": "4.99070", "2008-06-30": "3.46460", "2008-03-31": "3.91310", "2007-12-31": "5.05780", "2007-09-30": "4.10250", "2007-06-30": "3.58450", "2007-03-31": "5.04050", "2006-12-31": "4.82850", "2006-09-30": "4.64220", "2006-06-30": "5.01330", "2006-03-31": "3.79340", "2005-12-31": "3.93930", "2005-09-30": "4.00920", "2005-06-30": "2.92060", "2005-03-31": "5.97340"}, "Long-term Debt / Capital": {"2020-09-30": "", "2020-06-30": "", "2020-03-31": "", "2019-12-31": "", "2019-09-30": "", "2019-06-30": "", "2019-03-31": "", "2018-12-31": "", "2018-09-30": "", "2018-06-30": "", "2018-03-31": "", "2017-12-31": "", "2017-09-30": "", "2017-06-30": "", "2017-03-31": "", "2016-12-31": "", "2016-09-30": "", "2016-06-30": "", "2016-03-31": "", "2015-12-31": "", "2015-09-30": "", "2015-06-30": "", "2015-03-31": "", "2014-12-31": "", "2014-09-30": "", "2014-06-30": "", "2014-03-31": "", "2013-12-31": "", "2013-09-30": "", "2013-06-30": "", "2013-03-31": "", "2012-12-31": "", "2012-09-30": "", "2012-06-30": "", "2012-03-31": "", "2011-12-31": "", "2011-09-30": "", "2011-06-30": "", "2011-03-31": "", "2010-12-31": "", "2010-09-30": "", "2010-06-30": "", "2010-03-31": "", "2009-12-31": "", "2009-09-30": "", "2009-06-30": "", "2009-03-31": "", "2008-12-31": "", "2008-09-30": "", "2008-06-30": "", "2008-03-31": "", "2007-12-31": "", "2007-09-30": "", "2007-06-30": "", "2007-03-31": "", "2006-12-31": "", "2006-09-30": "", "2006-06-30": "", "2006-03-31": "", "2005-12-31": "", "2005-09-30": "", "2005-06-30": "", "2005-03-31": ""}, "Debt/Equity Ratio": {"2020-09-30": "", "2020-06-30": "", "2020-03-31": "", "2019-12-31": "", "2019-09-30": "", "2019-06-30": "", "2019-03-31": "", "2018-12-31": "", "2018-09-30": "", "2018-06-30": "", "2018-03-31": "", "2017-12-31": "", "2017-09-30": "", "2017-06-30": "", "2017-03-31": "", "2016-12-31": "", "2016-09-30": "", "2016-06-30": "", "2016-03-31": "", "2015-12-31": "", "2015-09-30": "", "2015-06-30": "", "2015-03-31": "", "2014-12-31": "", "2014-09-30": "", "2014-06-30": "", "2014-03-31": "", "2013-12-31": "", "2013-09-30": "", "2013-06-30": "", "2013-03-31": "", "2012-12-31": "", "2012-09-30": "", "2012-06-30": "", "2012-03-31": "", "2011-12-31": "", "2011-09-30": "", "2011-06-30": "", "2011-03-31": "", "2010-12-31": "", "2010-09-30": "", "2010-06-30": "", "2010-03-31": "", "2009-12-31": "", "2009-09-30": "", "2009-06-30": "", "2009-03-31": "", "2008-12-31": "", "2008-09-30": "", "2008-06-30": "", "2008-03-31": "", "2007-12-31": "", "2007-09-30": "", "2007-06-30": "", "2007-03-31": "", "2006-12-31": "", "2006-09-30": "", "2006-06-30": "", "2006-03-31": "", "2005-12-31": "", "2005-09-30": "", "2005-06-30": "", "2005-03-31": ""}, "Gross Margin": {"2020-09-30": "55.13800", "2020-06-30": "55.09560", "2020-03-31": "55.16230", "2019-12-31": "55.13800", "2019-09-30": "55.18410", "2019-06-30": "55.11330", "2019-03-31": "55.18130", "2018-12-31": "55.10960", "2018-09-30": "55.64490", "2018-06-30": "55.49760", "2018-03-31": "55.35810", "2017-12-31": "54.97950", "2017-09-30": "54.95310", "2017-06-30": "54.74700", "2017-03-31": "54.64420", "2016-12-31": "54.53880", "2016-09-30": "54.41220", "2016-06-30": "54.13110", "2016-03-31": "53.85030", "2015-12-31": "53.97790", "2015-09-30": "54.21410", "2015-06-30": "54.20190", "2015-03-31": "53.96260", "2014-12-31": "54.10490", "2014-09-30": "54.20690", "2014-06-30": "54.20980", "2014-03-31": "53.44070", "2013-12-31": "53.95530", "2013-09-30": "54.01010", "2013-06-30": "53.58840", "2013-03-31": "53.20580", "2012-12-31": "52.99910", "2012-09-30": "53.11280", "2012-06-30": "53.18820", "2012-03-31": "52.31360", "2011-12-31": "52.50000", "2011-09-30": "52.51690", "2011-06-30": "51.44110", "2011-03-31": "50.15970", "2010-12-31": "50.45160", "2010-09-30": "54.65430", "2010-06-30": "58.24030", "2010-03-31": "58.30050", "2009-12-31": "58.73420", "2009-09-30": "60.66380", "2009-06-30": "59.14070", "2009-03-31": "57.60520", "2008-12-31": "58.03970", "2008-09-30": "62.77230", "2008-06-30": "62.95360", "2008-03-31": "63.16190", "2007-12-31": "63.86310", "2007-09-30": "63.51650", "2007-06-30": "63.51960", "2007-03-31": "63.41040", "2006-12-31": "63.93770", "2006-09-30": "65.57700", "2006-06-30": "63.03520", "2006-03-31": "62.14920", "2005-12-31": "64.04660", "2005-09-30": "64.34050", "2005-06-30": "63.30140", "2005-03-31": "62.10970"}, "Operating Margin": {"2020-09-30": "23.12020", "2020-06-30": "15.01270", "2020-03-31": "18.69130", "2019-12-31": "18.40850", "2019-09-30": "17.79010", "2019-06-30": "13.32320", "2019-03-31": "15.36260", "2018-12-31": "21.54840", "2018-09-30": "20.93640", "2018-06-30": "17.80330", "2018-03-31": "17.06310", "2017-12-31": "19.35560", "2017-09-30": "18.48320", "2017-06-30": "13.34250", "2017-03-31": "13.52110", "2016-12-31": "16.93050", "2016-09-30": "14.09130", "2016-06-30": "12.25250", "2016-03-31": "12.27760", "2015-12-31": "13.56660", "2015-09-30": "14.59530", "2015-06-30": "12.41890", "2015-03-31": "7.96460", "2014-12-31": "12.10660", "2014-09-30": "13.33500", "2014-06-30": "9.64990", "2014-03-31": "15.12630", "2013-12-31": "12.64950", "2013-09-30": "13.24620", "2013-06-30": "8.51440", "2013-03-31": "4.47830", "2012-12-31": "2.03270", "2012-09-30": "11.18430", "2012-06-30": "11.57030", "2012-03-31": "6.33470", "2011-12-31": "5.07990", "2011-09-30": "9.53700", "2011-06-30": "7.82330", "2011-03-31": "4.30870", "2010-12-31": "8.41740", "2010-09-30": "20.40460", "2010-06-30": "12.22120", "2010-03-31": "12.52940", "2009-12-31": "9.49790", "2009-09-30": "27.36310", "2009-06-30": "7.44180", "2009-03-31": "-3.68320", "2008-12-31": "6.45080", "2008-09-30": "21.72180", "2008-06-30": "10.40670", "2008-03-31": "15.04990", "2007-12-31": "20.50820", "2007-09-30": "21.18540", "2007-06-30": "-23.65650", "2007-03-31": "2.27380", "2006-12-31": "4.72800", "2006-09-30": "-2.44360", "2006-06-30": "6.84560", "2006-03-31": "-4.71670", "2005-12-31": "16.89460", "2005-09-30": "49.40420", "2005-06-30": "-51.95670", "2005-03-31": "-14.64780"}, "EBIT Margin": {"2020-09-30": "23.12020", "2020-06-30": "15.01270", "2020-03-31": "18.69130", "2019-12-31": "18.40850", "2019-09-30": "17.79010", "2019-06-30": "13.32320", "2019-03-31": "15.36260", "2018-12-31": "21.54850", "2018-09-30": "20.93640", "2018-06-30": "17.80330", "2018-03-31": "17.06310", "2017-12-31": "19.35560", "2017-09-30": "18.48320", "2017-06-30": "13.34250", "2017-03-31": "13.52110", "2016-12-31": "16.93050", "2016-09-30": "14.09130", "2016-06-30": "12.25250", "2016-03-31": "12.27760", "2015-12-31": "13.56660", "2015-09-30": "14.59530", "2015-06-30": "12.41890", "2015-03-31": "7.96460", "2014-12-31": "12.10660", "2014-09-30": "13.33500", "2014-06-30": "9.64990", "2014-03-31": "15.12630", "2013-12-31": "12.64950", "2013-09-30": "13.24620", "2013-06-30": "8.51440", "2013-03-31": "4.47830", "2012-12-31": "2.03260", "2012-09-30": "11.18430", "2012-06-30": "11.57030", "2012-03-31": "6.33470", "2011-12-31": "5.08000", "2011-09-30": "9.53700", "2011-06-30": "7.82330", "2011-03-31": "4.30870", "2010-12-31": "8.41740", "2010-09-30": "20.40460", "2010-06-30": "12.22120", "2010-03-31": "12.52940", "2009-12-31": "9.49790", "2009-09-30": "27.36310", "2009-06-30": "7.44180", "2009-03-31": "-3.68320", "2008-12-31": "6.45080", "2008-09-30": "21.72180", "2008-06-30": "10.40670", "2008-03-31": "15.04990", "2007-12-31": "20.50820", "2007-09-30": "21.18540", "2007-06-30": "-23.65650", "2007-03-31": "2.27380", "2006-12-31": "4.72800", "2006-09-30": "-2.44360", "2006-06-30": "6.84560", "2006-03-31": "-4.71670", "2005-12-31": "16.89470", "2005-09-30": "49.40420", "2005-06-30": "-51.95670", "2005-03-31": "-14.64780"}, "EBITDA Margin": {"2020-09-30": "", "2020-06-30": "", "2020-03-31": "", "2019-12-31": "", "2019-09-30": "", "2019-06-30": "", "2019-03-31": "", "2018-12-31": "", "2018-09-30": "", "2018-06-30": "", "2018-03-31": "", "2017-12-31": "", "2017-09-30": "", "2017-06-30": "", "2017-03-31": "", "2016-12-31": "", "2016-09-30": "", "2016-06-30": "", "2016-03-31": "", "2015-12-31": "", "2015-09-30": "", "2015-06-30": "", "2015-03-31": "", "2014-12-31": "", "2014-09-30": "", "2014-06-30": "", "2014-03-31": "", "2013-12-31": "", "2013-09-30": "", "2013-06-30": "", "2013-03-31": "", "2012-12-31": "", "2012-09-30": "", "2012-06-30": "", "2012-03-31": "", "2011-12-31": "", "2011-09-30": "", "2011-06-30": "", "2011-03-31": "", "2010-12-31": "", "2010-09-30": "", "2010-06-30": "", "2010-03-31": "", "2009-12-31": "", "2009-09-30": "", "2009-06-30": "", "2009-03-31": "", "2008-12-31": "", "2008-09-30": "", "2008-06-30": "", "2008-03-31": "", "2007-12-31": "", "2007-09-30": "", "2007-06-30": "", "2007-03-31": "", "2006-12-31": "", "2006-09-30": "", "2006-06-30": "", "2006-03-31": "", "2005-12-31": "", "2005-09-30": "", "2005-06-30": "", "2005-03-31": ""}, "Pre-Tax Profit Margin": {"2020-09-30": "24.08160", "2020-06-30": "17.80530", "2020-03-31": "17.65740", "2019-12-31": "20.04640", "2019-09-30": "19.12710", "2019-06-30": "14.79930", "2019-03-31": "17.72600", "2018-12-31": "21.29310", "2018-09-30": "22.63290", "2018-06-30": "19.40030", "2018-03-31": "17.40380", "2017-12-31": "20.62810", "2017-09-30": "19.45650", "2017-06-30": "14.44500", "2017-03-31": "14.89710", "2016-12-31": "17.79610", "2016-09-30": "14.82400", "2016-06-30": "12.88700", "2016-03-31": "12.92010", "2015-12-31": "14.19940", "2015-09-30": "14.58870", "2015-06-30": "12.70760", "2015-03-31": "8.83760", "2014-12-31": "12.64150", "2014-09-30": "13.59290", "2014-06-30": "10.08100", "2014-03-31": "15.44260", "2013-12-31": "12.55980", "2013-09-30": "13.15590", "2013-06-30": "8.89210", "2013-03-31": "4.45890", "2012-12-31": "2.01190", "2012-09-30": "11.46030", "2012-06-30": "12.18290", "2012-03-31": "6.54460", "2011-12-31": "5.28860", "2011-09-30": "9.54270", "2011-06-30": "7.86980", "2011-03-31": "4.72020", "2010-12-31": "8.75750", "2010-09-30": "20.52760", "2010-06-30": "12.82100", "2010-03-31": "13.21990", "2009-12-31": "9.81160", "2009-09-30": "27.54030", "2009-06-30": "7.67490", "2009-03-31": "-2.69080", "2008-12-31": "7.93170", "2008-09-30": "22.32520", "2008-06-30": "12.08860", "2008-03-31": "19.08270", "2007-12-31": "23.68850", "2007-09-30": "24.24850", "2007-06-30": "-19.93640", "2007-03-31": "6.35610", "2006-12-31": "7.48600", "2006-09-30": "-0.27520", "2006-06-30": "8.78540", "2006-03-31": "-2.58050", "2005-12-31": "18.92040", "2005-09-30": "50.50500", "2005-06-30": "-50.72110", "2005-03-31": "-12.38640"}, "Net Profit Margin": {"2020-09-30": "21.41920", "2020-06-30": "16.20060", "2020-03-31": "21.56860", "2019-12-31": "19.45390", "2019-09-30": "17.49150", "2019-06-30": "13.70330", "2019-03-31": "18.52040", "2018-12-31": "18.00570", "2018-09-30": "19.73310", "2018-06-30": "17.31960", "2018-03-31": "16.92300", "2017-12-31": "9.32550", "2017-09-30": "18.33580", "2017-06-30": "13.38170", "2017-03-31": "14.42480", "2016-12-31": "15.99530", "2016-09-30": "13.50140", "2016-06-30": "11.90280", "2016-03-31": "12.51300", "2015-12-31": "11.63040", "2015-09-30": "12.28260", "2015-06-30": "9.70200", "2015-03-31": "8.10870", "2014-12-31": "11.70230", "2014-09-30": "14.32440", "2014-06-30": "9.34740", "2014-03-31": "15.01470", "2013-12-31": "11.79990", "2013-09-30": "11.33950", "2013-06-30": "9.51070", "2013-03-31": "4.85530", "2012-12-31": "0.51440", "2012-09-30": "10.47820", "2012-06-30": "11.24780", "2012-03-31": "5.93260", "2011-12-31": "5.16850", "2011-09-30": "10.33380", "2011-06-30": "6.74440", "2011-03-31": "4.25700", "2010-12-31": "7.60990", "2010-09-30": "20.07650", "2010-06-30": "11.50480", "2010-03-31": "12.64880", "2009-12-31": "9.99850", "2009-09-30": "26.18940", "2009-06-30": "7.73810", "2009-03-31": "-2.48280", "2008-12-31": "9.31750", "2008-09-30": "21.38840", "2008-06-30": "11.08380", "2008-03-31": "16.76130", "2007-12-31": "24.11720", "2007-09-30": "22.37730", "2007-06-30": "-20.64670", "2007-03-31": "-1.34310", "2006-12-31": "-4.56130", "2006-09-30": "-6.86850", "2006-06-30": "3.98110", "2006-03-31": "-1.64760", "2005-12-31": "11.77950", "2005-09-30": "31.51550", "2005-06-30": "-30.12090", "2005-03-31": "-9.44870"}, "Asset Turnover": {"2020-09-30": "0.22340", "2020-06-30": "0.17380", "2020-03-31": "0.16450", "2019-12-31": "0.17430", "2019-09-30": "0.18430", "2019-06-30": "0.17390", "2019-03-31": "0.16670", "2018-12-31": "0.19350", "2018-09-30": "0.20960", "2018-06-30": "0.19410", "2018-03-31": "0.18510", "2017-12-31": "0.19830", "2017-09-30": "0.21310", "2017-06-30": "0.19750", "2017-03-31": "0.18700", "2016-12-31": "0.20270", "2016-09-30": "0.21510", "2016-06-30": "0.20070", "2016-03-31": "0.18900", "2015-12-31": "0.20150", "2015-09-30": "0.21710", "2015-06-30": "0.19500", "2015-03-31": "0.17950", "2014-12-31": "0.18960", "2014-09-30": "0.19950", "2014-06-30": "0.17700", "2014-03-31": "0.16030", "2013-12-31": "0.17230", "2013-09-30": "0.18670", "2013-06-30": "0.17350", "2013-03-31": "0.16560", "2012-12-31": "0.16790", "2012-09-30": "0.17920", "2012-06-30": "0.18900", "2012-03-31": "0.17340", "2011-12-31": "0.17330", "2011-09-30": "0.19820", "2011-06-30": "0.19620", "2011-03-31": "0.16170", "2010-12-31": "0.16710", "2010-09-30": "0.22520", "2010-06-30": "0.19540", "2010-03-31": "0.19380", "2009-12-31": "0.19250", "2009-09-30": "0.20910", "2009-06-30": "0.19020", "2009-03-31": "0.14660", "2008-12-31": "0.17770", "2008-09-30": "0.24970", "2008-06-30": "0.21450", "2008-03-31": "0.20530", "2007-12-31": "0.22300", "2007-09-30": "0.25510", "2007-06-30": "0.22270", "2007-03-31": "0.18960", "2006-12-31": "0.22500", "2006-09-30": "0.23980", "2006-06-30": "0.24750", "2006-03-31": "0.23360", "2005-12-31": "0.32280", "2005-09-30": "0.32760", "2005-06-30": "0.26460", "2005-03-31": "0.19630"}, "Inventory Turnover Ratio": {"2020-09-30": "0.78590", "2020-06-30": "0.54970", "2020-03-31": "0.56530", "2019-12-31": "0.58670", "2019-09-30": "0.55780", "2019-06-30": "0.47190", "2019-03-31": "0.44450", "2018-12-31": "0.50520", "2018-09-30": "0.51870", "2018-06-30": "0.48250", "2018-03-31": "0.51530", "2017-12-31": "0.58690", "2017-09-30": "0.58150", "2017-06-30": "0.54790", "2017-03-31": "0.57960", "2016-12-31": "0.65910", "2016-09-30": "0.68650", "2016-06-30": "0.61720", "2016-03-31": "0.62590", "2015-12-31": "0.63290", "2015-09-30": "0.62030", "2015-06-30": "0.57400", "2015-03-31": "0.63400", "2014-12-31": "0.84910", "2014-09-30": "0.86260", "2014-06-30": "0.76060", "2014-03-31": "0.70210", "2013-12-31": "0.73650", "2013-09-30": "0.69930", "2013-06-30": "0.66520", "2013-03-31": "0.68910", "2012-12-31": "0.70560", "2012-09-30": "0.81220", "2012-06-30": "0.93140", "2012-03-31": "1.11730", "2011-12-31": "1.12140", "2011-09-30": "1.06750", "2011-06-30": "1.01440", "2011-03-31": "0.95870", "2010-12-31": "0.90410", "2010-09-30": "1.53440", "2010-06-30": "1.60850", "2010-03-31": "1.44010", "2009-12-31": "0.97920", "2009-09-30": "0.92680", "2009-06-30": "0.83770", "2009-03-31": "0.66980", "2008-12-31": "0.77110", "2008-09-30": "0.81600", "2008-06-30": "0.63740", "2008-03-31": "0.79590", "2007-12-31": "0.79530", "2007-09-30": "0.92580", "2007-06-30": "0.94200", "2007-03-31": "0.95780", "2006-12-31": "1.41270", "2006-09-30": "1.27040", "2006-06-30": "1.08340", "2006-03-31": "1.09720", "2005-12-31": "1.89720", "2005-09-30": "1.85320", "2005-06-30": "1.28770", "2005-03-31": "0.85530"}, "Receiveable Turnover": {"2020-09-30": "2.77350", "2020-06-30": "3.37730", "2020-03-31": "3.05070", "2019-12-31": "3.16370", "2019-09-30": "2.89750", "2019-06-30": "2.72590", "2019-03-31": "2.40050", "2018-12-31": "2.78000", "2018-09-30": "2.67130", "2018-06-30": "2.61430", "2018-03-31": "2.67720", "2017-12-31": "3.40270", "2017-09-30": "2.54030", "2017-06-30": "2.67250", "2017-03-31": "2.63310", "2016-12-31": "3.02550", "2016-09-30": "3.19350", "2016-06-30": "3.00080", "2016-03-31": "2.93080", "2015-12-31": "2.81930", "2015-09-30": "2.99240", "2015-06-30": "3.04190", "2015-03-31": "2.90170", "2014-12-31": "2.95370", "2014-09-30": "3.22710", "2014-06-30": "3.19500", "2014-03-31": "2.72300", "2013-12-31": "2.67850", "2013-09-30": "2.97610", "2013-06-30": "2.84040", "2013-03-31": "2.27050", "2012-12-31": "2.48740", "2012-09-30": "2.62080", "2012-06-30": "2.73670", "2012-03-31": "2.53090", "2011-12-31": "3.14370", "2011-09-30": "3.22550", "2011-06-30": "2.93520", "2011-03-31": "2.52060", "2010-12-31": "2.56480", "2010-09-30": "2.03920", "2010-06-30": "1.83660", "2010-03-31": "2.04760", "2009-12-31": "2.99900", "2009-09-30": "2.46070", "2009-06-30": "3.30760", "2009-03-31": "2.19360", "2008-12-31": "3.80790", "2008-09-30": "2.60320", "2008-06-30": "3.18440", "2008-03-31": "3.12970", "2007-12-31": "4.67130", "2007-09-30": "3.14680", "2007-06-30": "3.84600", "2007-03-31": "3.14940", "2006-12-31": "2.88290", "2006-09-30": "2.84590", "2006-06-30": "2.69400", "2006-03-31": "3.36270", "2005-12-31": "3.41100", "2005-09-30": "3.04330", "2005-06-30": "3.32840", "2005-03-31": "3.54760"}, "Days Sales In Receivables": {"2020-09-30": "32.44960", "2020-06-30": "26.64880", "2020-03-31": "29.50140", "2019-12-31": "28.44800", "2019-09-30": "31.06090", "2019-06-30": "33.01710", "2019-03-31": "37.49220", "2018-12-31": "32.37390", "2018-09-30": "33.69170", "2018-06-30": "34.42590", "2018-03-31": "33.61740", "2017-12-31": "26.44930", "2017-09-30": "35.42860", "2017-06-30": "33.67600", "2017-03-31": "34.17980", "2016-12-31": "29.74700", "2016-09-30": "28.18210", "2016-06-30": "29.99170", "2016-03-31": "30.70850", "2015-12-31": "31.92280", "2015-09-30": "30.07600", "2015-06-30": "29.58690", "2015-03-31": "31.01620", "2014-12-31": "30.47040", "2014-09-30": "27.88870", "2014-06-30": "28.16940", "2014-03-31": "33.05190", "2013-12-31": "33.60130", "2013-09-30": "30.24060", "2013-06-30": "31.68570", "2013-03-31": "39.63880", "2012-12-31": "36.18180", "2012-09-30": "34.34010", "2012-06-30": "32.88600", "2012-03-31": "35.56040", "2011-12-31": "28.62840", "2011-09-30": "27.90300", "2011-06-30": "30.66190", "2011-03-31": "35.70610", "2010-12-31": "35.09000", "2010-09-30": "44.13540", "2010-06-30": "49.00310", "2010-03-31": "43.95400", "2009-12-31": "30.01030", "2009-09-30": "36.57530", "2009-06-30": "27.21010", "2009-03-31": "41.02820", "2008-12-31": "23.63510", "2008-09-30": "34.57260", "2008-06-30": "28.26300", "2008-03-31": "28.75710", "2007-12-31": "19.26650", "2007-09-30": "28.60030", "2007-06-30": "23.40120", "2007-03-31": "28.57690", "2006-12-31": "31.21840", "2006-09-30": "31.62470", "2006-06-30": "33.40700", "2006-03-31": "26.76410", "2005-12-31": "26.38500", "2005-09-30": "29.57280", "2005-06-30": "27.04000", "2005-03-31": "25.36930"}, "ROE - Return On Equity": {"2020-09-30": "6.07560", "2020-06-30": "3.55350", "2020-03-31": "4.39700", "2019-12-31": "4.19360", "2019-09-30": "4.02050", "2019-06-30": "2.93870", "2019-03-31": "3.84870", "2018-12-31": "4.31780", "2018-09-30": "5.17370", "2018-06-30": "4.18050", "2018-03-31": "3.91470", "2017-12-31": "2.31220", "2017-09-30": "4.67670", "2017-06-30": "3.16890", "2017-03-31": "3.20910", "2016-12-31": "3.84440", "2016-09-30": "3.45260", "2016-06-30": "2.83390", "2016-03-31": "2.76840", "2015-12-31": "2.74320", "2015-09-30": "3.16310", "2015-06-30": "2.22660", "2015-03-31": "1.72610", "2014-12-31": "2.55730", "2014-09-30": "3.28430", "2014-06-30": "1.91170", "2014-03-31": "2.69460", "2013-12-31": "2.31910", "2013-09-30": "2.33510", "2013-06-30": "1.86720", "2013-03-31": "0.90440", "2012-12-31": "0.09600", "2012-09-30": "2.07710", "2012-06-30": "2.44840", "2012-03-31": "1.17550", "2011-12-31": "1.01000", "2011-09-30": "2.30880", "2011-06-30": "1.53300", "2011-03-31": "0.77820", "2010-12-31": "1.45040", "2010-09-30": "5.21770", "2010-06-30": "2.56310", "2010-03-31": "2.77690", "2009-12-31": "2.18540", "2009-09-30": "6.23910", "2009-06-30": "1.76980", "2009-03-31": "-0.43160", "2008-12-31": "1.96420", "2008-09-30": "6.46350", "2008-06-30": "3.05460", "2008-03-31": "4.26210", "2007-12-31": "6.74870", "2007-09-30": "7.49690", "2007-06-30": "-6.29420", "2007-03-31": "-0.32510", "2006-12-31": "-1.26800", "2006-09-30": "-2.04110", "2006-06-30": "1.18490", "2006-03-31": "-0.49790", "2005-12-31": "4.90230", "2005-09-30": "13.22630", "2005-06-30": "-11.30240", "2005-03-31": "-2.16480"}, "Return On Tangible Equity": {"2020-09-30": "6.11960", "2020-06-30": "3.58120", "2020-03-31": "4.43280", "2019-12-31": "4.22950", "2019-09-30": "4.05680", "2019-06-30": "2.96640", "2019-03-31": "3.88630", "2018-12-31": "4.36260", "2018-09-30": "5.23270", "2018-06-30": "4.23220", "2018-03-31": "3.96640", "2017-12-31": "2.34600", "2017-09-30": "4.75230", "2017-06-30": "3.22710", "2017-03-31": "3.27480", "2016-12-31": "3.93170", "2016-09-30": "3.53830", "2016-06-30": "2.91200", "2016-03-31": "2.85140", "2015-12-31": "2.83250", "2015-09-30": "3.27540", "2015-06-30": "2.30890", "2015-03-31": "1.79370", "2014-12-31": "2.66000", "2014-09-30": "3.42200", "2014-06-30": "1.91170", "2014-03-31": "2.69460", "2013-12-31": "2.31910", "2013-09-30": "2.33510", "2013-06-30": "1.86720", "2013-03-31": "0.90440", "2012-12-31": "0.09600", "2012-09-30": "2.07710", "2012-06-30": "2.44840", "2012-03-31": "1.17550", "2011-12-31": "1.01000", "2011-09-30": "2.30880", "2011-06-30": "1.53300", "2011-03-31": "0.77820", "2010-12-31": "1.45040", "2010-09-30": "5.21770", "2010-06-30": "2.56310", "2010-03-31": "2.77690", "2009-12-31": "2.18540", "2009-09-30": "6.23910", "2009-06-30": "1.76980", "2009-03-31": "-0.43160", "2008-12-31": "1.96420", "2008-09-30": "6.46350", "2008-06-30": "3.05460", "2008-03-31": "4.26210", "2007-12-31": "6.74870", "2007-09-30": "7.49690", "2007-06-30": "-6.29420", "2007-03-31": "-0.32510", "2006-12-31": "-1.26800", "2006-09-30": "-2.04110", "2006-06-30": "1.18490", "2006-03-31": "-0.49790", "2005-12-31": "4.90230", "2005-09-30": "13.22630", "2005-06-30": "-11.30240", "2005-03-31": "-2.16480"}, "ROA - Return On Assets": {"2020-09-30": "4.78480", "2020-06-30": "2.81630", "2020-03-31": "3.54900", "2019-12-31": "3.39170", "2019-09-30": "3.22310", "2019-06-30": "2.38370", "2019-03-31": "3.08660", "2018-12-31": "3.48330", "2018-09-30": "4.13650", "2018-06-30": "3.36220", "2018-03-31": "3.13230", "2017-12-31": "1.84960", "2017-09-30": "3.90770", "2017-06-30": "2.64310", "2017-03-31": "2.69690", "2016-12-31": "3.24260", "2016-09-30": "2.90450", "2016-06-30": "2.38950", "2016-03-31": "2.36520", "2015-12-31": "2.34390", "2015-09-30": "2.66640", "2015-06-30": "1.89140", "2015-03-31": "1.45570", "2014-12-31": "2.21830", "2014-09-30": "2.85740", "2014-06-30": "1.65450", "2014-03-31": "2.40720", "2013-12-31": "2.03300", "2013-09-30": "2.11690", "2013-06-30": "1.65040", "2013-03-31": "0.80410", "2012-12-31": "0.08640", "2012-09-30": "1.87810", "2012-06-30": "2.12590", "2012-03-31": "1.02860", "2011-12-31": "0.89570", "2011-09-30": "2.04860", "2011-06-30": "1.32320", "2011-03-31": "0.68830", "2010-12-31": "1.27160", "2010-09-30": "4.52040", "2010-06-30": "2.24770", "2010-03-31": "2.45110", "2009-12-31": "1.92460", "2009-09-30": "5.47590", "2009-06-30": "1.47170", "2009-03-31": "-0.36400", "2008-12-31": "1.65590", "2008-09-30": "5.34010", "2008-06-30": "2.37780", "2008-03-31": "3.44070", "2007-12-31": "5.37810", "2007-09-30": "5.70770", "2007-06-30": "-4.59810", "2007-03-31": "-0.25470", "2006-12-31": "-1.02620", "2006-09-30": "-1.64710", "2006-06-30": "0.98540", "2006-03-31": "-0.38490", "2005-12-31": "3.80250", "2005-09-30": "10.32430", "2005-06-30": "-7.97020", "2005-03-31": "-1.85490"}, "ROI - Return On Investment": {"2020-09-30": "6.07560", "2020-06-30": "3.55350", "2020-03-31": "4.39700", "2019-12-31": "4.19360", "2019-09-30": "4.02050", "2019-06-30": "2.93870", "2019-03-31": "3.84870", "2018-12-31": "4.31780", "2018-09-30": "5.17370", "2018-06-30": "4.18050", "2018-03-31": "3.91470", "2017-12-31": "2.31220", "2017-09-30": "4.67670", "2017-06-30": "3.16890", "2017-03-31": "3.20910", "2016-12-31": "3.84440", "2016-09-30": "3.45260", "2016-06-30": "2.83390", "2016-03-31": "2.76840", "2015-12-31": "2.74320", "2015-09-30": "3.16310", "2015-06-30": "2.22660", "2015-03-31": "1.72610", "2014-12-31": "2.55730", "2014-09-30": "3.28430", "2014-06-30": "1.91170", "2014-03-31": "2.69460", "2013-12-31": "2.31910", "2013-09-30": "2.33510", "2013-06-30": "1.86720", "2013-03-31": "0.90440", "2012-12-31": "0.09600", "2012-09-30": "2.07710", "2012-06-30": "2.44840", "2012-03-31": "1.17550", "2011-12-31": "1.01000", "2011-09-30": "2.30880", "2011-06-30": "1.53300", "2011-03-31": "0.77820", "2010-12-31": "1.45040", "2010-09-30": "5.21770", "2010-06-30": "2.56310", "2010-03-31": "2.77690", "2009-12-31": "2.18540", "2009-09-30": "6.23910", "2009-06-30": "1.76980", "2009-03-31": "-0.43160", "2008-12-31": "1.96420", "2008-09-30": "6.46350", "2008-06-30": "3.05460", "2008-03-31": "4.26210", "2007-12-31": "6.74870", "2007-09-30": "7.49690", "2007-06-30": "-6.29420", "2007-03-31": "-0.32510", "2006-12-31": "-1.26800", "2006-09-30": "-2.04110", "2006-06-30": "1.18490", "2006-03-31": "-0.49790", "2005-12-31": "4.90230", "2005-09-30": "13.22630", "2005-06-30": "-11.30240", "2005-03-31": "-2.16480"}, "Book Value Per Share": {"2020-09-30": "20.28050", "2020-06-30": "18.90280", "2020-03-31": "18.18610", "2019-12-31": "17.73410", "2019-09-30": "16.90870", "2019-06-30": "16.28700", "2019-03-31": "15.80770", "2018-12-31": "15.05920", "2018-09-30": "14.38800", "2018-06-30": "13.69330", "2018-03-31": "13.24730", "2017-12-31": "12.54400", "2017-09-30": "12.17890", "2017-06-30": "11.45370", "2017-03-31": "10.93940", "2016-12-31": "10.56840", "2016-09-30": "10.23830", "2016-06-30": "9.76140", "2016-03-31": "9.49360", "2015-12-31": "9.28510", "2015-09-30": "8.96420", "2015-06-30": "8.95480", "2015-03-31": "8.80070", "2014-12-31": "8.92110", "2014-09-30": "8.80480", "2014-06-30": "8.63020", "2014-03-31": "8.65400", "2013-12-31": "8.44580", "2013-09-30": "8.30120", "2013-06-30": "7.87340", "2013-03-31": "7.52210", "2012-12-31": "7.24060", "2012-09-30": "8.04540", "2012-06-30": "7.73240", "2012-03-31": "7.40410", "2011-12-31": "7.18020", "2011-09-30": "7.03550", "2011-06-30": "6.78690", "2011-03-31": "6.97350", "2010-12-31": "7.04150", "2010-09-30": "7.07220", "2010-06-30": "6.83980", "2010-03-31": "6.40150", "2009-12-31": "6.05590", "2009-09-30": "5.77890", "2009-06-30": "5.25490", "2009-03-31": "4.98100", "2008-12-31": "4.89330", "2008-09-30": "4.76850", "2008-06-30": "4.47260", "2008-03-31": "4.19900", "2007-12-31": "4.11110", "2007-09-30": "3.66220", "2007-06-30": "3.17050", "2007-03-31": "3.23040", "2006-12-31": "3.12660", "2006-09-30": "3.03850", "2006-06-30": "2.98130", "2006-03-31": "2.79010", "2005-12-31": "2.68100", "2005-09-30": "2.51070", "2005-06-30": "2.10410", "2005-03-31": "2.29530"}, "Operating Cash Flow Per Share": {"2020-09-30": 1.6422, "2020-06-30": 1.2631, "2020-03-31": "1.10180", "2019-12-31": 1.3378, "2019-09-30": 1.5663, "2019-06-30": 0.9639, "2019-03-31": "0.85860", "2018-12-31": 1.0701, "2018-09-30": 1.1619, "2018-06-30": 0.5715, "2018-03-31": "0.36790", "2017-12-31": 1.2208, "2017-09-30": 0.7723, "2017-06-30": 0.5717, "2017-03-31": "0.50600", "2016-12-31": 0.7387, "2016-09-30": 0.7812, "2016-06-30": 0.3584, "2016-03-31": "0.69320", "2015-12-31": 0.5905, "2015-09-30": 0.5427, "2015-06-30": 0.1868, "2015-03-31": "0.38630", "2014-12-31": 0.5139, "2014-09-30": 0.4001, "2014-06-30": 0.6457, "2014-03-31": "0.30330", "2013-12-31": 0.7962, "2013-09-30": 0.1942, "2013-06-30": 0.4032, "2013-03-31": "0.17780", "2012-12-31": 0.3182, "2012-09-30": 0.0276, "2012-06-30": 0.1665, "2012-03-31": "0.17500", "2011-12-31": 0.3541, "2011-09-30": 0.272, "2011-06-30": 0.3885, "2011-03-31": "0.22790", "2010-12-31": 0.2681, "2010-09-30": 0.4207, "2010-06-30": 0.3753, "2010-03-31": "0.21790", "2009-12-31": 0.4475, "2009-09-30": 0.1054, "2009-06-30": 0.3017, "2009-03-31": "0.01250", "2008-12-31": 0.5808, "2008-09-30": 0.0906, "2008-06-30": 0.2604, "2008-03-31": "0.16430", "2007-12-31": 0.3895, "2007-09-30": 0.0652, "2007-06-30": 0.0977, "2007-03-31": "0.19210", "2006-12-31": 0.2098, "2006-09-30": 0.3437, "2006-06-30": -0.1734, "2006-03-31": "0.08840", "2005-12-31": 0.1751, "2005-09-30": 0.2463, "2005-06-30": 0.0886, "2005-03-31": "0.04750"}, "Free Cash Flow Per Share": {"2020-09-30": 1.2263, "2020-06-30": 0.9525, "2020-03-31": "0.88850", "2019-12-31": 1.1456, "2019-09-30": 1.5425, "2019-06-30": 0.5473, "2019-03-31": "-0.39980", "2018-12-31": 0.9694, "2018-09-30": 1.0503, "2018-06-30": 0.4459, "2018-03-31": "0.20080", "2017-12-31": 0.289, "2017-09-30": 0.6679, "2017-06-30": 0.1778, "2017-03-31": "0.42690", "2016-12-31": 0.5463, "2016-09-30": 0.536, "2016-06-30": 0.0389, "2016-03-31": "0.56490", "2015-12-31": 0.4135, "2015-09-30": 0.4994, "2015-06-30": 0.1393, "2015-03-31": "0.27040", "2014-12-31": 0.4694, "2014-09-30": 0.356, "2014-06-30": 0.6096, "2014-03-31": "0.18900", "2013-12-31": 0.7857, "2013-09-30": 0.0813, "2013-06-30": 0.2118, "2013-03-31": "0.08670", "2012-12-31": 0.2514, "2012-09-30": -0.1203, "2012-06-30": -0.0622, "2012-03-31": "0.03780", "2011-12-31": 0.3051, "2011-09-30": -0.1259, "2011-06-30": 0.3221, "2011-03-31": "0.14330", "2010-12-31": 0.1582, "2010-09-30": 0.2609, "2010-06-30": 0.1373, "2010-03-31": "0.12340", "2009-12-31": 0.3724, "2009-09-30": -0.0064, "2009-06-30": 0.2423, "2009-03-31": "-0.01300", "2008-12-31": 0.5349, "2008-09-30": 0.0591, "2008-06-30": 0.2204, "2008-03-31": "0.13680", "2007-12-31": 0.3301, "2007-09-30": 0.0339, "2007-06-30": 0.0384, "2007-03-31": "0.15420", "2006-12-31": 0.1692, "2006-09-30": 0.3033, "2006-06-30": -0.2543, "2006-03-31": "-0.00300", "2005-12-31": 0.1692, "2005-09-30": 0.2448, "2005-06-30": 0.0627, "2005-03-31": "0.02000"}}, "revenue": {"Monolithic Power Systems Annual Revenue (Millions of US $)": {"2020": "$844", "2019": "$628", "2018": "$582", "2017": "$471", "2016": "$389", "2015": "$333", "2014": "$283", "2013": "$238", "2012": "$214", "2011": "$197", "2010": "$219", "2009": "$165", "2008": "$161", "2007": "$134", "2006": "$105", "2005": "$99"}, "Monolithic Power Systems Quarterly Revenue (Millions of US $)": {"2020-12-31": "$233", "2020-09-30": "$259", "2020-06-30": "$186", "2020-03-31": "$166", "2019-12-31": "$167", "2019-09-30": "$169", "2019-06-30": "$151", "2019-03-31": "$141", "2018-12-31": "$153", "2018-09-30": "$160", "2018-06-30": "$140", "2018-03-31": "$129", "2017-12-31": "$129", "2017-09-30": "$129", "2017-06-30": "$112", "2017-03-31": "$100", "2016-12-31": "$104", "2016-09-30": "$106", "2016-06-30": "$94", "2016-03-31": "$85", "2015-12-31": "$87", "2015-09-30": "$91", "2015-06-30": "$81", "2015-03-31": "$74", "2014-12-31": "$76", "2014-09-30": "$78", "2014-06-30": "$68", "2014-03-31": "$60", "2013-12-31": "$64", "2013-09-30": "$65", "2013-06-30": "$58", "2013-03-31": "$51", "2012-12-31": "$48", "2012-09-30": "$57", "2012-06-30": "$59", "2012-03-31": "$50", "2011-12-31": "$47", "2011-09-30": "$53", "2011-06-30": "$52", "2011-03-31": "$44", "2010-12-31": "$47", "2010-09-30": "$66", "2010-06-30": "$56", "2010-03-31": "$50", "2009-12-31": "$47", "2009-09-30": "$48", "2009-06-30": "$41", "2009-03-31": "$29", "2008-12-31": "$35", "2008-09-30": "$49", "2008-06-30": "$42", "2008-03-31": "$35", "2007-12-31": "$38", "2007-09-30": "$40", "2007-06-30": "$31", "2007-03-31": "$24", "2006-12-31": "$26", "2006-09-30": "$27", "2006-06-30": "$27", "2006-03-31": "$25", "2005-12-31": "$33", "2005-09-30": "$30", "2005-06-30": "$22", "2005-03-31": "$15"}}, "gross-profit": {"Monolithic Power Systems Annual Gross Profit (Millions of US $)": {"2020": "$466", "2019": "$346", "2018": "$323", "2017": "$258", "2016": "$211", "2015": "$180", "2014": "$153", "2013": "$128", "2012": "$113", "2011": "$102", "2010": "$121", "2009": "$98", "2008": "$99", "2007": "$85", "2006": "$67", "2005": "$63"}, "Monolithic Power Systems Quarterly Gross Profit (Millions of US $)": {"2020-12-31": "$129", "2020-09-30": "$143", "2020-06-30": "$103", "2020-03-31": "$91", "2019-12-31": "$92", "2019-09-30": "$93", "2019-06-30": "$83", "2019-03-31": "$78", "2018-12-31": "$85", "2018-09-30": "$89", "2018-06-30": "$78", "2018-03-31": "$71", "2017-12-31": "$71", "2017-09-30": "$71", "2017-06-30": "$61", "2017-03-31": "$55", "2016-12-31": "$57", "2016-09-30": "$58", "2016-06-30": "$51", "2016-03-31": "$46", "2015-12-31": "$47", "2015-09-30": "$49", "2015-06-30": "$44", "2015-03-31": "$40", "2014-12-31": "$41", "2014-09-30": "$42", "2014-06-30": "$37", "2014-03-31": "$32", "2013-12-31": "$34", "2013-09-30": "$35", "2013-06-30": "$31", "2013-03-31": "$27", "2012-12-31": "$26", "2012-09-30": "$30", "2012-06-30": "$31", "2012-03-31": "$26", "2011-12-31": "$25", "2011-09-30": "$28", "2011-06-30": "$27", "2011-03-31": "$22", "2010-12-31": "$24", "2010-09-30": "$36", "2010-06-30": "$32", "2010-03-31": "$29", "2009-12-31": "$27", "2009-09-30": "$29", "2009-06-30": "$24", "2009-03-31": "$17", "2008-12-31": "$20", "2008-09-30": "$31", "2008-06-30": "$26", "2008-03-31": "$22", "2007-12-31": "$25", "2007-09-30": "$26", "2007-06-30": "$20", "2007-03-31": "$16", "2006-12-31": "$17", "2006-09-30": "$18", "2006-06-30": "$17", "2006-03-31": "$15", "2005-12-31": "$21", "2005-09-30": "$19", "2005-06-30": "$14", "2005-03-31": "$9"}}, "operating-income": {"Monolithic Power Systems Annual Operating Income (Millions of US $)": {"2020": "$159", "2019": "$103", "2018": "$113", "2017": "$77", "2016": "$54", "2015": "$41", "2014": "$35", "2013": "$24", "2012": "$17", "2011": "$13", "2010": "$30", "2009": "$20", "2008": "$23", "2007": "$10", "2006": "$1", "2005": "$6"}, "Monolithic Power Systems Quarterly Operating Income (Millions of US $)": {"2020-12-31": "$40", "2020-09-30": "$60", "2020-06-30": "$28", "2020-03-31": "$31", "2019-12-31": "$31", "2019-09-30": "$30", "2019-06-30": "$20", "2019-03-31": "$22", "2018-12-31": "$33", "2018-09-30": "$33", "2018-06-30": "$25", "2018-03-31": "$22", "2017-12-31": "$25", "2017-09-30": "$24", "2017-06-30": "$15", "2017-03-31": "$14", "2016-12-31": "$18", "2016-09-30": "$15", "2016-06-30": "$12", "2016-03-31": "$10", "2015-12-31": "$12", "2015-09-30": "$13", "2015-06-30": "$10", "2015-03-31": "$6", "2014-12-31": "$9", "2014-09-30": "$10", "2014-06-30": "$7", "2014-03-31": "$9", "2013-12-31": "$8", "2013-09-30": "$9", "2013-06-30": "$5", "2013-03-31": "$2", "2012-12-31": "$1", "2012-09-30": "$6", "2012-06-30": "$7", "2012-03-31": "$3", "2011-12-31": "$2", "2011-09-30": "$5", "2011-06-30": "$4", "2011-03-31": "$2", "2010-12-31": "$4", "2010-09-30": "$13", "2010-06-30": "$7", "2010-03-31": "$6", "2009-12-31": "$4", "2009-09-30": "$13", "2009-06-30": "$3", "2009-03-31": "$-1", "2008-12-31": "$2", "2008-09-30": "$11", "2008-06-30": "$4", "2008-03-31": "$5", "2007-12-31": "$8", "2007-09-30": "$9", "2007-06-30": "$-7", "2007-03-31": "$1", "2006-12-31": "$1", "2006-09-30": "$-1", "2006-06-30": "$2", "2006-03-31": "$-1", "2005-12-31": "$5", "2005-09-30": "$15", "2005-06-30": "$-12", "2005-03-31": "$-2"}}, "ebitda": {"Monolithic Power Systems Annual EBITDA (Millions of US $)": {"2019": "$114", "2018": "$127", "2017": "$93", "2016": "$69", "2015": "$55", "2014": "$49", "2013": "$37", "2012": "$27", "2011": "$23", "2010": "$39", "2009": "$26", "2008": "$28", "2007": "$25", "2006": "$15", "2005": "$14"}, "Monolithic Power Systems Quarterly EBITDA (Millions of US $)": {"2020-09-30": "$66", "2020-06-30": "$30", "2020-03-31": "$40", "2019-12-31": "$31", "2019-09-30": "$37", "2019-06-30": "$23", "2019-03-31": "$23", "2018-12-31": "$37", "2018-09-30": "$37", "2018-06-30": "$28", "2018-03-31": "$25", "2017-12-31": "$27", "2017-09-30": "$28", "2017-06-30": "$19", "2017-03-31": "$18", "2016-12-31": "$21", "2016-09-30": "$19", "2016-06-30": "$15", "2016-03-31": "$14", "2015-12-31": "$16", "2015-09-30": "$17", "2015-06-30": "$14", "2015-03-31": "$9", "2014-12-31": "$13", "2014-09-30": "$14", "2014-06-30": "$10", "2014-03-31": "$12", "2013-12-31": "$11", "2013-09-30": "$12", "2013-06-30": "$8", "2013-03-31": "$5", "2012-12-31": "$4", "2012-09-30": "$9", "2012-06-30": "$9", "2012-03-31": "$5", "2011-12-31": "$5", "2011-09-30": "$7", "2011-06-30": "$6", "2011-03-31": "$4", "2010-12-31": "$7", "2010-09-30": "$16", "2010-06-30": "$9", "2010-03-31": "$8", "2009-12-31": "$6", "2009-09-30": "$15", "2009-06-30": "$5", "2009-03-31": "$0", "2008-12-31": "$4", "2008-09-30": "$12", "2008-06-30": "$6", "2008-03-31": "$7", "2007-12-31": "$20", "2007-09-30": "$10", "2007-06-30": "$-6", "2007-03-31": "$1", "2006-12-31": "$14", "2006-09-30": "$0", "2006-06-30": "$-0", "2006-03-31": "$2", "2005-12-31": "$7", "2005-09-30": "$19", "2005-06-30": "$-11", "2005-03-31": "$-2"}}, "net-income": {"Monolithic Power Systems Annual Net Income (Millions of US $)": {"2020": "$164", "2019": "$109", "2018": "$105", "2017": "$65", "2016": "$53", "2015": "$35", "2014": "$35", "2013": "$23", "2012": "$16", "2011": "$13", "2010": "$30", "2009": "$20", "2008": "$24", "2007": "$12", "2006": "$-2", "2005": "$5"}, "Monolithic Power Systems Quarterly Net Income (Millions of US $)": {"2020-12-31": "$43", "2020-09-30": "$56", "2020-06-30": "$30", "2020-03-31": "$36", "2019-12-31": "$32", "2019-09-30": "$30", "2019-06-30": "$21", "2019-03-31": "$26", "2018-12-31": "$28", "2018-09-30": "$32", "2018-06-30": "$24", "2018-03-31": "$22", "2017-12-31": "$12", "2017-09-30": "$24", "2017-06-30": "$15", "2017-03-31": "$14", "2016-12-31": "$17", "2016-09-30": "$14", "2016-06-30": "$11", "2016-03-31": "$11", "2015-12-31": "$10", "2015-09-30": "$11", "2015-06-30": "$8", "2015-03-31": "$6", "2014-12-31": "$9", "2014-09-30": "$11", "2014-06-30": "$6", "2014-03-31": "$9", "2013-12-31": "$8", "2013-09-30": "$7", "2013-06-30": "$5", "2013-03-31": "$2", "2012-12-31": "$0", "2012-09-30": "$6", "2012-06-30": "$7", "2012-03-31": "$3", "2011-12-31": "$2", "2011-09-30": "$5", "2011-06-30": "$3", "2011-03-31": "$2", "2010-12-31": "$4", "2010-09-30": "$13", "2010-06-30": "$6", "2010-03-31": "$6", "2009-12-31": "$5", "2009-09-30": "$13", "2009-06-30": "$3", "2009-03-31": "$-1", "2008-12-31": "$3", "2008-09-30": "$10", "2008-06-30": "$5", "2008-03-31": "$6", "2007-12-31": "$9", "2007-09-30": "$9", "2007-06-30": "$-6", "2007-03-31": "$-0", "2006-12-31": "$-1", "2006-09-30": "$-2", "2006-06-30": "$1", "2006-03-31": "$-0", "2005-12-31": "$4", "2005-09-30": "$9", "2005-06-30": "$-7", "2005-03-31": "$-1"}}, "eps-earnings-per-share-diluted": {"Monolithic Power Systems Annual EPS": {"2020": "$3.50", "2019": "$2.38", "2018": "$2.36", "2017": "$1.50", "2016": "$1.26", "2015": "$0.86", "2014": "$0.89", "2013": "$0.59", "2012": "$0.43", "2011": "$0.38", "2010": "$0.78", "2009": "$0.54", "2008": "$0.67", "2007": "$0.33", "2006": "$-0.08", "2005": "$0.17"}, "Monolithic Power Systems Quarterly EPS": {"2020-12-31": "$0.90", "2020-09-30": "$1.18", "2020-06-30": "$0.64", "2020-03-31": "$0.77", "2019-12-31": "$0.71", "2019-09-30": "$0.64", "2019-06-30": "$0.45", "2019-03-31": "$0.58", "2018-12-31": "$0.61", "2018-09-30": "$0.71", "2018-06-30": "$0.55", "2018-03-31": "$0.49", "2017-12-31": "$0.28", "2017-09-30": "$0.54", "2017-06-30": "$0.35", "2017-03-31": "$0.33", "2016-12-31": "$0.40", "2016-09-30": "$0.34", "2016-06-30": "$0.27", "2016-03-31": "$0.25", "2015-12-31": "$0.24", "2015-09-30": "$0.28", "2015-06-30": "$0.19", "2015-03-31": "$0.15", "2014-12-31": "$0.22", "2014-09-30": "$0.28", "2014-06-30": "$0.16", "2014-03-31": "$0.23", "2013-12-31": "$0.19", "2013-09-30": "$0.19", "2013-06-30": "$0.14", "2013-03-31": "$0.07", "2012-12-31": "$0.01", "2012-09-30": "$0.16", "2012-06-30": "$0.18", "2012-03-31": "$0.08", "2011-12-31": "$0.07", "2011-09-30": "$0.16", "2011-06-30": "$0.10", "2011-03-31": "$0.05", "2010-12-31": "$0.09", "2010-09-30": "$0.35", "2010-06-30": "$0.17", "2010-03-31": "$0.17", "2009-12-31": "$0.13", "2009-09-30": "$0.34", "2009-06-30": "$0.09", "2009-03-31": "$-0.02", "2008-12-31": "$0.08", "2008-09-30": "$0.29", "2008-06-30": "$0.13", "2008-03-31": "$0.17", "2007-12-31": "$0.29", "2007-09-30": "$0.25", "2007-06-30": "$-0.20", "2007-03-31": "$-0.01", "2006-12-31": "$-0.04", "2006-09-30": "$-0.06", "2006-06-30": "$0.03", "2006-03-31": "$-0.01", "2005-12-31": "$0.15", "2005-09-30": "$0.31", "2005-06-30": "$-0.24", "2005-03-31": "$-0.05"}}, "shares-outstanding": {"Monolithic Power Systems Annual Shares Outstanding (Millions of Shares)": {"2020": "47", "2019": "46", "2018": "45", "2017": "44", "2016": "42", "2015": "41", "2014": "40", "2013": "39", "2012": "36", "2011": "35", "2010": "38", "2009": "37", "2008": "36", "2007": "35", "2006": "30", "2005": "31"}, "Monolithic Power Systems Quarterly Shares Outstanding (Millions of Shares)": {"2020-12-31": "48", "2020-09-30": "47", "2020-06-30": "47", "2020-03-31": "47", "2019-12-31": "46", "2019-09-30": "46", "2019-06-30": "45", "2019-03-31": "45", "2018-12-31": "45", "2018-09-30": "45", "2018-06-30": "44", "2018-03-31": "44", "2017-12-31": "44", "2017-09-30": "43", "2017-06-30": "43", "2017-03-31": "43", "2016-12-31": "42", "2016-09-30": "42", "2016-06-30": "42", "2016-03-31": "42", "2015-12-31": "41", "2015-09-30": "41", "2015-06-30": "41", "2015-03-31": "41", "2014-12-31": "40", "2014-09-30": "40", "2014-06-30": "40", "2014-03-31": "40", "2013-12-31": "39", "2013-09-30": "39", "2013-06-30": "38", "2013-03-31": "38", "2012-12-31": "36", "2012-09-30": "36", "2012-06-30": "36", "2012-03-31": "36", "2011-12-31": "35", "2011-09-30": "34", "2011-06-30": "35", "2011-03-31": "36", "2010-12-31": "38", "2010-09-30": "38", "2010-06-30": "38", "2010-03-31": "38", "2009-12-31": "37", "2009-09-30": "37", "2009-06-30": "36", "2009-03-31": "34", "2008-12-31": "36", "2008-09-30": "37", "2008-06-30": "36", "2008-03-31": "36", "2007-12-31": "35", "2007-09-30": "36", "2007-06-30": "31", "2007-03-31": "30", "2006-12-31": "30", "2006-09-30": "30", "2006-06-30": "34", "2006-03-31": "29", "2005-12-31": "31", "2005-09-30": "31", "2005-06-30": "28", "2005-03-31": "28"}}, "total-assets": {"Monolithic Power Systems Annual Total Assets (Millions of US $)": {"2019": "$956", "2018": "$793", "2017": "$653", "2016": "$511", "2015": "$431", "2014": "$399", "2013": "$369", "2012": "$287", "2011": "$274", "2010": "$282", "2009": "$242", "2008": "$195", "2007": "$173", "2006": "$117", "2005": "$101"}, "Monolithic Power Systems Quarterly Total Assets (Millions of US $)": {"2020-09-30": "$1,161", "2020-06-30": "$1,071", "2020-03-31": "$1,008", "2019-12-31": "$956", "2019-09-30": "$916", "2019-06-30": "$868", "2019-03-31": "$848", "2018-12-31": "$793", "2018-09-30": "$763", "2018-06-30": "$720", "2018-03-31": "$698", "2017-12-31": "$653", "2017-09-30": "$605", "2017-06-30": "$568", "2017-03-31": "$537", "2016-12-31": "$511", "2016-09-30": "$495", "2016-06-30": "$469", "2016-03-31": "$447", "2015-12-31": "$431", "2015-09-30": "$420", "2015-06-30": "$418", "2015-03-31": "$410", "2014-12-31": "$399", "2014-09-30": "$393", "2014-06-30": "$387", "2014-03-31": "$375", "2013-12-31": "$369", "2013-09-30": "$350", "2013-06-30": "$333", "2013-03-31": "$311", "2012-12-31": "$287", "2012-09-30": "$315", "2012-06-30": "$310", "2012-03-31": "$291", "2011-12-31": "$274", "2011-09-30": "$267", "2011-06-30": "$263", "2011-03-31": "$275", "2010-12-31": "$282", "2010-09-30": "$292", "2010-06-30": "$285", "2010-03-31": "$259", "2009-12-31": "$242", "2009-09-30": "$229", "2009-06-30": "$216", "2009-03-31": "$200", "2008-12-31": "$195", "2008-09-30": "$196", "2008-06-30": "$193", "2008-03-31": "$172", "2007-12-31": "$173", "2007-09-30": "$158", "2007-06-30": "$138", "2007-03-31": "$129", "2006-12-31": "$117", "2006-09-30": "$114", "2006-06-30": "$107", "2006-03-31": "$106", "2005-12-31": "$101", "2005-09-30": "$91", "2005-06-30": "$84", "2005-03-31": "$75"}}, "cash-on-hand": {"Monolithic Power Systems Annual Cash on Hand (Millions of US $)": {"2019": "$455", "2018": "$377", "2017": "$299", "2016": "$268", "2015": "$235", "2014": "$239", "2013": "$226", "2012": "$161", "2011": "$174", "2010": "$178", "2009": "$166", "2008": "$113", "2007": "$118", "2006": "$78", "2005": "$67"}, "Monolithic Power Systems Quarterly Cash on Hand (Millions of US $)": {"2020-09-30": "$552", "2020-06-30": "$512", "2020-03-31": "$489", "2019-12-31": "$455", "2019-09-30": "$419", "2019-06-30": "$366", "2019-03-31": "$359", "2018-12-31": "$377", "2018-09-30": "$348", "2018-06-30": "$314", "2018-03-31": "$307", "2017-12-31": "$299", "2017-09-30": "$300", "2017-06-30": "$278", "2017-03-31": "$279", "2016-12-31": "$268", "2016-09-30": "$259", "2016-06-30": "$244", "2016-03-31": "$252", "2015-12-31": "$235", "2015-09-30": "$230", "2015-06-30": "$231", "2015-03-31": "$234", "2014-12-31": "$239", "2014-09-30": "$229", "2014-06-30": "$241", "2014-03-31": "$229", "2013-12-31": "$226", "2013-09-30": "$204", "2013-06-30": "$190", "2013-03-31": "$175", "2012-12-31": "$161", "2012-09-30": "$186", "2012-06-30": "$185", "2012-03-31": "$181", "2011-12-31": "$174", "2011-09-30": "$161", "2011-06-30": "$163", "2011-03-31": "$176", "2010-12-31": "$178", "2010-09-30": "$185", "2010-06-30": "$190", "2010-03-31": "$176", "2009-12-31": "$166", "2009-09-30": "$150", "2009-06-30": "$119", "2009-03-31": "$113", "2008-12-31": "$113", "2008-09-30": "$85", "2008-06-30": "$80", "2008-03-31": "$69", "2007-12-31": "$118", "2007-09-30": "$102", "2007-06-30": "$92", "2007-03-31": "$88", "2006-12-31": "$78", "2006-09-30": "$70", "2006-06-30": "$61", "2006-03-31": "$65", "2005-12-31": "$67", "2005-09-30": "$60", "2005-06-30": "$52", "2005-03-31": "$50"}}, "long-term-debt": {"Monolithic Power Systems Annual Long Term Debt (Millions of US $)": {"2019": "$", "2018": "$", "2017": "$", "2016": "$", "2015": "$", "2014": "$", "2013": "$", "2012": "$", "2011": "$", "2010": "$", "2009": "$", "2008": "$", "2007": "$", "2006": "$", "2005": "$"}, "Monolithic Power Systems Quarterly Long Term Debt (Millions of US $)": {"2020-09-30": "", "2020-06-30": "", "2020-03-31": "", "2019-12-31": "", "2019-09-30": "", "2019-06-30": "", "2019-03-31": "", "2018-12-31": "", "2018-09-30": "", "2018-06-30": "", "2018-03-31": "", "2017-12-31": "", "2017-09-30": "", "2017-06-30": "", "2017-03-31": "", "2016-12-31": "", "2016-09-30": "", "2016-06-30": "", "2016-03-31": "", "2015-12-31": "", "2015-09-30": "", "2015-06-30": "", "2015-03-31": "", "2014-12-31": "", "2014-09-30": "", "2014-06-30": "", "2014-03-31": "", "2013-12-31": "", "2013-09-30": "", "2013-06-30": "", "2013-03-31": "", "2012-12-31": "", "2012-09-30": "", "2012-06-30": "", "2012-03-31": "", "2011-12-31": "", "2011-09-30": "", "2011-06-30": "", "2011-03-31": "", "2010-12-31": "", "2010-09-30": "", "2010-06-30": "", "2010-03-31": "", "2009-12-31": "", "2009-09-30": "", "2009-06-30": "", "2009-03-31": "", "2008-12-31": "", "2008-09-30": "", "2008-06-30": "", "2008-03-31": "", "2007-12-31": "", "2007-09-30": "", "2007-06-30": "", "2007-03-31": "", "2006-12-31": "", "2006-09-30": "", "2006-06-30": "", "2006-03-31": "", "2005-12-31": "", "2005-09-30": "", "2005-06-30": "", "2005-03-31": ""}}, "total-liabilities": {"Monolithic Power Systems Annual Total Liabilities (Millions of US $)": {"2019": "$183", "2018": "$153", "2017": "$131", "2016": "$80", "2015": "$63", "2014": "$53", "2013": "$46", "2012": "$29", "2011": "$31", "2010": "$35", "2009": "$29", "2008": "$31", "2007": "$35", "2006": "$22", "2005": "$23"}, "Monolithic Power Systems Quarterly Total Liabilities (Millions of US $)": {"2020-09-30": "$247", "2020-06-30": "$222", "2020-03-31": "$194", "2019-12-31": "$183", "2019-09-30": "$182", "2019-06-30": "$164", "2019-03-31": "$168", "2018-12-31": "$153", "2018-09-30": "$153", "2018-06-30": "$141", "2018-03-31": "$139", "2017-12-31": "$131", "2017-09-30": "$99", "2017-06-30": "$94", "2017-03-31": "$86", "2016-12-31": "$80", "2016-09-30": "$79", "2016-06-30": "$74", "2016-03-31": "$65", "2015-12-31": "$63", "2015-09-30": "$66", "2015-06-30": "$63", "2015-03-31": "$64", "2014-12-31": "$53", "2014-09-30": "$51", "2014-06-30": "$52", "2014-03-31": "$40", "2013-12-31": "$46", "2013-09-30": "$33", "2013-06-30": "$39", "2013-03-31": "$34", "2012-12-31": "$29", "2012-09-30": "$30", "2012-06-30": "$41", "2012-03-31": "$36", "2011-12-31": "$31", "2011-09-30": "$30", "2011-06-30": "$36", "2011-03-31": "$32", "2010-12-31": "$35", "2010-09-30": "$39", "2010-06-30": "$35", "2010-03-31": "$30", "2009-12-31": "$29", "2009-09-30": "$28", "2009-06-30": "$36", "2009-03-31": "$31", "2008-12-31": "$31", "2008-09-30": "$34", "2008-06-30": "$43", "2008-03-31": "$33", "2007-12-31": "$35", "2007-09-30": "$38", "2007-06-30": "$37", "2007-03-31": "$28", "2006-12-31": "$22", "2006-09-30": "$22", "2006-06-30": "$18", "2006-03-31": "$24", "2005-12-31": "$23", "2005-09-30": "$20", "2005-06-30": "$25", "2005-03-31": "$11"}}, "total-share-holder-equity": {"Monolithic Power Systems Annual Share Holder Equity (Millions of US $)": {"2019": "$773", "2018": "$640", "2017": "$522", "2016": "$431", "2015": "$369", "2014": "$346", "2013": "$323", "2012": "$258", "2011": "$243", "2010": "$247", "2009": "$213", "2008": "$165", "2007": "$138", "2006": "$95", "2005": "$78"}, "Monolithic Power Systems Quarterly Share Holder Equity (Millions of US $)": {"2020-09-30": "$915", "2020-06-30": "$849", "2020-03-31": "$813", "2019-12-31": "$773", "2019-09-30": "$734", "2019-06-30": "$704", "2019-03-31": "$680", "2018-12-31": "$640", "2018-09-30": "$610", "2018-06-30": "$579", "2018-03-31": "$558", "2017-12-31": "$522", "2017-09-30": "$506", "2017-06-30": "$474", "2017-03-31": "$451", "2016-12-31": "$431", "2016-09-30": "$416", "2016-06-30": "$395", "2016-03-31": "$382", "2015-12-31": "$369", "2015-09-30": "$354", "2015-06-30": "$355", "2015-03-31": "$345", "2014-12-31": "$346", "2014-09-30": "$342", "2014-06-30": "$335", "2014-03-31": "$335", "2013-12-31": "$323", "2013-09-30": "$317", "2013-06-30": "$294", "2013-03-31": "$276", "2012-12-31": "$258", "2012-09-30": "$285", "2012-06-30": "$269", "2012-03-31": "$255", "2011-12-31": "$243", "2011-09-30": "$237", "2011-06-30": "$227", "2011-03-31": "$243", "2010-12-31": "$247", "2010-09-30": "$253", "2010-06-30": "$250", "2010-03-31": "$229", "2009-12-31": "$213", "2009-09-30": "$201", "2009-06-30": "$180", "2009-03-31": "$169", "2008-12-31": "$165", "2008-09-30": "$162", "2008-06-30": "$151", "2008-03-31": "$139", "2007-12-31": "$138", "2007-09-30": "$120", "2007-06-30": "$101", "2007-03-31": "$101", "2006-12-31": "$95", "2006-09-30": "$92", "2006-06-30": "$89", "2006-03-31": "$82", "2005-12-31": "$78", "2005-09-30": "$71", "2005-06-30": "$59", "2005-03-31": "$64"}}, "profit-margins": {"current": "19.47%"}, "gross margin": {"2020-12-31": "55.21%", "2020-09-30": "55.14%", "2020-06-30": "55.09%", "2020-03-31": "54.98%", "2019-12-31": "55.10%", "2019-09-30": "55.21%", "2019-06-30": "55.37%", "2019-03-31": "55.56%", "2018-12-31": "55.50%", "2018-09-30": "55.38%", "2018-06-30": "55.22%", "2018-03-31": "54.91%", "2017-12-31": "54.89%", "2017-09-30": "54.83%", "2017-06-30": "54.74%", "2017-03-31": "54.70%", "2016-12-31": "54.50%", "2016-09-30": "54.30%", "2016-06-30": "54.06%", "2016-03-31": "54.07%", "2015-12-31": "54.05%", "2015-09-30": "54.04%", "2015-06-30": "54.05%", "2015-03-31": "54.05%", "2014-12-31": "53.90%", "2014-09-30": "53.70%", "2014-06-30": "53.70%", "2014-03-31": "53.44%", "2013-12-31": "53.36%", "2013-09-30": "53.60%", "2013-06-30": "53.27%", "2013-03-31": "53.02%", "2012-12-31": "52.80%", "2012-09-30": "52.58%", "2012-06-30": "52.63%", "2012-03-31": "52.48%", "2011-12-31": "52.04%", "2011-09-30": "51.53%", "2011-06-30": "52.15%", "2011-03-31": "53.52%", "2010-12-31": "55.25%", "2010-09-30": "56.62%", "2010-06-30": "58.21%", "2010-03-31": "58.60%", "2009-12-31": "58.79%", "2009-09-30": "58.82%", "2009-06-30": "59.74%", "2009-03-31": "60.65%", "2008-12-31": "61.49%", "2008-09-30": "63.41%", "2008-06-30": "63.87%", "2008-03-31": "64.58%", "2007-12-31": "65.41%", "2007-09-30": "65.29%", "2007-06-30": "65.74%", "2007-03-31": "65.38%", "2006-12-31": "63.81%", "2006-09-30": "63.39%", "2006-06-30": "62.61%", "2006-03-31": "62.73%", "2005-12-31": "63.00%"}, "operating margin": {"2020-12-31": "18.84%", "2020-09-30": "19.28%", "2020-06-30": "17.44%", "2020-03-31": "17.15%", "2019-12-31": "16.40%", "2019-09-30": "17.10%", "2019-06-30": "17.85%", "2019-03-31": "19.02%", "2018-12-31": "19.42%", "2018-09-30": "18.82%", "2018-06-30": "18.22%", "2018-03-31": "17.23%", "2017-12-31": "16.60%", "2017-09-30": "15.96%", "2017-06-30": "14.69%", "2017-03-31": "14.60%", "2016-12-31": "14.14%", "2016-09-30": "13.17%", "2016-06-30": "13.17%", "2016-03-31": "13.08%", "2015-12-31": "12.31%", "2015-09-30": "11.80%", "2015-06-30": "11.33%", "2015-03-31": "10.81%", "2014-12-31": "12.41%", "2014-09-30": "12.59%", "2014-06-30": "12.84%", "2014-03-31": "12.55%", "2013-12-31": "10.08%", "2013-09-30": "7.66%", "2013-06-30": "6.54%", "2013-03-31": "7.44%", "2012-12-31": "7.94%", "2012-09-30": "8.45%", "2012-06-30": "8.13%", "2012-03-31": "6.93%", "2011-12-31": "6.63%", "2011-09-30": "7.65%", "2011-06-30": "11.00%", "2011-03-31": "12.21%", "2010-12-31": "13.70%", "2010-09-30": "13.70%", "2010-06-30": "14.93%", "2010-03-31": "13.98%", "2009-12-31": "11.52%", "2009-09-30": "11.11%", "2009-06-30": "9.74%", "2009-03-31": "10.32%", "2008-12-31": "13.66%", "2008-09-30": "17.07%", "2008-06-30": "16.77%", "2008-03-31": "10.42%", "2007-12-31": "8.27%", "2007-09-30": "3.31%", "2007-06-30": "-5.56%", "2007-03-31": "2.88%", "2006-12-31": "0.95%", "2006-09-30": "4.46%", "2006-06-30": "18.26%", "2006-03-31": "6.36%", "2005-12-31": "6.00%"}, "ebitda margin": {"2020-09-30": "21.47%", "2020-06-30": "20.06%", "2020-03-31": "20.06%", "2019-12-31": "18.15%", "2019-09-30": "19.54%", "2019-06-30": "19.83%", "2019-03-31": "21.04%", "2018-12-31": "21.82%", "2018-09-30": "20.97%", "2018-06-30": "20.49%", "2018-03-31": "19.84%", "2017-12-31": "19.57%", "2017-09-30": "19.33%", "2017-06-30": "18.25%", "2017-03-31": "18.07%", "2016-12-31": "17.74%", "2016-09-30": "17.20%", "2016-06-30": "17.37%", "2016-03-31": "17.73%", "2015-12-31": "16.82%", "2015-09-30": "16.46%", "2015-06-30": "16.18%", "2015-03-31": "15.54%", "2014-12-31": "17.38%", "2014-09-30": "17.41%", "2014-06-30": "17.51%", "2014-03-31": "17.41%", "2013-12-31": "15.13%", "2013-09-30": "13.06%", "2013-06-30": "12.15%", "2013-03-31": "12.56%", "2012-12-31": "12.62%", "2012-09-30": "13.15%", "2012-06-30": "12.44%", "2012-03-31": "11.39%", "2011-12-31": "11.22%", "2011-09-30": "12.24%", "2011-06-30": "15.79%", "2011-03-31": "16.90%", "2010-12-31": "18.26%", "2010-09-30": "17.81%", "2010-06-30": "18.91%", "2010-03-31": "18.28%", "2009-12-31": "15.76%", "2009-09-30": "15.69%", "2009-06-30": "13.64%", "2009-03-31": "14.19%", "2008-12-31": "18.01%", "2008-09-30": "27.44%", "2008-06-30": "27.74%", "2008-03-31": "21.53%", "2007-12-31": "18.80%", "2007-09-30": "15.70%", "2007-06-30": "8.33%", "2007-03-31": "14.42%", "2006-12-31": "15.24%", "2006-09-30": "8.04%", "2006-06-30": "24.35%", "2006-03-31": "15.45%", "2005-12-31": "13.00%"}, "pre tax profit margin": {"2020-12-31": "19.91%", "2020-09-30": "20.18%", "2020-06-30": "18.46%", "2020-03-31": "17.76%", "2019-12-31": "17.83%", "2019-09-30": "18.24%", "2019-06-30": "19.17%", "2019-03-31": "20.37%", "2018-12-31": "20.27%", "2018-09-30": "20.07%", "2018-06-30": "19.17%", "2018-03-31": "18.04%", "2017-12-31": "17.66%", "2017-09-30": "16.63%", "2017-06-30": "15.40%", "2017-03-31": "15.10%", "2016-12-31": "14.65%", "2016-09-30": "13.71%", "2016-06-30": "13.45%", "2016-03-31": "13.37%", "2015-12-31": "12.31%", "2015-09-30": "12.11%", "2015-06-30": "11.97%", "2015-03-31": "11.49%", "2014-12-31": "13.12%", "2014-09-30": "12.96%", "2014-06-30": "12.84%", "2014-03-31": "12.55%", "2013-12-31": "10.08%", "2013-09-30": "7.66%", "2013-06-30": "6.54%", "2013-03-31": "7.44%", "2012-12-31": "7.94%", "2012-09-30": "8.92%", "2012-06-30": "8.61%", "2012-03-31": "7.43%", "2011-12-31": "7.14%", "2011-09-30": "7.65%", "2011-06-30": "11.48%", "2011-03-31": "12.68%", "2010-12-31": "14.61%", "2010-09-30": "15.07%", "2010-06-30": "15.92%", "2010-03-31": "15.05%", "2009-12-31": "12.12%", "2009-09-30": "11.76%", "2009-06-30": "10.39%", "2009-03-31": "11.61%", "2008-12-31": "16.15%", "2008-09-30": "19.51%", "2008-06-30": "20.00%", "2008-03-31": "13.89%", "2007-12-31": "11.28%", "2007-09-30": "6.61%", "2007-06-30": "-1.85%", "2007-03-31": "5.77%", "2006-12-31": "2.86%", "2006-09-30": "6.25%", "2006-06-30": "19.13%", "2006-03-31": "8.18%", "2005-12-31": "8.00%"}, "net profit margin": {"2020-12-31": "19.55%", "2020-09-30": "19.79%", "2020-06-30": "18.60%", "2020-03-31": "18.22%", "2019-12-31": "17.36%", "2019-09-30": "17.10%", "2019-06-30": "17.69%", "2019-03-31": "18.52%", "2018-12-31": "18.21%", "2018-09-30": "16.13%", "2018-06-30": "15.56%", "2018-03-31": "14.63%", "2017-12-31": "13.83%", "2017-09-30": "15.73%", "2017-06-30": "14.22%", "2017-03-31": "13.86%", "2016-12-31": "13.62%", "2016-09-30": "12.37%", "2016-06-30": "12.04%", "2016-03-31": "11.63%", "2015-12-31": "10.51%", "2015-09-30": "10.56%", "2015-06-30": "11.00%", "2015-03-31": "10.81%", "2014-12-31": "12.41%", "2014-09-30": "12.59%", "2014-06-30": "11.67%", "2014-03-31": "11.74%", "2013-12-31": "9.24%", "2013-09-30": "6.31%", "2013-06-30": "6.07%", "2013-03-31": "6.98%", "2012-12-31": "7.48%", "2012-09-30": "8.45%", "2012-06-30": "8.13%", "2012-03-31": "6.44%", "2011-12-31": "6.12%", "2011-09-30": "7.14%", "2011-06-30": "10.53%", "2011-03-31": "11.74%", "2010-12-31": "13.24%", "2010-09-30": "13.70%", "2010-06-30": "14.93%", "2010-03-31": "14.52%", "2009-12-31": "12.12%", "2009-09-30": "11.76%", "2009-06-30": "9.74%", "2009-03-31": "10.97%", "2008-12-31": "14.91%", "2008-09-30": "18.29%", "2008-06-30": "18.71%", "2008-03-31": "12.50%", "2007-12-31": "9.02%", "2007-09-30": "1.65%", "2007-06-30": "-8.33%", "2007-03-31": "-1.92%", "2006-12-31": "-1.90%", "2006-09-30": "2.68%", "2006-06-30": "12.17%", "2006-03-31": "5.45%", "2005-12-31": "5.00%"}, "pe ratio": {"current": "106.05", "2021-02-05": "138.81", "2020-12-31": "141.40", "2020-09-30": "84.87", "2020-06-30": "85.91", "2020-03-31": "65.06", "2019-12-31": "74.49", "2019-09-30": "67.54", "2019-06-30": "57.02", "2019-03-31": "54.41", "2018-12-31": "48.32", "2018-09-30": "60.81", "2018-06-30": "70.53", "2018-03-31": "68.34", "2017-12-31": "73.25", "2017-09-30": "64.17", "2017-06-30": "66.17", "2017-03-31": "66.89", "2016-12-31": "63.17", "2016-09-30": "70.37", "2016-06-30": "63.00", "2016-03-31": "63.39", "2015-12-31": "70.61", "2015-09-30": "57.92", "2015-06-30": "57.13", "2015-03-31": "61.28", "2014-12-31": "52.49", "2014-09-30": "47.96", "2014-06-30": "51.33", "2014-03-31": "48.07", "2013-12-31": "54.63", "2013-09-30": "68.68", "2013-06-30": "59.00", "2013-03-31": "53.96", "2012-12-31": "48.18", "2012-09-30": "35.82", "2012-06-30": "36.00", "2012-03-31": "42.63", "2011-12-31": "35.24", "2011-09-30": "22.06", "2011-06-30": "22.84", "2011-03-31": "18.82", "2010-12-31": "18.58", "2010-09-30": "17.91", "2010-06-30": "19.84", "2010-03-31": "27.52", "2009-12-31": "40.19", "2009-09-30": "41.68", "2009-06-30": "44.25", "2009-03-31": "28.11", "2008-12-31": "16.48", "2008-09-30": "19.54", "2008-06-30": "26.32", "2008-03-31": "39.17", "2007-12-31": "82.95", "2007-09-30": "0.00", "2007-06-30": "0.00", "2007-03-31": "0.00", "2006-12-31": "0.00"}, "price sales": {"2021-02-05": "20.03", "2020-12-31": "20.40", "2020-09-30": "16.72", "2020-06-30": "15.90", "2020-03-31": "11.73", "2019-12-31": "12.82", "2019-09-30": "11.35", "2019-06-30": "9.95", "2019-03-31": "10.03", "2018-12-31": "8.71", "2018-09-30": "9.74", "2018-06-30": "10.87", "2018-03-31": "9.86", "2017-12-31": "10.07", "2017-09-30": "9.99", "2017-06-30": "9.41", "2017-03-31": "9.28", "2016-12-31": "8.49", "2016-09-30": "8.65", "2016-06-30": "7.57", "2016-03-31": "7.25", "2015-12-31": "7.43", "2015-09-30": "6.12", "2015-06-30": "6.25", "2015-03-31": "6.70", "2014-12-31": "6.56", "2014-09-30": "6.01", "2014-06-30": "6.02", "2014-03-31": "5.68", "2013-12-31": "5.20", "2013-09-30": "4.79", "2013-06-30": "3.90", "2013-03-31": "3.86", "2012-12-31": "3.49", "2012-09-30": "2.95", "2012-06-30": "2.97", "2012-03-31": "3.02", "2011-12-31": "2.39", "2011-09-30": "1.64", "2011-06-30": "2.40", "2011-03-31": "2.22", "2010-12-31": "2.54", "2010-09-30": "2.50", "2010-06-30": "2.97", "2010-03-31": "3.95", "2009-12-31": "4.67", "2009-09-30": "4.90", "2009-06-30": "4.63", "2009-03-31": "3.19", "2008-12-31": "2.53", "2008-09-30": "3.38", "2008-06-30": "4.42", "2008-03-31": "3.74", "2007-12-31": "4.77", "2007-09-30": "5.94", "2007-06-30": "4.31", "2007-03-31": "3.37", "2006-12-31": "2.85"}, "price book": {"current": "17.66", "2021-02-05": "17.73", "2020-09-30": "13.77", "2020-06-30": "12.50", "2020-03-31": "9.16", "2019-12-31": "9.95", "2019-09-30": "9.11", "2019-06-30": "8.23", "2019-03-31": "8.43", "2018-12-31": "7.57", "2018-09-30": "8.54", "2018-06-30": "9.53", "2018-03-31": "8.51", "2017-12-31": "8.70", "2017-09-30": "8.48", "2017-06-30": "8.15", "2017-03-31": "8.13", "2016-12-31": "7.47", "2016-09-30": "7.56", "2016-06-30": "6.71", "2016-03-31": "6.41", "2015-12-31": "6.54", "2015-09-30": "5.43", "2015-06-30": "5.36", "2015-03-31": "5.64", "2014-12-31": "5.24", "2014-09-30": "4.68", "2014-06-30": "4.58", "2014-03-31": "4.17", "2013-12-31": "3.82", "2013-09-30": "3.39", "2013-06-30": "2.85", "2013-03-31": "3.01", "2012-12-31": "2.86", "2012-09-30": "2.18", "2012-06-30": "2.28", "2012-03-31": "2.36", "2011-12-31": "1.87", "2011-09-30": "1.29", "2011-06-30": "2.02", "2011-03-31": "1.81", "2010-12-31": "2.08", "2010-09-30": "2.05", "2010-06-30": "2.32", "2010-03-31": "3.10", "2009-12-31": "3.52", "2009-09-30": "3.61", "2009-06-30": "3.79", "2009-03-31": "2.77", "2008-12-31": "2.29", "2008-09-30": "3.24", "2008-06-30": "4.30", "2008-03-31": "3.73", "2007-12-31": "4.64", "2007-09-30": "6.16", "2007-06-30": "4.89", "2007-03-31": "3.55", "2006-12-31": "3.16", "2006-09-30": "2.77", "2006-06-30": "3.53", "2006-03-31": "5.94"}, "price fcf": {"2021-02-05": "", "2020-09-30": "$4.21", "2020-06-30": "$4.53", "2020-03-31": "$4.12", "2019-12-31": "$2.84", "2019-09-30": "$2.66", "2019-06-30": "$2.17", "2019-03-31": "$2.07", "2018-12-31": "$2.67", "2018-09-30": "$1.99", "2018-06-30": "$1.60", "2018-03-31": "$1.34", "2017-12-31": "$1.56", "2017-09-30": "$1.82", "2017-06-30": "$1.69", "2017-03-31": "$1.55", "2016-12-31": "$1.69", "2016-09-30": "$1.55", "2016-06-30": "$1.52", "2016-03-31": "$1.62", "2015-12-31": "$1.32", "2015-09-30": "$1.38", "2015-06-30": "$1.24", "2015-03-31": "$1.71", "2014-12-31": "$1.62", "2014-09-30": "$1.94", "2014-06-30": "$1.67", "2014-03-31": "$1.27", "2013-12-31": "$1.17", "2013-09-30": "$0.63", "2013-06-30": "$0.43", "2013-03-31": "$0.16", "2012-12-31": "$0.11", "2012-09-30": "$0.16", "2012-06-30": "$0.15", "2012-03-31": "$0.54", "2011-12-31": "$0.64", "2011-09-30": "$0.50", "2011-06-30": "$0.88", "2011-03-31": "$0.70", "2010-12-31": "$0.68", "2010-09-30": "$0.89", "2010-06-30": "$0.63", "2010-03-31": "$0.73", "2009-12-31": "$0.60", "2009-09-30": "$0.76", "2009-06-30": "$0.82", "2009-03-31": "$0.80", "2008-12-31": "$0.95", "2008-09-30": "$0.75", "2008-06-30": "$0.72", "2008-03-31": "$0.54", "2007-12-31": "$0.56", "2007-09-30": "$0.40", "2007-06-30": "$0.67", "2007-03-31": "$0.37", "2006-12-31": "$0.22"}, "net worth": {"value": "$16.21B"}, "current ratio": {"2020-12-31": "5.73", "2020-09-30": "5.18", "2020-06-30": "5.48", "2020-03-31": "6.27", "2019-12-31": "6.67", "2019-09-30": "5.99", "2019-06-30": "6.64", "2019-03-31": "6.27", "2018-12-31": "7.22", "2018-09-30": "6.52", "2018-06-30": "6.77", "2018-03-31": "6.60", "2017-12-31": "6.81", "2017-09-30": "7.01", "2017-06-30": "6.80", "2017-03-31": "7.26", "2016-12-31": "7.24", "2016-09-30": "6.61", "2016-06-30": "6.70", "2016-03-31": "7.62", "2015-12-31": "7.67", "2015-09-30": "6.79", "2015-06-30": "7.04", "2015-03-31": "6.87", "2014-12-31": "8.35", "2014-09-30": "8.05", "2014-06-30": "7.30", "2014-03-31": "9.57", "2013-12-31": "7.59", "2013-09-30": "10.28", "2013-06-30": "7.73", "2013-03-31": "8.43", "2012-12-31": "9.14", "2012-09-30": "9.76", "2012-06-30": "6.69", "2012-03-31": "7.16", "2011-12-31": "8.11", "2011-09-30": "8.10", "2011-06-30": "6.70", "2011-03-31": "8.22", "2010-12-31": "7.75", "2010-09-30": "7.17", "2010-06-30": "8.05", "2010-03-31": "8.53", "2009-12-31": "8.51", "2009-09-30": "8.28", "2009-06-30": "5.12", "2009-03-31": "5.59", "2008-12-31": "5.54", "2008-09-30": "4.99", "2008-06-30": "3.47", "2008-03-31": "3.91", "2007-12-31": "5.06", "2007-09-30": "4.10", "2007-06-30": "3.58", "2007-03-31": "5.04", "2006-12-31": "4.83", "2006-09-30": "4.64", "2006-06-30": "5.01", "2006-03-31": "3.79", "2005-12-31": "3.94", "2005-09-30": "4.01", "2005-06-30": "2.92", "2005-03-31": "5.97"}, "quick ratio": {"2020-12-31": "4.66", "2020-09-30": "4.24", "2020-06-30": "4.36", "2020-03-31": "5.10", "2019-12-31": "5.37", "2019-09-30": "4.70", "2019-06-30": "5.01", "2019-03-31": "4.71", "2018-12-31": "5.53", "2018-09-30": "4.92", "2018-06-30": "5.06", "2018-03-31": "5.08", "2017-12-31": "5.31", "2017-09-30": "5.50", "2017-06-30": "5.33", "2017-03-31": "5.85", "2016-12-31": "5.89", "2016-09-30": "5.33", "2016-06-30": "5.36", "2016-03-31": "6.25", "2015-12-31": "6.21", "2015-09-30": "5.40", "2015-06-30": "5.63", "2015-03-31": "5.71", "2014-12-31": "7.24", "2014-09-30": "6.93", "2014-06-30": "6.32", "2014-03-31": "8.27", "2013-12-31": "6.56", "2013-09-30": "8.65", "2013-06-30": "6.49", "2013-03-31": "7.17", "2012-12-31": "7.77", "2012-09-30": "8.44", "2012-06-30": "5.87", "2012-03-31": "6.48", "2011-12-31": "7.34", "2011-09-30": "7.16", "2011-06-30": "5.90", "2011-03-31": "7.35", "2010-12-31": "6.86", "2010-09-30": "6.59", "2010-06-30": "7.56", "2010-03-31": "7.96", "2009-12-31": "7.69", "2009-09-30": "7.40", "2009-06-30": "4.48", "2009-03-31": "4.89", "2008-12-31": "4.81", "2008-09-30": "4.21", "2008-06-30": "2.82", "2008-03-31": "3.32", "2007-12-31": "4.46", "2007-09-30": "3.62", "2007-06-30": "3.22", "2007-03-31": "4.60", "2006-12-31": "4.49", "2006-09-30": "4.28", "2006-06-30": "4.51", "2006-03-31": "3.43", "2005-12-31": "3.66", "2005-09-30": "3.72", "2005-06-30": "2.66", "2005-03-31": "5.35"}, "debt equity ratio": {"current": "0.00", "2020-12-31": "0.25", "2020-09-30": "0.27", "2020-06-30": "0.26", "2020-03-31": "0.24", "2019-12-31": "0.24", "2019-09-30": "0.25", "2019-06-30": "0.23", "2019-03-31": "0.25", "2018-12-31": "0.24", "2018-09-30": "0.25", "2018-06-30": "0.24", "2018-03-31": "0.25", "2017-12-31": "0.25", "2017-09-30": "0.20", "2017-06-30": "0.20", "2017-03-31": "0.19", "2016-12-31": "0.19", "2016-09-30": "0.19", "2016-06-30": "0.19", "2016-03-31": "0.17", "2015-12-31": "0.17", "2015-09-30": "0.19", "2015-06-30": "0.18", "2015-03-31": "0.19", "2014-12-31": "0.15", "2014-09-30": "0.15", "2014-06-30": "0.16", "2014-03-31": "0.12", "2013-12-31": "0.14", "2013-09-30": "0.10", "2013-06-30": "0.13", "2013-03-31": "0.13", "2012-12-31": "0.11", "2012-09-30": "0.11", "2012-06-30": "0.15", "2012-03-31": "0.14", "2011-12-31": "0.13", "2011-09-30": "0.13", "2011-06-30": "0.16", "2011-03-31": "0.13", "2010-12-31": "0.14", "2010-09-30": "0.15", "2010-06-30": "0.14", "2010-03-31": "0.13", "2009-12-31": "0.14", "2009-09-30": "0.14", "2009-06-30": "0.20", "2009-03-31": "0.19", "2008-12-31": "0.19", "2008-09-30": "0.21", "2008-06-30": "0.29", "2008-03-31": "0.24", "2007-12-31": "0.26", "2007-09-30": "0.31", "2007-06-30": "0.37", "2007-03-31": "0.28", "2006-12-31": "0.24", "2006-09-30": "0.24", "2006-06-30": "0.20", "2006-03-31": "0.29", "2005-12-31": "0.29", "2005-09-30": "0.28", "2005-06-30": "0.42", "2005-03-31": "0.17"}, "return on equity": {"2020-12-31": "18.62%", "2020-09-30": "18.39%", "2020-06-30": "16.16%", "2020-03-31": "15.74%", "2019-12-31": "15.08%", "2019-09-30": "15.23%", "2019-06-30": "16.25%", "2019-03-31": "17.54%", "2018-12-31": "17.76%", "2018-09-30": "15.87%", "2018-06-30": "15.15%", "2018-03-31": "14.17%", "2017-12-31": "13.31%", "2017-09-30": "15.04%", "2017-06-30": "13.54%", "2017-03-31": "13.23%", "2016-12-31": "13.05%", "2016-09-30": "11.78%", "2016-06-30": "11.47%", "2016-03-31": "10.96%", "2015-12-31": "9.84%", "2015-09-30": "9.71%", "2015-06-30": "9.80%", "2015-03-31": "9.36%", "2014-12-31": "10.31%", "2014-09-30": "10.19%", "2014-06-30": "9.16%", "2014-03-31": "9.14%", "2013-12-31": "7.27%", "2013-09-30": "4.89%", "2013-06-30": "4.67%", "2013-03-31": "5.51%", "2012-12-31": "6.00%", "2012-09-30": "6.84%", "2012-06-30": "6.77%", "2012-03-31": "5.41%", "2011-12-31": "5.05%", "2011-09-30": "5.87%", "2011-06-30": "9.07%", "2011-03-31": "10.07%", "2010-12-31": "11.85%", "2010-09-30": "12.70%", "2010-06-30": "13.44%", "2010-03-31": "13.12%", "2009-12-31": "10.48%", "2009-09-30": "10.07%", "2009-06-30": "8.88%", "2009-03-31": "10.51%", "2008-12-31": "15.56%", "2008-09-30": "20.34%", "2008-06-30": "21.17%", "2008-03-31": "14.46%", "2007-12-31": "10.43%", "2007-09-30": "1.92%", "2007-06-30": "-9.25%", "2007-03-31": "-2.12%", "2006-12-31": "-2.23%", "2006-09-30": "3.52%", "2006-06-30": "17.50%", "2006-03-31": "8.28%", "2005-12-31": "7.35%"}, "return on assets": {"2020-12-31": "14.84%", "2020-09-30": "14.68%", "2020-06-30": "12.96%", "2020-03-31": "12.70%", "2019-12-31": "12.15%", "2019-09-30": "12.26%", "2019-06-30": "13.08%", "2019-03-31": "14.08%", "2018-12-31": "14.26%", "2018-09-30": "12.70%", "2018-06-30": "12.26%", "2018-03-31": "11.57%", "2017-12-31": "11.00%", "2017-09-30": "12.61%", "2017-06-30": "11.37%", "2017-03-31": "11.13%", "2016-12-31": "11.03%", "2016-09-30": "9.99%", "2016-06-30": "9.73%", "2016-03-31": "9.32%", "2015-12-31": "8.34%", "2015-09-30": "8.26%", "2015-06-30": "8.40%", "2015-03-31": "8.06%", "2014-12-31": "9.01%", "2014-09-30": "8.92%", "2014-06-30": "8.10%", "2014-03-31": "8.13%", "2013-12-31": "6.46%", "2013-09-30": "4.37%", "2013-06-30": "4.17%", "2013-03-31": "4.91%", "2012-12-31": "5.32%", "2012-09-30": "6.05%", "2012-06-30": "5.95%", "2012-03-31": "4.75%", "2011-12-31": "4.45%", "2011-09-30": "5.15%", "2011-06-30": "7.91%", "2011-03-31": "8.82%", "2010-12-31": "10.38%", "2010-09-30": "11.13%", "2010-06-30": "11.82%", "2010-03-31": "11.42%", "2009-12-31": "9.02%", "2009-09-30": "8.57%", "2009-06-30": "7.43%", "2009-03-31": "8.67%", "2008-12-31": "12.70%", "2008-09-30": "16.35%", "2008-06-30": "16.67%", "2008-03-31": "11.23%", "2007-12-31": "8.03%", "2007-09-30": "1.48%", "2007-06-30": "-7.23%", "2007-03-31": "-1.71%", "2006-12-31": "-1.80%", "2006-09-30": "2.80%", "2006-06-30": "13.83%", "2006-03-31": "6.28%", "2005-12-31": "5.70%"}, "return on investments": {"2020-12-31": "inf%", "2020-09-30": "inf%", "2020-06-30": "inf%", "2020-03-31": "inf%", "2019-12-31": "inf%", "2019-09-30": "inf%", "2019-06-30": "inf%", "2019-03-31": "inf%", "2018-12-31": "inf%", "2018-09-30": "inf%", "2018-06-30": "inf%", "2018-03-31": "inf%", "2017-12-31": "inf%", "2017-09-30": "inf%", "2017-06-30": "inf%", "2017-03-31": "inf%", "2016-12-31": "inf%", "2016-09-30": "inf%", "2016-06-30": "inf%", "2016-03-31": "inf%", "2015-12-31": "inf%", "2015-09-30": "inf%", "2015-06-30": "inf%", "2015-03-31": "inf%", "2014-12-31": "inf%", "2014-09-30": "inf%", "2014-06-30": "inf%", "2014-03-31": "inf%", "2013-12-31": "inf%", "2013-09-30": "inf%", "2013-06-30": "inf%", "2013-03-31": "inf%", "2012-12-31": "inf%", "2012-09-30": "inf%", "2012-06-30": "inf%", "2012-03-31": "inf%", "2011-12-31": "inf%", "2011-09-30": "inf%", "2011-06-30": "inf%", "2011-03-31": "inf%", "2010-12-31": "inf%", "2010-09-30": "inf%", "2010-06-30": "inf%", "2010-03-31": "inf%", "2009-12-31": "inf%", "2009-09-30": "inf%", "2009-06-30": "inf%", "2009-03-31": "inf%", "2008-12-31": "inf%", "2008-09-30": "inf%", "2008-06-30": "inf%", "2008-03-31": "inf%", "2007-12-31": "inf%", "2007-09-30": "inf%", "2007-06-30": "inf%", "2007-03-31": "inf%", "2006-12-31": "inf%", "2006-09-30": "inf%", "2006-06-30": "inf%", "2006-03-31": "inf%", "2005-12-31": "inf%"}, "return on tangible equity": {"2020-09-30": "18.53%", "2020-06-30": "16.28%", "2020-03-31": "15.87%", "2019-12-31": "15.21%", "2019-09-30": "15.36%", "2019-06-30": "16.40%", "2019-03-31": "17.72%", "2018-12-31": "17.97%", "2018-09-30": "16.07%", "2018-06-30": "15.37%", "2018-03-31": "14.41%", "2017-12-31": "13.56%", "2017-09-30": "15.33%", "2017-06-30": "13.83%", "2017-03-31": "13.53%", "2016-12-31": "13.38%", "2016-09-30": "12.11%", "2016-06-30": "11.82%", "2016-03-31": "11.33%", "2015-12-31": "10.20%", "2015-09-30": "10.08%", "2015-06-30": "10.19%", "2015-03-31": "9.64%", "2014-12-31": "10.52%", "2014-09-30": "10.30%", "2014-06-30": "9.16%", "2014-03-31": "9.14%", "2013-12-31": "7.27%", "2013-09-30": "4.89%", "2013-06-30": "4.67%", "2013-03-31": "5.51%", "2012-12-31": "6.00%", "2012-09-30": "6.84%", "2012-06-30": "6.77%", "2012-03-31": "5.41%", "2011-12-31": "5.05%", "2011-09-30": "5.87%", "2011-06-30": "9.07%", "2011-03-31": "10.07%", "2010-12-31": "11.85%", "2010-09-30": "12.70%", "2010-06-30": "13.44%", "2010-03-31": "13.12%", "2009-12-31": "10.48%", "2009-09-30": "10.07%", "2009-06-30": "8.88%", "2009-03-31": "10.51%", "2008-12-31": "15.56%", "2008-09-30": "20.34%", "2008-06-30": "21.17%", "2008-03-31": "14.46%", "2007-12-31": "10.43%", "2007-09-30": "1.92%", "2007-06-30": "-9.25%", "2007-03-31": "-2.12%", "2006-12-31": "-2.23%", "2006-09-30": "3.52%", "2006-06-30": "17.50%", "2006-03-31": "8.28%", "2005-12-31": "7.35%"}, "dividend yield history": {"last payout": "$2.00", "last yield": "0.56%"}}