{"ticker": "MORN", "price": {"title": "Morningstar Historical Annual Stock Price Data", "value": 237.35, "historical": {"2020": {"Average Stock Price": "160.8751", "Year Open": "151.3000", "Year High": "231.5700", "Year Low": "107.0200", "Year Close": "231.5700", "Annual % Change": "53.04%"}, "2019": {"Average Stock Price": "141.6988", "Year Open": "108.6000", "Year High": "162.3700", "Year Low": "107.7700", "Year Close": "151.3100", "Annual % Change": "37.75%"}, "2018": {"Average Stock Price": "115.7787", "Year Open": "96.9400", "Year High": "142.3200", "Year Low": "90.4900", "Year Close": "109.8400", "Annual % Change": "13.27%"}, "2017": {"Average Stock Price": "81.2120", "Year Open": "74.1800", "Year High": "97.5400", "Year Low": "72.4700", "Year Close": "96.9700", "Annual % Change": "31.82%"}, "2016": {"Average Stock Price": "79.7759", "Year Open": "79.8100", "Year High": "89.4400", "Year Low": "68.2900", "Year Close": "73.5600", "Annual % Change": "-8.52%"}, "2015": {"Average Stock Price": "77.6303", "Year Open": "65.1800", "Year High": "86.5700", "Year Low": "62.7300", "Year Close": "80.4100", "Annual % Change": "24.26%"}, "2014": {"Average Stock Price": "71.7617", "Year Open": "78.2500", "Year High": "83.6600", "Year Low": "61.6600", "Year Close": "64.7100", "Annual % Change": "-17.13%"}, "2013": {"Average Stock Price": "73.5323", "Year Open": "63.6300", "Year High": "85.2300", "Year Low": "62.9400", "Year Close": "78.0900", "Annual % Change": "24.29%"}, "2012": {"Average Stock Price": "60.3386", "Year Open": "59.4900", "Year High": "65.2300", "Year Low": "55.1900", "Year Close": "62.8300", "Annual % Change": "5.69%"}, "2011": {"Average Stock Price": "58.0684", "Year Open": "53.6900", "Year High": "63.6100", "Year Low": "52.2500", "Year Close": "59.4500", "Annual % Change": "12.00%"}, "2010": {"Average Stock Price": "46.8416", "Year Open": "48.3200", "Year High": "53.9600", "Year Low": "40.1300", "Year Close": "53.0800", "Annual % Change": "9.81%"}, "2009": {"Average Stock Price": "41.5285", "Year Open": "36.9600", "Year High": "53.3200", "Year Low": "27.3300", "Year Close": "48.3400", "Annual % Change": "36.17%"}, "2008": {"Average Stock Price": "58.4605", "Year Open": "75.8400", "Year High": "75.9000", "Year Low": "26.1100", "Year Close": "35.5000", "Annual % Change": "-54.34%"}, "2007": {"Average Stock Price": "57.4214", "Year Open": "44.9500", "Year High": "81.3900", "Year Low": "44.8400", "Year Close": "77.7500", "Annual % Change": "72.59%"}, "2006": {"Average Stock Price": "40.9800", "Year Open": "34.4000", "Year High": "47.2100", "Year Low": "33.6100", "Year Close": "45.0500", "Annual % Change": "30.05%"}, "2005": {"Average Stock Price": "29.1422", "Year Open": "20.0500", "Year High": "36.8500", "Year Low": "20.0500", "Year Close": "34.6400", "Annual % Change": "0.00%"}}}, "market cap": {"value": "$10.17B"}, "income statement": {"Revenue": {"2019-12-31": "1179.00000", "2018-12-31": "1019.90000", "2017-12-31": "911.70000", "2016-12-31": "798.60000", "2015-12-31": "788.80000", "2014-12-31": "760.10000", "2013-12-31": "698.30000", "2012-12-31": "658.28800", "2011-12-31": "631.40000", "2010-12-31": "555.35100", "2009-12-31": "478.99600", "2008-12-31": "502.45700", "2007-12-31": "435.10700", "2006-12-31": "315.17500", "2005-12-31": "227.11400"}, "Cost Of Goods Sold": {"2019-12-31": "483.10000", "2018-12-31": "411.10000", "2017-12-31": "386.60000", "2016-12-31": "344.30000", "2015-12-31": "330.10000", "2014-12-31": "318.60000", "2013-12-31": "271.40000", "2012-12-31": "246.78300", "2011-12-31": "235.28900", "2010-12-31": "157.06800", "2009-12-31": "128.61600", "2008-12-31": "130.08500", "2007-12-31": "113.77700", "2006-12-31": "86.97500", "2005-12-31": "64.40800"}, "Gross Profit": {"2019-12-31": "695.90000", "2018-12-31": "608.80000", "2017-12-31": "525.10000", "2016-12-31": "454.30000", "2015-12-31": "458.70000", "2014-12-31": "441.50000", "2013-12-31": "426.90000", "2012-12-31": "411.50500", "2011-12-31": "396.11100", "2010-12-31": "398.28300", "2009-12-31": "350.38000", "2008-12-31": "372.37200", "2007-12-31": "321.33000", "2006-12-31": "228.20000", "2005-12-31": "162.70600"}, "Research And Development Expenses": {"2019-12-31": "", "2018-12-31": "", "2017-12-31": "", "2016-12-31": "", "2015-12-31": "", "2014-12-31": "", "2013-12-31": "", "2012-12-31": "", "2011-12-31": "", "2010-12-31": "49.24400", "2009-12-31": "38.37800", "2008-12-31": "40.34000", "2007-12-31": "35.11600", "2006-12-31": "29.49400", "2005-12-31": "19.65400"}, "SG&A Expenses": {"2019-12-31": "388.60000", "2018-12-31": "296.30000", "2017-12-31": "264.10000", "2016-12-31": "202.80000", "2015-12-31": "203.70000", "2014-12-31": "220.00000", "2013-12-31": "210.50000", "2012-12-31": "217.74100", "2011-12-31": "214.78300", "2010-12-31": "188.31600", "2009-12-31": "155.36800", "2008-12-31": "167.16000", "2007-12-31": "147.70300", "2006-12-31": "106.20400", "2005-12-31": "88.30600"}, "Other Operating Income Or Expenses": {"2019-12-31": "", "2018-12-31": "", "2017-12-31": "", "2016-12-31": "", "2015-12-31": "", "2014-12-31": "-61.00000", "2013-12-31": "", "2012-12-31": "", "2011-12-31": "", "2010-12-31": "", "2009-12-31": "", "2008-12-31": "", "2007-12-31": "", "2006-12-31": "", "2005-12-31": ""}, "Operating Expenses": {"2019-12-31": "989.40000", "2018-12-31": "804.10000", "2017-12-31": "741.90000", "2016-12-31": "617.80000", "2015-12-31": "598.20000", "2014-12-31": "654.50000", "2013-12-31": "527.60000", "2012-12-31": "507.62000", "2011-12-31": "492.98500", "2010-12-31": "434.29200", "2009-12-31": "354.32300", "2008-12-31": "363.58100", "2007-12-31": "317.85300", "2006-12-31": "237.64800", "2005-12-31": "180.63400"}, "Operating Income": {"2019-12-31": "189.60000", "2018-12-31": "215.80000", "2017-12-31": "169.80000", "2016-12-31": "180.80000", "2015-12-31": "190.60000", "2014-12-31": "105.60000", "2013-12-31": "170.70000", "2012-12-31": "150.66800", "2011-12-31": "138.41500", "2010-12-31": "121.05900", "2009-12-31": "124.67300", "2008-12-31": "138.87600", "2007-12-31": "117.25400", "2006-12-31": "77.52700", "2005-12-31": "46.48000"}, "Total Non-Operating Income/Expense": {"2019-12-31": "8.90000", "2018-12-31": "17.10000", "2017-12-31": "11.30000", "2016-12-31": "44.10000", "2015-12-31": "3.10000", "2014-12-31": "8.40000", "2013-12-31": "7.30000", "2012-12-31": "2.95700", "2011-12-31": "1.70900", "2010-12-31": "6.73200", "2009-12-31": "2.93400", "2008-12-31": "4.25200", "2007-12-31": "6.22900", "2006-12-31": "4.16400", "2005-12-31": "3.19900"}, "Pre-Tax Income": {"2019-12-31": "198.50000", "2018-12-31": "232.90000", "2017-12-31": "181.10000", "2016-12-31": "224.90000", "2015-12-31": "193.70000", "2014-12-31": "114.00000", "2013-12-31": "178.00000", "2012-12-31": "153.62500", "2011-12-31": "140.12400", "2010-12-31": "127.79100", "2009-12-31": "127.60700", "2008-12-31": "143.12800", "2007-12-31": "123.48300", "2006-12-31": "81.69100", "2005-12-31": "49.67900"}, "Income Taxes": {"2019-12-31": "45.60000", "2018-12-31": "47.80000", "2017-12-31": "42.90000", "2016-12-31": "63.70000", "2015-12-31": "62.70000", "2014-12-31": "35.70000", "2013-12-31": "56.00000", "2012-12-31": "52.87800", "2011-12-31": "43.65800", "2010-12-31": "42.75600", "2009-12-31": "46.77500", "2008-12-31": "54.42300", "2007-12-31": "51.25500", "2006-12-31": "32.97500", "2005-12-31": "20.22400"}, "Income After Taxes": {"2019-12-31": "152.90000", "2018-12-31": "185.10000", "2017-12-31": "138.20000", "2016-12-31": "161.20000", "2015-12-31": "131.00000", "2014-12-31": "78.30000", "2013-12-31": "122.00000", "2012-12-31": "100.74700", "2011-12-31": "96.46600", "2010-12-31": "85.03500", "2009-12-31": "80.83200", "2008-12-31": "88.70500", "2007-12-31": "72.22800", "2006-12-31": "48.71600", "2005-12-31": "29.45500"}, "Other Income": {"2019-12-31": "", "2018-12-31": "", "2017-12-31": "", "2016-12-31": "", "2015-12-31": "", "2014-12-31": "", "2013-12-31": "", "2012-12-31": "", "2011-12-31": "", "2010-12-31": "", "2009-12-31": "", "2008-12-31": "", "2007-12-31": "", "2006-12-31": "", "2005-12-31": ""}, "Income From Continuous Operations": {"2019-12-31": "152.00000", "2018-12-31": "183.00000", "2017-12-31": "136.90000", "2016-12-31": "161.00000", "2015-12-31": "132.80000", "2014-12-31": "78.30000", "2013-12-31": "123.40000", "2012-12-31": "102.77400", "2011-12-31": "98.31400", "2010-12-31": "86.45700", "2009-12-31": "81.99700", "2008-12-31": "90.02600", "2007-12-31": "73.92200", "2006-12-31": "51.50300", "2005-12-31": "31.11700"}, "Income From Discontinued Operations": {"2019-12-31": "", "2018-12-31": "", "2017-12-31": "", "2016-12-31": "", "2015-12-31": "", "2014-12-31": "", "2013-12-31": "", "2012-12-31": "5.18800", "2011-12-31": "", "2010-12-31": "", "2009-12-31": "", "2008-12-31": "", "2007-12-31": "", "2006-12-31": "", "2005-12-31": ""}, "Net Income": {"2019-12-31": "152.00000", "2018-12-31": "183.00000", "2017-12-31": "136.90000", "2016-12-31": "161.00000", "2015-12-31": "132.60000", "2014-12-31": "78.30000", "2013-12-31": "123.50000", "2012-12-31": "108.07900", "2011-12-31": "98.35700", "2010-12-31": "86.37000", "2009-12-31": "82.12900", "2008-12-31": "89.62900", "2007-12-31": "73.92200", "2006-12-31": "51.76200", "2005-12-31": "31.11700"}, "EBITDA": {"2019-12-31": "307.30000", "2018-12-31": "312.50010", "2017-12-31": "261.00000", "2016-12-31": "251.50000", "2015-12-31": "255.00000", "2014-12-31": "160.50000", "2013-12-31": "216.40000", "2012-12-31": "193.76400", "2011-12-31": "181.32800", "2010-12-31": "160.72300", "2009-12-31": "156.63400", "2008-12-31": "164.87200", "2007-12-31": "138.51100", "2006-12-31": "92.50200", "2005-12-31": "54.74600"}, "EBIT": {"2019-12-31": "189.60000", "2018-12-31": "215.80000", "2017-12-31": "169.80000", "2016-12-31": "180.80000", "2015-12-31": "190.60000", "2014-12-31": "105.60000", "2013-12-31": "170.70000", "2012-12-31": "150.66800", "2011-12-31": "138.41500", "2010-12-31": "121.05900", "2009-12-31": "124.67300", "2008-12-31": "138.87600", "2007-12-31": "117.25400", "2006-12-31": "77.52700", "2005-12-31": "46.48000"}, "Basic Shares Outstanding": {"2019-12-31": "42.70000", "2018-12-31": "42.60000", "2017-12-31": "42.70000", "2016-12-31": "43.00000", "2015-12-31": "44.20000", "2014-12-31": "44.70000", "2013-12-31": "46.20000", "2012-12-31": "48.49700", "2011-12-31": "50.03200", "2010-12-31": "49.24900", "2009-12-31": "48.11200", "2008-12-31": "46.13900", "2007-12-31": "43.21600", "2006-12-31": "41.17600", "2005-12-31": "39.39200"}, "Shares Outstanding": {"2019-12-31": "43.20000", "2018-12-31": "43.00000", "2017-12-31": "43.00000", "2016-12-31": "43.30000", "2015-12-31": "44.30000", "2014-12-31": "44.90000", "2013-12-31": "46.50000", "2012-12-31": "49.14800", "2011-12-31": "50.98800", "2010-12-31": "50.55500", "2009-12-31": "49.79300", "2008-12-31": "49.21300", "2007-12-31": "48.16500", "2006-12-31": "46.72300", "2005-12-31": "44.45900"}, "Basic EPS": {"2019-12-31": "3.56000", "2018-12-31": "4.30000", "2017-12-31": "3.21000", "2016-12-31": "3.74000", "2015-12-31": "3.00000", "2014-12-31": "1.75000", "2013-12-31": "2.68000", "2012-12-31": "2.23000", "2011-12-31": "1.96000", "2010-12-31": "1.75000", "2009-12-31": "1.71000", "2008-12-31": "1.94000", "2007-12-31": "1.71000", "2006-12-31": "1.26000", "2005-12-31": "0.79000"}, "EPS - Earnings Per Share": {"2019-12-31": "3.52000", "2018-12-31": "4.25000", "2017-12-31": "3.18000", "2016-12-31": "3.72000", "2015-12-31": "3.00000", "2014-12-31": "1.74000", "2013-12-31": "2.66000", "2012-12-31": "2.20000", "2011-12-31": "1.92000", "2010-12-31": "1.70000", "2009-12-31": "1.65000", "2008-12-31": "1.82000", "2007-12-31": "1.53000", "2006-12-31": "1.11000", "2005-12-31": "0.70000"}}, "income statement, quarterly": {"Revenue": {"2020-09-30": "357.20000", "2020-06-30": "327.90000", "2020-03-31": "324.00000", "2019-12-31": "332.40010", "2019-09-30": "313.80000", "2019-06-30": "273.90000", "2019-03-31": "258.90000", "2018-12-31": "262.70000", "2018-09-30": "261.30000", "2018-06-30": "252.40000", "2018-03-31": "243.50000", "2017-12-31": "243.10000", "2017-09-30": "229.90000", "2017-06-30": "229.20000", "2017-03-31": "209.50000", "2016-12-31": "212.20000", "2016-09-30": "196.10000", "2016-06-30": "198.20000", "2016-03-31": "192.10000", "2015-12-31": "201.60000", "2015-09-30": "195.30000", "2015-06-30": "202.10000", "2015-03-31": "189.80000", "2014-12-31": "196.40000", "2014-09-30": "193.10000", "2014-06-30": "189.40000", "2014-03-31": "181.20000", "2013-12-31": "180.53400", "2013-09-30": "173.48200", "2013-06-30": "175.42800", "2013-03-31": "168.85600", "2012-12-31": "170.60900", "2012-09-30": "160.95200", "2012-06-30": "165.96800", "2012-03-31": "160.75900", "2011-12-31": "158.57100", "2011-09-30": "160.05100", "2011-06-30": "161.01100", "2011-03-31": "151.76700", "2010-12-31": "151.15300", "2010-09-30": "139.81700", "2010-06-30": "136.09100", "2010-03-31": "128.29000", "2009-12-31": "122.64300", "2009-09-30": "120.08800", "2009-06-30": "119.53300", "2009-03-31": "116.73200", "2008-12-31": "119.27100", "2008-09-30": "125.50500", "2008-06-30": "132.23700", "2008-03-31": "125.44400", "2007-12-31": "118.11600", "2007-09-30": "111.85900", "2007-06-30": "109.68500", "2007-03-31": "95.44700", "2006-12-31": "87.03700", "2006-09-30": "81.82100", "2006-06-30": "76.25700", "2006-03-31": "70.06000", "2005-12-31": "60.74000", "2005-09-30": "56.92700", "2005-06-30": "56.24300", "2005-03-31": "53.20400"}, "Cost Of Goods Sold": {"2020-09-30": "138.70000", "2020-06-30": "131.10000", "2020-03-31": "137.00000", "2019-12-31": "142.10000", "2019-09-30": "128.40000", "2019-06-30": "107.50000", "2019-03-31": "105.10000", "2018-12-31": "108.90000", "2018-09-30": "100.00000", "2018-06-30": "99.80000", "2018-03-31": "102.40000", "2017-12-31": "103.40000", "2017-09-30": "90.90000", "2017-06-30": "95.30000", "2017-03-31": "97.00000", "2016-12-31": "88.00000", "2016-09-30": "84.90000", "2016-06-30": "86.10000", "2016-03-31": "85.30000", "2015-12-31": "84.80000", "2015-09-30": "83.40000", "2015-06-30": "83.20000", "2015-03-31": "78.70000", "2014-12-31": "81.30000", "2014-09-30": "80.00000", "2014-06-30": "81.50000", "2014-03-31": "75.80000", "2013-12-31": "72.90100", "2013-09-30": "72.42200", "2013-06-30": "64.42700", "2013-03-31": "61.65000", "2012-12-31": "86.44700", "2012-09-30": "60.56800", "2012-06-30": "49.45200", "2012-03-31": "50.31600", "2011-12-31": "101.36000", "2011-09-30": "48.07400", "2011-06-30": "45.18600", "2011-03-31": "40.66900", "2010-12-31": "42.30100", "2010-09-30": "40.71300", "2010-06-30": "39.73800", "2010-03-31": "34.31600", "2009-12-31": "35.71600", "2009-09-30": "31.95400", "2009-06-30": "30.69400", "2009-03-31": "30.25200", "2008-12-31": "31.15500", "2008-09-30": "32.82800", "2008-06-30": "33.16400", "2008-03-31": "32.93800", "2007-12-31": "30.22800", "2007-09-30": "28.67400", "2007-06-30": "29.02000", "2007-03-31": "25.85500", "2006-12-31": "23.86100", "2006-09-30": "22.38900", "2006-06-30": "22.05200", "2006-03-31": "18.67300", "2005-12-31": "16.56100", "2005-09-30": "16.26100", "2005-06-30": "15.67400", "2005-03-31": "15.91200"}, "Gross Profit": {"2020-09-30": "218.50000", "2020-06-30": "196.80000", "2020-03-31": "187.00000", "2019-12-31": "190.30000", "2019-09-30": "185.40000", "2019-06-30": "166.40000", "2019-03-31": "153.80000", "2018-12-31": "153.80000", "2018-09-30": "161.30000", "2018-06-30": "152.60000", "2018-03-31": "141.10000", "2017-12-31": "139.70000", "2017-09-30": "139.00000", "2017-06-30": "133.90000", "2017-03-31": "112.50000", "2016-12-31": "124.20000", "2016-09-30": "111.20000", "2016-06-30": "112.10000", "2016-03-31": "106.80000", "2015-12-31": "116.80000", "2015-09-30": "111.90000", "2015-06-30": "118.90000", "2015-03-31": "111.10000", "2014-12-31": "115.10000", "2014-09-30": "113.10000", "2014-06-30": "107.90000", "2014-03-31": "105.40000", "2013-12-31": "107.63300", "2013-09-30": "101.06000", "2013-06-30": "111.00100", "2013-03-31": "107.20600", "2012-12-31": "84.16200", "2012-09-30": "100.38400", "2012-06-30": "116.51600", "2012-03-31": "110.44300", "2011-12-31": "57.21100", "2011-09-30": "111.97700", "2011-06-30": "115.82500", "2011-03-31": "111.09800", "2010-12-31": "108.85200", "2010-09-30": "99.10400", "2010-06-30": "96.35300", "2010-03-31": "93.97400", "2009-12-31": "86.92700", "2009-09-30": "88.13400", "2009-06-30": "88.83900", "2009-03-31": "86.48000", "2008-12-31": "88.11600", "2008-09-30": "92.67700", "2008-06-30": "99.07300", "2008-03-31": "92.50600", "2007-12-31": "87.88800", "2007-09-30": "83.18500", "2007-06-30": "80.66500", "2007-03-31": "69.59200", "2006-12-31": "63.17600", "2006-09-30": "59.43200", "2006-06-30": "54.20500", "2006-03-31": "51.38700", "2005-12-31": "44.17900", "2005-09-30": "40.66600", "2005-06-30": "40.56900", "2005-03-31": "37.29200"}, "Research And Development Expenses": {"2020-09-30": "", "2020-06-30": "", "2020-03-31": "", "2019-12-31": "", "2019-09-30": "", "2019-06-30": "", "2019-03-31": "", "2018-12-31": "", "2018-09-30": "", "2018-06-30": "", "2018-03-31": "", "2017-12-31": "", "2017-09-30": "", "2017-06-30": "", "2017-03-31": "", "2016-12-31": "", "2016-09-30": "", "2016-06-30": "", "2016-03-31": "", "2015-12-31": "", "2015-09-30": "", "2015-06-30": "", "2015-03-31": "", "2014-12-31": "", "2014-09-30": "", "2014-06-30": "", "2014-03-31": "", "2013-12-31": "", "2013-09-30": "", "2013-06-30": "", "2013-03-31": "", "2012-12-31": "", "2012-09-30": "", "2012-06-30": "12.44200", "2012-03-31": "13.36500", "2011-12-31": "", "2011-09-30": "13.48200", "2011-06-30": "13.68100", "2011-03-31": "11.98800", "2010-12-31": "13.75300", "2010-09-30": "12.70300", "2010-06-30": "11.89900", "2010-03-31": "10.88900", "2009-12-31": "10.19300", "2009-09-30": "9.44700", "2009-06-30": "9.43800", "2009-03-31": "9.30000", "2008-12-31": "10.15300", "2008-09-30": "10.27100", "2008-06-30": "9.80100", "2008-03-31": "10.11500", "2007-12-31": "8.91700", "2007-09-30": "9.01000", "2007-06-30": "9.13400", "2007-03-31": "8.05500", "2006-12-31": "8.22100", "2006-09-30": "7.87600", "2006-06-30": "7.30600", "2006-03-31": "6.09100", "2005-12-31": "5.16300", "2005-09-30": "4.74900", "2005-06-30": "4.59300", "2005-03-31": "5.14900"}, "SG&A Expenses": {"2020-09-30": "138.40000", "2020-06-30": "101.80000", "2020-03-31": "108.30000", "2019-12-31": "116.90000", "2019-09-30": "101.20000", "2019-06-30": "89.70000", "2019-03-31": "80.80000", "2018-12-31": "79.00000", "2018-09-30": "71.20000", "2018-06-30": "75.40000", "2018-03-31": "70.70000", "2017-12-31": "70.70000", "2017-09-30": "64.40000", "2017-06-30": "66.40000", "2017-03-31": "62.60000", "2016-12-31": "55.60000", "2016-09-30": "48.90000", "2016-06-30": "50.40000", "2016-03-31": "47.90000", "2015-12-31": "50.00000", "2015-09-30": "49.30000", "2015-06-30": "52.90000", "2015-03-31": "51.50000", "2014-12-31": "54.00000", "2014-09-30": "53.20000", "2014-06-30": "58.30000", "2014-03-31": "54.50000", "2013-12-31": "53.84800", "2013-09-30": "45.19000", "2013-06-30": "56.15500", "2013-03-31": "55.30700", "2012-12-31": "59.22000", "2012-09-30": "49.69800", "2012-06-30": "52.31900", "2012-03-31": "56.50400", "2011-12-31": "51.02600", "2011-09-30": "53.68400", "2011-06-30": "52.97400", "2011-03-31": "57.09900", "2010-12-31": "51.22800", "2010-09-30": "46.34300", "2010-06-30": "47.54100", "2010-03-31": "43.20400", "2009-12-31": "44.44300", "2009-09-30": "38.37300", "2009-06-30": "37.86300", "2009-03-31": "34.68900", "2008-12-31": "42.22100", "2008-09-30": "41.96400", "2008-06-30": "41.42600", "2008-03-31": "41.54900", "2007-12-31": "40.22100", "2007-09-30": "37.06800", "2007-06-30": "37.59900", "2007-03-31": "32.81500", "2006-12-31": "30.08700", "2006-09-30": "26.75200", "2006-06-30": "25.67300", "2006-03-31": "23.69200", "2005-12-31": "23.10900", "2005-09-30": "21.34800", "2005-06-30": "20.98000", "2005-03-31": "22.86900"}, "Other Operating Income Or Expenses": {"2020-09-30": "", "2020-06-30": "", "2020-03-31": "", "2019-12-31": "", "2019-09-30": "", "2019-06-30": "", "2019-03-31": "", "2018-12-31": "", "2018-09-30": "", "2018-06-30": "", "2018-03-31": "", "2017-12-31": "", "2017-09-30": "", "2017-06-30": "", "2017-03-31": "", "2016-12-31": "", "2016-09-30": "", "2016-06-30": "", "2016-03-31": "", "2015-12-31": "", "2015-09-30": "", "2015-06-30": "", "2015-03-31": "", "2014-12-31": "", "2014-09-30": "", "2014-06-30": "-61.00000", "2014-03-31": "", "2013-12-31": "", "2013-09-30": "", "2013-06-30": "", "2013-03-31": "", "2012-12-31": "", "2012-09-30": "", "2012-06-30": "", "2012-03-31": "", "2011-12-31": "", "2011-09-30": "", "2011-06-30": "", "2011-03-31": "", "2010-12-31": "", "2010-09-30": "", "2010-06-30": "", "2010-03-31": "", "2009-12-31": "", "2009-09-30": "", "2009-06-30": "", "2009-03-31": "", "2008-12-31": "", "2008-09-30": "", "2008-06-30": "", "2008-03-31": "", "2007-12-31": "", "2007-09-30": "", "2007-06-30": "", "2007-03-31": "", "2006-12-31": "", "2006-09-30": "", "2006-06-30": "", "2006-03-31": "", "2005-12-31": "", "2005-09-30": "", "2005-06-30": "", "2005-03-31": ""}, "Operating Expenses": {"2020-09-30": "312.90000", "2020-06-30": "266.60000", "2020-03-31": "279.50000", "2019-12-31": "292.70000", "2019-09-30": "264.20000", "2019-06-30": "223.10000", "2019-03-31": "209.40000", "2018-12-31": "213.40000", "2018-09-30": "195.90000", "2018-06-30": "198.80000", "2018-03-31": "196.00000", "2017-12-31": "200.50000", "2017-09-30": "177.10000", "2017-06-30": "183.20000", "2017-03-31": "181.10000", "2016-12-31": "162.30000", "2016-09-30": "151.90000", "2016-06-30": "153.80000", "2016-03-31": "149.80000", "2015-12-31": "151.40000", "2015-09-30": "149.10000", "2015-06-30": "152.40000", "2015-03-31": "145.30000", "2014-12-31": "149.80000", "2014-09-30": "147.80000", "2014-06-30": "214.20000", "2014-03-31": "142.70000", "2013-12-31": "138.59100", "2013-09-30": "128.86900", "2013-06-30": "131.84400", "2013-03-31": "128.29600", "2012-12-31": "131.34000", "2012-09-30": "121.08800", "2012-06-30": "124.83200", "2012-03-31": "130.36000", "2011-12-31": "124.43600", "2011-09-30": "126.18700", "2011-06-30": "122.40400", "2011-03-31": "119.95800", "2010-12-31": "118.86400", "2010-09-30": "109.65600", "2010-06-30": "108.42400", "2010-03-31": "97.34800", "2009-12-31": "98.96600", "2009-09-30": "86.40500", "2009-06-30": "86.84500", "2009-03-31": "82.10700", "2008-12-31": "90.82600", "2008-09-30": "91.32900", "2008-06-30": "90.66700", "2008-03-31": "90.75900", "2007-12-31": "84.78000", "2007-09-30": "80.41400", "2007-06-30": "81.23900", "2007-03-31": "71.42000", "2006-12-31": "66.70400", "2006-09-30": "61.28400", "2006-06-30": "58.79800", "2006-03-31": "50.86200", "2005-12-31": "46.62900", "2005-09-30": "44.58000", "2005-06-30": "43.09900", "2005-03-31": "46.32600"}, "Operating Income": {"2020-09-30": "44.30000", "2020-06-30": "61.30000", "2020-03-31": "44.50000", "2019-12-31": "39.70000", "2019-09-30": "49.60000", "2019-06-30": "50.80000", "2019-03-31": "49.50000", "2018-12-31": "49.30010", "2018-09-30": "65.40000", "2018-06-30": "53.60000", "2018-03-31": "47.50000", "2017-12-31": "42.60000", "2017-09-30": "52.80000", "2017-06-30": "46.00000", "2017-03-31": "28.40000", "2016-12-31": "49.90000", "2016-09-30": "44.20000", "2016-06-30": "44.40000", "2016-03-31": "42.30000", "2015-12-31": "50.20000", "2015-09-30": "46.20000", "2015-06-30": "49.70000", "2015-03-31": "44.50000", "2014-12-31": "46.60000", "2014-09-30": "45.30000", "2014-06-30": "-24.80000", "2014-03-31": "38.50000", "2013-12-31": "41.94300", "2013-09-30": "44.61300", "2013-06-30": "43.58400", "2013-03-31": "40.56000", "2012-12-31": "39.26910", "2012-09-30": "39.86400", "2012-06-30": "41.13600", "2012-03-31": "30.39900", "2011-12-31": "34.13500", "2011-09-30": "33.86400", "2011-06-30": "38.60700", "2011-03-31": "31.80900", "2010-12-31": "32.28900", "2010-09-30": "30.16100", "2010-06-30": "27.66700", "2010-03-31": "30.94200", "2009-12-31": "23.67700", "2009-09-30": "33.68300", "2009-06-30": "32.68800", "2009-03-31": "34.62500", "2008-12-31": "28.44500", "2008-09-30": "34.17600", "2008-06-30": "41.57000", "2008-03-31": "34.68500", "2007-12-31": "33.33600", "2007-09-30": "31.44500", "2007-06-30": "28.44600", "2007-03-31": "24.02700", "2006-12-31": "20.33300", "2006-09-30": "20.53700", "2006-06-30": "17.45900", "2006-03-31": "19.19800", "2005-12-31": "14.11100", "2005-09-30": "12.34700", "2005-06-30": "13.14400", "2005-03-31": "6.87800"}, "Total Non-Operating Income/Expense": {"2020-09-30": "48.20000", "2020-06-30": "2.60000", "2020-03-31": "-11.30000", "2019-12-31": "-4.00000", "2019-09-30": "13.90000", "2019-06-30": "2.30000", "2019-03-31": "-3.30000", "2018-12-31": "-0.90000", "2018-09-30": "7.30000", "2018-06-30": "1.40000", "2018-03-31": "9.30000", "2017-12-31": "-0.70000", "2017-09-30": "-2.00000", "2017-06-30": "15.30000", "2017-03-31": "-1.30000", "2016-12-31": "38.50000", "2016-09-30": "2.10000", "2016-06-30": "3.00000", "2016-03-31": "0.50000", "2015-12-31": "1.50000", "2015-09-30": "1.40000", "2015-06-30": "0.60000", "2015-03-31": "-0.40000", "2014-12-31": "1.90000", "2014-09-30": "-0.30000", "2014-06-30": "5.90000", "2014-03-31": "0.90000", "2013-12-31": "2.47300", "2013-09-30": "0.77100", "2013-06-30": "3.11100", "2013-03-31": "0.94500", "2012-12-31": "-0.57700", "2012-09-30": "1.88000", "2012-06-30": "0.99500", "2012-03-31": "0.65900", "2011-12-31": "1.50500", "2011-09-30": "-0.57900", "2011-06-30": "0.00900", "2011-03-31": "0.77400", "2010-12-31": "0.68400", "2010-09-30": "6.20600", "2010-06-30": "0.02100", "2010-03-31": "-0.17900", "2009-12-31": "-0.36500", "2009-09-30": "0.79300", "2009-06-30": "1.97200", "2009-03-31": "0.53400", "2008-12-31": "-0.01300", "2008-09-30": "1.32700", "2008-06-30": "1.14700", "2008-03-31": "1.79100", "2007-12-31": "1.12800", "2007-09-30": "2.22000", "2007-06-30": "1.36800", "2007-03-31": "1.51300", "2006-12-31": "1.42100", "2006-09-30": "1.13800", "2006-06-30": "0.67200", "2006-03-31": "0.93300", "2005-12-31": "1.23900", "2005-09-30": "0.84600", "2005-06-30": "0.40500", "2005-03-31": "0.70900"}, "Pre-Tax Income": {"2020-09-30": "92.50000", "2020-06-30": "63.90000", "2020-03-31": "33.20000", "2019-12-31": "35.70000", "2019-09-30": "63.50000", "2019-06-30": "53.10000", "2019-03-31": "46.20000", "2018-12-31": "48.40000", "2018-09-30": "72.70000", "2018-06-30": "55.00000", "2018-03-31": "56.80000", "2017-12-31": "41.90000", "2017-09-30": "50.80000", "2017-06-30": "61.30000", "2017-03-31": "27.10000", "2016-12-31": "88.40000", "2016-09-30": "46.30000", "2016-06-30": "47.40000", "2016-03-31": "42.80000", "2015-12-31": "51.70000", "2015-09-30": "47.60000", "2015-06-30": "50.30000", "2015-03-31": "44.10000", "2014-12-31": "48.50000", "2014-09-30": "45.00000", "2014-06-30": "-18.90000", "2014-03-31": "39.40000", "2013-12-31": "44.41600", "2013-09-30": "45.38400", "2013-06-30": "46.69500", "2013-03-31": "41.50500", "2012-12-31": "38.69200", "2012-09-30": "41.74400", "2012-06-30": "42.13100", "2012-03-31": "31.05800", "2011-12-31": "35.64000", "2011-09-30": "33.28500", "2011-06-30": "38.61600", "2011-03-31": "32.58300", "2010-12-31": "32.97300", "2010-09-30": "36.36700", "2010-06-30": "27.68800", "2010-03-31": "30.76300", "2009-12-31": "23.31200", "2009-09-30": "34.47600", "2009-06-30": "34.66000", "2009-03-31": "35.15900", "2008-12-31": "28.43200", "2008-09-30": "35.50300", "2008-06-30": "42.71700", "2008-03-31": "36.47600", "2007-12-31": "34.46400", "2007-09-30": "33.66500", "2007-06-30": "29.81400", "2007-03-31": "25.54000", "2006-12-31": "21.75400", "2006-09-30": "21.67500", "2006-06-30": "18.13100", "2006-03-31": "20.13100", "2005-12-31": "15.35000", "2005-09-30": "13.19300", "2005-06-30": "13.54900", "2005-03-31": "7.58700"}, "Income Taxes": {"2020-09-30": "16.90000", "2020-06-30": "15.20000", "2020-03-31": "8.50000", "2019-12-31": "9.10000", "2019-09-30": "13.30000", "2019-06-30": "11.70000", "2019-03-31": "11.50000", "2018-12-31": "5.50000", "2018-09-30": "16.10000", "2018-06-30": "12.80000", "2018-03-31": "13.40000", "2017-12-31": "2.70000", "2017-09-30": "16.90000", "2017-06-30": "15.00000", "2017-03-31": "8.30000", "2016-12-31": "17.20000", "2016-09-30": "16.50000", "2016-06-30": "15.40000", "2016-03-31": "14.60000", "2015-12-31": "14.60000", "2015-09-30": "14.60000", "2015-06-30": "18.70000", "2015-03-31": "14.80000", "2014-12-31": "15.50000", "2014-09-30": "15.10000", "2014-06-30": "-8.60000", "2014-03-31": "13.70000", "2013-12-31": "13.35300", "2013-09-30": "14.26500", "2013-06-30": "15.95500", "2013-03-31": "12.42700", "2012-12-31": "11.43700", "2012-09-30": "15.18600", "2012-06-30": "14.74400", "2012-03-31": "11.51100", "2011-12-31": "8.07300", "2011-09-30": "12.34300", "2011-06-30": "12.72400", "2011-03-31": "10.51800", "2010-12-31": "9.61900", "2010-09-30": "11.91700", "2010-06-30": "10.22500", "2010-03-31": "10.99500", "2009-12-31": "9.67600", "2009-09-30": "12.40700", "2009-06-30": "14.02400", "2009-03-31": "10.66800", "2008-12-31": "12.29600", "2008-09-30": "13.54700", "2008-06-30": "15.07600", "2008-03-31": "13.50400", "2007-12-31": "14.73900", "2007-09-30": "14.22900", "2007-06-30": "11.99600", "2007-03-31": "10.29100", "2006-12-31": "8.52500", "2006-09-30": "9.22800", "2006-06-30": "7.62400", "2006-03-31": "7.59800", "2005-12-31": "5.70700", "2005-09-30": "5.85700", "2005-06-30": "4.60000", "2005-03-31": "4.06000"}, "Income After Taxes": {"2020-09-30": "75.60000", "2020-06-30": "48.70000", "2020-03-31": "24.70000", "2019-12-31": "26.60000", "2019-09-30": "50.20000", "2019-06-30": "41.40000", "2019-03-31": "34.70000", "2018-12-31": "42.90000", "2018-09-30": "56.60000", "2018-06-30": "42.20000", "2018-03-31": "43.40000", "2017-12-31": "39.20000", "2017-09-30": "33.90000", "2017-06-30": "46.30000", "2017-03-31": "18.80000", "2016-12-31": "71.20000", "2016-09-30": "29.80000", "2016-06-30": "32.00000", "2016-03-31": "28.20000", "2015-12-31": "37.10000", "2015-09-30": "33.00000", "2015-06-30": "31.60000", "2015-03-31": "29.30000", "2014-12-31": "33.00000", "2014-09-30": "29.90000", "2014-06-30": "-10.30000", "2014-03-31": "25.70000", "2013-12-31": "31.06300", "2013-09-30": "31.11900", "2013-06-30": "30.74000", "2013-03-31": "29.07800", "2012-12-31": "27.25500", "2012-09-30": "26.55800", "2012-06-30": "27.38700", "2012-03-31": "19.54700", "2011-12-31": "27.56700", "2011-09-30": "20.94200", "2011-06-30": "25.89200", "2011-03-31": "22.06500", "2010-12-31": "23.35400", "2010-09-30": "24.45000", "2010-06-30": "17.46300", "2010-03-31": "19.76800", "2009-12-31": "13.63600", "2009-09-30": "22.06900", "2009-06-30": "20.63600", "2009-03-31": "24.49100", "2008-12-31": "16.13600", "2008-09-30": "21.95600", "2008-06-30": "27.64100", "2008-03-31": "22.97200", "2007-12-31": "19.72500", "2007-09-30": "19.43600", "2007-06-30": "17.81800", "2007-03-31": "15.24900", "2006-12-31": "13.22900", "2006-09-30": "12.44700", "2006-06-30": "10.50700", "2006-03-31": "12.53300", "2005-12-31": "9.64300", "2005-09-30": "7.33600", "2005-06-30": "8.94900", "2005-03-31": "3.52700"}, "Other Income": {"2020-09-30": "", "2020-06-30": "", "2020-03-31": "", "2019-12-31": "", "2019-09-30": "", "2019-06-30": "", "2019-03-31": "", "2018-12-31": "", "2018-09-30": "", "2018-06-30": "", "2018-03-31": "", "2017-12-31": "", "2017-09-30": "", "2017-06-30": "", "2017-03-31": "", "2016-12-31": "", "2016-09-30": "", "2016-06-30": "", "2016-03-31": "", "2015-12-31": "", "2015-09-30": "", "2015-06-30": "", "2015-03-31": "", "2014-12-31": "", "2014-09-30": "", "2014-06-30": "", "2014-03-31": "", "2013-12-31": "", "2013-09-30": "", "2013-06-30": "", "2013-03-31": "", "2012-12-31": "", "2012-09-30": "", "2012-06-30": "", "2012-03-31": "", "2011-12-31": "", "2011-09-30": "", "2011-06-30": "", "2011-03-31": "", "2010-12-31": "", "2010-09-30": "", "2010-06-30": "", "2010-03-31": "", "2009-12-31": "", "2009-09-30": "", "2009-06-30": "", "2009-03-31": "", "2008-12-31": "", "2008-09-30": "", "2008-06-30": "", "2008-03-31": "", "2007-12-31": "", "2007-09-30": "", "2007-06-30": "", "2007-03-31": "", "2006-12-31": "", "2006-09-30": "", "2006-06-30": "", "2006-03-31": "", "2005-12-31": "", "2005-09-30": "", "2005-06-30": "", "2005-03-31": ""}, "Income From Continuous Operations": {"2020-09-30": "76.20000", "2020-06-30": "48.20000", "2020-03-31": "23.90000", "2019-12-31": "27.60000", "2019-09-30": "49.10000", "2019-06-30": "42.10000", "2019-03-31": "33.20000", "2018-12-31": "42.40000", "2018-09-30": "56.90000", "2018-06-30": "41.80000", "2018-03-31": "41.90000", "2017-12-31": "38.90000", "2017-09-30": "33.90000", "2017-06-30": "46.10000", "2017-03-31": "18.00000", "2016-12-31": "70.30000", "2016-09-30": "30.20000", "2016-06-30": "31.80000", "2016-03-31": "28.70000", "2015-12-31": "37.30000", "2015-09-30": "33.50000", "2015-06-30": "32.20000", "2015-03-31": "29.80000", "2014-12-31": "31.60000", "2014-09-30": "30.20000", "2014-06-30": "-9.80000", "2014-03-31": "26.30000", "2013-12-31": "31.29100", "2013-09-30": "31.43400", "2013-06-30": "31.10000", "2013-03-31": "29.57500", "2012-12-31": "27.74100", "2012-09-30": "27.03600", "2012-06-30": "27.88400", "2012-03-31": "20.11300", "2011-12-31": "28.01800", "2011-09-30": "21.37000", "2011-06-30": "26.48700", "2011-03-31": "22.43900", "2010-12-31": "23.60000", "2010-09-30": "24.78300", "2010-06-30": "17.91700", "2010-03-31": "20.15700", "2009-12-31": "14.01100", "2009-09-30": "22.49800", "2009-06-30": "20.61500", "2009-03-31": "24.87300", "2008-12-31": "16.39200", "2008-09-30": "22.22400", "2008-06-30": "28.08600", "2008-03-31": "23.32400", "2007-12-31": "20.01000", "2007-09-30": "19.85300", "2007-06-30": "18.27300", "2007-03-31": "15.78600", "2006-12-31": "13.61100", "2006-09-30": "13.54700", "2006-06-30": "11.16500", "2006-03-31": "13.18000", "2005-12-31": "10.09300", "2005-09-30": "7.51900", "2005-06-30": "9.49800", "2005-03-31": "4.00700"}, "Income From Discontinued Operations": {"2020-09-30": "", "2020-06-30": "", "2020-03-31": "", "2019-12-31": "", "2019-09-30": "", "2019-06-30": "", "2019-03-31": "", "2018-12-31": "", "2018-09-30": "", "2018-06-30": "", "2018-03-31": "", "2017-12-31": "", "2017-09-30": "", "2017-06-30": "", "2017-03-31": "", "2016-12-31": "", "2016-09-30": "", "2016-06-30": "", "2016-03-31": "", "2015-12-31": "", "2015-09-30": "", "2015-06-30": "", "2015-03-31": "", "2014-12-31": "", "2014-09-30": "", "2014-06-30": "", "2014-03-31": "", "2013-12-31": "", "2013-09-30": "", "2013-06-30": "", "2013-03-31": "", "2012-12-31": "", "2012-09-30": "", "2012-06-30": "", "2012-03-31": "", "2011-12-31": "", "2011-09-30": "", "2011-06-30": "", "2011-03-31": "", "2010-12-31": "", "2010-09-30": "", "2010-06-30": "", "2010-03-31": "", "2009-12-31": "", "2009-09-30": "", "2009-06-30": "", "2009-03-31": "", "2008-12-31": "", "2008-09-30": "", "2008-06-30": "", "2008-03-31": "", "2007-12-31": "", "2007-09-30": "", "2007-06-30": "", "2007-03-31": "", "2006-12-31": "", "2006-09-30": "", "2006-06-30": "", "2006-03-31": "", "2005-12-31": "", "2005-09-30": "", "2005-06-30": "", "2005-03-31": ""}, "Net Income": {"2020-09-30": "76.20000", "2020-06-30": "48.20000", "2020-03-31": "23.90000", "2019-12-31": "27.60000", "2019-09-30": "49.10000", "2019-06-30": "42.10000", "2019-03-31": "33.20000", "2018-12-31": "42.40000", "2018-09-30": "56.90000", "2018-06-30": "41.80000", "2018-03-31": "41.90000", "2017-12-31": "38.90000", "2017-09-30": "33.90000", "2017-06-30": "46.10000", "2017-03-31": "18.00000", "2016-12-31": "70.30000", "2016-09-30": "30.20000", "2016-06-30": "31.80000", "2016-03-31": "28.70000", "2015-12-31": "37.20000", "2015-09-30": "33.50000", "2015-06-30": "32.20000", "2015-03-31": "29.70000", "2014-12-31": "31.50000", "2014-09-30": "30.20000", "2014-06-30": "-9.80000", "2014-03-31": "26.40000", "2013-12-31": "31.34800", "2013-09-30": "31.45200", "2013-06-30": "31.11000", "2013-03-31": "29.59000", "2012-12-31": "33.17600", "2012-09-30": "27.00500", "2012-06-30": "27.82300", "2012-03-31": "20.07500", "2011-12-31": "28.10000", "2011-09-30": "21.31500", "2011-06-30": "26.40500", "2011-03-31": "22.53700", "2010-12-31": "23.50300", "2010-09-30": "24.67700", "2010-06-30": "18.00200", "2010-03-31": "20.18800", "2009-12-31": "14.10300", "2009-09-30": "22.52000", "2009-06-30": "20.54400", "2009-03-31": "24.96200", "2008-12-31": "16.36700", "2008-09-30": "22.18700", "2008-06-30": "27.99900", "2008-03-31": "23.07600", "2007-12-31": "20.01000", "2007-09-30": "19.85300", "2007-06-30": "18.27300", "2007-03-31": "15.78600", "2006-12-31": "13.61100", "2006-09-30": "13.54700", "2006-06-30": "11.16500", "2006-03-31": "13.43900", "2005-12-31": "10.09300", "2005-09-30": "7.51900", "2005-06-30": "9.49800", "2005-03-31": "4.00700"}, "EBITDA": {"2020-09-30": "80.10000", "2020-06-30": "95.00000", "2020-03-31": "78.70000", "2019-12-31": "73.40000", "2019-09-30": "84.20000", "2019-06-30": "76.70000", "2019-03-31": "73.00000", "2018-12-31": "74.80010", "2018-09-30": "90.10000", "2018-06-30": "77.20000", "2018-03-31": "70.40000", "2017-12-31": "69.00000", "2017-09-30": "74.60000", "2017-06-30": "67.50000", "2017-03-31": "49.90000", "2016-12-31": "68.60000", "2016-09-30": "62.30000", "2016-06-30": "61.70000", "2016-03-31": "58.90000", "2015-12-31": "66.80000", "2015-09-30": "62.60000", "2015-06-30": "66.00000", "2015-03-31": "59.60000", "2014-12-31": "61.20000", "2014-09-30": "59.80000", "2014-06-30": "-11.40000", "2014-03-31": "50.90000", "2013-12-31": "53.78500", "2013-09-30": "55.87000", "2013-06-30": "54.84600", "2013-03-31": "51.89900", "2012-12-31": "50.74910", "2012-09-30": "50.68600", "2012-06-30": "51.75500", "2012-03-31": "40.57400", "2011-12-31": "45.33600", "2011-09-30": "44.81100", "2011-06-30": "49.17000", "2011-03-31": "42.01100", "2010-12-31": "43.87100", "2010-09-30": "40.05800", "2010-06-30": "36.91300", "2010-03-31": "39.88100", "2009-12-31": "32.29100", "2009-09-30": "40.31400", "2009-06-30": "41.53800", "2009-03-31": "42.49100", "2008-12-31": "35.74200", "2008-09-30": "40.44200", "2008-06-30": "47.84600", "2008-03-31": "40.84200", "2007-12-31": "38.75000", "2007-09-30": "37.10700", "2007-06-30": "33.93200", "2007-03-31": "28.72200", "2006-12-31": "24.86800", "2006-09-30": "24.80400", "2006-06-30": "21.22600", "2006-03-31": "21.60400", "2005-12-31": "15.90700", "2005-09-30": "14.56900", "2005-06-30": "14.99600", "2005-03-31": "9.27400"}, "EBIT": {"2020-09-30": "44.30000", "2020-06-30": "61.30000", "2020-03-31": "44.50000", "2019-12-31": "39.70000", "2019-09-30": "49.60000", "2019-06-30": "50.80000", "2019-03-31": "49.50000", "2018-12-31": "49.30010", "2018-09-30": "65.40000", "2018-06-30": "53.60000", "2018-03-31": "47.50000", "2017-12-31": "42.60000", "2017-09-30": "52.80000", "2017-06-30": "46.00000", "2017-03-31": "28.40000", "2016-12-31": "49.90000", "2016-09-30": "44.20000", "2016-06-30": "44.40000", "2016-03-31": "42.30000", "2015-12-31": "50.20000", "2015-09-30": "46.20000", "2015-06-30": "49.70000", "2015-03-31": "44.50000", "2014-12-31": "46.60000", "2014-09-30": "45.30000", "2014-06-30": "-24.80000", "2014-03-31": "38.50000", "2013-12-31": "41.94300", "2013-09-30": "44.61300", "2013-06-30": "43.58400", "2013-03-31": "40.56000", "2012-12-31": "39.26900", "2012-09-30": "39.86400", "2012-06-30": "41.13600", "2012-03-31": "30.39900", "2011-12-31": "34.13500", "2011-09-30": "33.86400", "2011-06-30": "38.60700", "2011-03-31": "31.80900", "2010-12-31": "32.28900", "2010-09-30": "30.16100", "2010-06-30": "27.66700", "2010-03-31": "30.94200", "2009-12-31": "23.67700", "2009-09-30": "33.68300", "2009-06-30": "32.68800", "2009-03-31": "34.62500", "2008-12-31": "28.44500", "2008-09-30": "34.17600", "2008-06-30": "41.57000", "2008-03-31": "34.68500", "2007-12-31": "33.33600", "2007-09-30": "31.44500", "2007-06-30": "28.44600", "2007-03-31": "24.02700", "2006-12-31": "20.33300", "2006-09-30": "20.53700", "2006-06-30": "17.45900", "2006-03-31": "19.19800", "2005-12-31": "14.11100", "2005-09-30": "12.34700", "2005-06-30": "13.14400", "2005-03-31": "6.87800"}, "Basic Shares Outstanding": {"2020-09-30": "42.90000", "2020-06-30": "42.90000", "2020-03-31": "42.90000", "2019-12-31": "42.70000", "2019-09-30": "42.80000", "2019-06-30": "42.70000", "2019-03-31": "42.60000", "2018-12-31": "42.60000", "2018-09-30": "42.60000", "2018-06-30": "42.60000", "2018-03-31": "42.50000", "2017-12-31": "42.70000", "2017-09-30": "42.50000", "2017-06-30": "42.90000", "2017-03-31": "42.90000", "2016-12-31": "43.00000", "2016-09-30": "43.10000", "2016-06-30": "43.00000", "2016-03-31": "43.00000", "2015-12-31": "44.20000", "2015-09-30": "44.20000", "2015-06-30": "44.30000", "2015-03-31": "44.30000", "2014-12-31": "44.70000", "2014-09-30": "44.70000", "2014-06-30": "44.80000", "2014-03-31": "44.80000", "2013-12-31": "46.20000", "2013-09-30": "46.08000", "2013-06-30": "46.40000", "2013-03-31": "46.40600", "2012-12-31": "48.49700", "2012-09-30": "47.97500", "2012-06-30": "49.19500", "2012-03-31": "49.93800", "2011-12-31": "50.03200", "2011-09-30": "50.27800", "2011-06-30": "50.16500", "2011-03-31": "49.80000", "2010-12-31": "49.24900", "2010-09-30": "49.40100", "2010-06-30": "49.23400", "2010-03-31": "48.82800", "2009-12-31": "48.11200", "2009-09-30": "48.45700", "2009-06-30": "47.94100", "2009-03-31": "47.37800", "2008-12-31": "46.13900", "2008-09-30": "46.49900", "2008-06-30": "45.92100", "2008-03-31": "45.22400", "2007-12-31": "43.21600", "2007-09-30": "43.39300", "2007-06-30": "42.85200", "2007-03-31": "42.40100", "2006-12-31": "41.17600", "2006-09-30": "41.44800", "2006-06-30": "40.92500", "2006-03-31": "40.35500", "2005-12-31": "39.39200", "2005-09-30": "39.92200", "2005-06-30": "39.06400", "2005-03-31": "38.44800"}, "Shares Outstanding": {"2020-09-30": "43.20000", "2020-06-30": "43.20000", "2020-03-31": "43.30000", "2019-12-31": "43.20000", "2019-09-30": "43.20000", "2019-06-30": "43.10000", "2019-03-31": "43.00000", "2018-12-31": "43.00000", "2018-09-30": "43.10000", "2018-06-30": "43.00000", "2018-03-31": "42.90000", "2017-12-31": "43.00000", "2017-09-30": "42.80000", "2017-06-30": "43.10000", "2017-03-31": "43.20000", "2016-12-31": "43.30000", "2016-09-30": "43.30000", "2016-06-30": "43.30000", "2016-03-31": "43.10000", "2015-12-31": "44.30000", "2015-09-30": "44.30000", "2015-06-30": "44.40000", "2015-03-31": "44.50000", "2014-12-31": "44.90000", "2014-09-30": "44.90000", "2014-06-30": "44.80000", "2014-03-31": "45.10000", "2013-12-31": "46.50000", "2013-09-30": "46.51900", "2013-06-30": "46.85300", "2013-03-31": "46.81400", "2012-12-31": "49.14800", "2012-09-30": "48.48100", "2012-06-30": "49.85600", "2012-03-31": "50.75800", "2011-12-31": "50.98800", "2011-09-30": "51.12300", "2011-06-30": "51.14200", "2011-03-31": "50.95300", "2010-12-31": "50.55500", "2010-09-30": "50.54400", "2010-06-30": "50.53300", "2010-03-31": "50.33200", "2009-12-31": "49.79300", "2009-09-30": "50.04800", "2009-06-30": "49.63100", "2009-03-31": "49.16700", "2008-12-31": "49.21300", "2008-09-30": "49.42100", "2008-06-30": "49.29000", "2008-03-31": "49.01000", "2007-12-31": "48.16500", "2007-09-30": "48.23200", "2007-06-30": "47.86800", "2007-03-31": "47.38100", "2006-12-31": "46.72300", "2006-09-30": "46.57800", "2006-06-30": "46.68400", "2006-03-31": "46.42400", "2005-12-31": "44.45900", "2005-09-30": "45.35400", "2005-06-30": "43.74200", "2005-03-31": "42.94400"}, "Basic EPS": {"2020-09-30": "1.78000", "2020-06-30": "1.13000", "2020-03-31": "0.56000", "2019-12-31": "0.64000", "2019-09-30": "1.15000", "2019-06-30": "0.99000", "2019-03-31": "0.78000", "2018-12-31": "1.00000", "2018-09-30": "1.33000", "2018-06-30": "0.98000", "2018-03-31": "0.99000", "2017-12-31": "0.92000", "2017-09-30": "0.80000", "2017-06-30": "1.07000", "2017-03-31": "0.42000", "2016-12-31": "1.63000", "2016-09-30": "0.70000", "2016-06-30": "0.74000", "2016-03-31": "0.67000", "2015-12-31": "0.84000", "2015-09-30": "0.76000", "2015-06-30": "0.73000", "2015-03-31": "0.67000", "2014-12-31": "0.71000", "2014-09-30": "0.67000", "2014-06-30": "-0.22000", "2014-03-31": "0.59000", "2013-12-31": "0.69000", "2013-09-30": "0.68000", "2013-06-30": "0.67000", "2013-03-31": "0.64000", "2012-12-31": "0.70000", "2012-09-30": "0.56000", "2012-06-30": "0.57000", "2012-03-31": "0.40000", "2011-12-31": "0.56000", "2011-09-30": "0.42000", "2011-06-30": "0.53000", "2011-03-31": "0.45000", "2010-12-31": "0.47000", "2010-09-30": "0.50000", "2010-06-30": "0.37000", "2010-03-31": "0.41000", "2009-12-31": "0.29000", "2009-09-30": "0.46000", "2009-06-30": "0.43000", "2009-03-31": "0.53000", "2008-12-31": "0.34000", "2008-09-30": "0.48000", "2008-06-30": "0.61000", "2008-03-31": "0.51000", "2007-12-31": "0.45000", "2007-09-30": "0.46000", "2007-06-30": "0.43000", "2007-03-31": "0.37000", "2006-12-31": "0.33000", "2006-09-30": "0.33000", "2006-06-30": "0.27000", "2006-03-31": "0.33000", "2005-12-31": "0.26000", "2005-09-30": "0.19000", "2005-06-30": "0.24000", "2005-03-31": "0.10000"}, "EPS - Earnings Per Share": {"2020-09-30": "1.76000", "2020-06-30": "1.12000", "2020-03-31": "0.55000", "2019-12-31": "0.63000", "2019-09-30": "1.14000", "2019-06-30": "0.98000", "2019-03-31": "0.77000", "2018-12-31": "0.98000", "2018-09-30": "1.32000", "2018-06-30": "0.97000", "2018-03-31": "0.98000", "2017-12-31": "0.90000", "2017-09-30": "0.79000", "2017-06-30": "1.07000", "2017-03-31": "0.42000", "2016-12-31": "1.62000", "2016-09-30": "0.70000", "2016-06-30": "0.73000", "2016-03-31": "0.67000", "2015-12-31": "0.85000", "2015-09-30": "0.76000", "2015-06-30": "0.72000", "2015-03-31": "0.67000", "2014-12-31": "0.71000", "2014-09-30": "0.67000", "2014-06-30": "-0.22000", "2014-03-31": "0.58000", "2013-12-31": "0.69000", "2013-09-30": "0.68000", "2013-06-30": "0.66000", "2013-03-31": "0.63000", "2012-12-31": "0.68000", "2012-09-30": "0.56000", "2012-06-30": "0.56000", "2012-03-31": "0.40000", "2011-12-31": "0.54000", "2011-09-30": "0.42000", "2011-06-30": "0.52000", "2011-03-31": "0.44000", "2010-12-31": "0.45000", "2010-09-30": "0.49000", "2010-06-30": "0.36000", "2010-03-31": "0.40000", "2009-12-31": "0.28000", "2009-09-30": "0.45000", "2009-06-30": "0.41000", "2009-03-31": "0.51000", "2008-12-31": "0.33000", "2008-09-30": "0.45000", "2008-06-30": "0.57000", "2008-03-31": "0.47000", "2007-12-31": "0.41000", "2007-09-30": "0.41000", "2007-06-30": "0.38000", "2007-03-31": "0.33000", "2006-12-31": "0.29000", "2006-09-30": "0.29000", "2006-06-30": "0.24000", "2006-03-31": "0.29000", "2005-12-31": "0.22000", "2005-09-30": "0.17000", "2005-06-30": "0.22000", "2005-03-31": "0.09000"}}, "balance sheet": {"Cash On Hand": {"2019-12-31": "367.50000", "2018-12-31": "395.90000", "2017-12-31": "353.30000", "2016-12-31": "304.00000", "2015-12-31": "248.60000", "2014-12-31": "224.60000", "2013-12-31": "298.56700", "2012-12-31": "321.41800", "2011-12-31": "470.19200", "2010-12-31": "365.41600", "2009-12-31": "342.55300", "2008-12-31": "297.57700", "2007-12-31": "258.58800", "2006-12-31": "163.75100", "2005-12-31": "153.19000"}, "Receivables": {"2019-12-31": "194.80000", "2018-12-31": "174.00000", "2017-12-31": "148.20000", "2016-12-31": "145.80000", "2015-12-31": "139.30000", "2014-12-31": "136.70000", "2013-12-31": "118.07300", "2012-12-31": "128.62800", "2011-12-31": "120.75700", "2010-12-31": "121.35000", "2009-12-31": "87.87100", "2008-12-31": "98.73000", "2007-12-31": "95.81000", "2006-12-31": "65.17600", "2005-12-31": "47.53000"}, "Inventory": {"2019-12-31": "", "2018-12-31": "", "2017-12-31": "", "2016-12-31": "", "2015-12-31": "", "2014-12-31": "", "2013-12-31": "", "2012-12-31": "", "2011-12-31": "", "2010-12-31": "", "2009-12-31": "", "2008-12-31": "", "2007-12-31": "", "2006-12-31": "", "2005-12-31": ""}, "Pre-Paid Expenses": {"2019-12-31": "", "2018-12-31": "", "2017-12-31": "", "2016-12-31": "", "2015-12-31": "", "2014-12-31": "", "2013-12-31": "", "2012-12-31": "", "2011-12-31": "", "2010-12-31": "", "2009-12-31": "", "2008-12-31": "", "2007-12-31": "", "2006-12-31": "", "2005-12-31": ""}, "Other Current Assets": {"2019-12-31": "24.00000", "2018-12-31": "16.90000", "2017-12-31": "28.30000", "2016-12-31": "22.20000", "2015-12-31": "22.00000", "2014-12-31": "29.50000", "2013-12-31": "26.36100", "2012-12-31": "20.82300", "2011-12-31": "15.98000", "2010-12-31": "17.65400", "2009-12-31": "12.56400", "2008-12-31": "13.89100", "2007-12-31": "13.16300", "2006-12-31": "8.55700", "2005-12-31": "5.49500"}, "Total Current Assets": {"2019-12-31": "603.20000", "2018-12-31": "601.60000", "2017-12-31": "529.80000", "2016-12-31": "472.00000", "2015-12-31": "409.90000", "2014-12-31": "390.80000", "2013-12-31": "446.89300", "2012-12-31": "474.61000", "2011-12-31": "612.03300", "2010-12-31": "507.28000", "2009-12-31": "444.09700", "2008-12-31": "413.73600", "2007-12-31": "367.56100", "2006-12-31": "237.48400", "2005-12-31": "206.21500"}, "Property, Plant, And Equipment": {"2019-12-31": "154.70000", "2018-12-31": "143.50000", "2017-12-31": "147.40000", "2016-12-31": "152.10000", "2015-12-31": "134.50000", "2014-12-31": "117.60000", "2013-12-31": "104.98600", "2012-12-31": "84.02200", "2011-12-31": "68.19600", "2010-12-31": "62.10500", "2009-12-31": "59.82800", "2008-12-31": "58.82200", "2007-12-31": "19.10800", "2006-12-31": "15.86900", "2005-12-31": "17.35500"}, "Long-Term Investments": {"2019-12-31": "59.60000", "2018-12-31": "63.10000", "2017-12-31": "62.00000", "2016-12-31": "40.30000", "2015-12-31": "35.60000", "2014-12-31": "28.80000", "2013-12-31": "38.71400", "2012-12-31": "35.30500", "2011-12-31": "27.64200", "2010-12-31": "24.26200", "2009-12-31": "24.07900", "2008-12-31": "20.40400", "2007-12-31": "19.85500", "2006-12-31": "18.65900", "2005-12-31": "16.35500"}, "Goodwill And Intangible Assets": {"2019-12-31": "1372.50000", "2018-12-31": "630.60000", "2017-12-31": "660.30000", "2016-12-31": "677.70000", "2015-12-31": "438.40000", "2014-12-31": "466.00000", "2013-12-31": "430.35900", "2012-12-31": "437.57700", "2011-12-31": "458.30100", "2010-12-31": "486.68400", "2009-12-31": "384.98000", "2008-12-31": "307.05400", "2007-12-31": "223.90800", "2006-12-31": "159.52100", "2005-12-31": "24.75100"}, "Other Long-Term Assets": {"2019-12-31": "11.90000", "2018-12-31": "4.70000", "2017-12-31": "6.20000", "2016-12-31": "8.80000", "2015-12-31": "10.60000", "2014-12-31": "7.10000", "2013-12-31": "9.71600", "2012-12-31": "10.43800", "2011-12-31": "5.91200", "2010-12-31": "5.97100", "2009-12-31": "6.09900", "2008-12-31": "3.92400", "2007-12-31": "3.21700", "2006-12-31": "2.51600", "2005-12-31": "1.90600"}, "Total Long-Term Assets": {"2019-12-31": "1767.70000", "2018-12-31": "852.20010", "2017-12-31": "875.90010", "2016-12-31": "878.90000", "2015-12-31": "619.10000", "2014-12-31": "619.50000", "2013-12-31": "583.77500", "2012-12-31": "567.34200", "2011-12-31": "560.05100", "2010-12-31": "579.02200", "2009-12-31": "474.98600", "2008-12-31": "390.20400", "2007-12-31": "281.74600", "2006-12-31": "210.35400", "2005-12-31": "90.09600"}, "Total Assets": {"2019-12-31": "2370.90000", "2018-12-31": "1453.80000", "2017-12-31": "1405.70000", "2016-12-31": "1350.90000", "2015-12-31": "1029.00000", "2014-12-31": "1010.30000", "2013-12-31": "1030.66800", "2012-12-31": "1041.95200", "2011-12-31": "1172.08400", "2010-12-31": "1086.30200", "2009-12-31": "919.08300", "2008-12-31": "803.94000", "2007-12-31": "649.30700", "2006-12-31": "447.83800", "2005-12-31": "296.31100"}, "Total Current Liabilities": {"2019-12-31": "495.80000", "2018-12-31": "362.80000", "2017-12-31": "323.20000", "2016-12-31": "294.90000", "2015-12-31": "304.40000", "2014-12-31": "293.80000", "2013-12-31": "269.54500", "2012-12-31": "257.36500", "2011-12-31": "270.63300", "2010-12-31": "252.72400", "2009-12-31": "207.50200", "2008-12-31": "233.44100", "2007-12-31": "217.83800", "2006-12-31": "167.46300", "2005-12-31": "115.84100"}, "Long Term Debt": {"2019-12-31": "502.10000", "2018-12-31": "70.00000", "2017-12-31": "180.00000", "2016-12-31": "250.00000", "2015-12-31": "", "2014-12-31": "", "2013-12-31": "", "2012-12-31": "", "2011-12-31": "", "2010-12-31": "", "2009-12-31": "", "2008-12-31": "", "2007-12-31": "", "2006-12-31": "", "2005-12-31": ""}, "Other Non-Current Liabilities": {"2019-12-31": "23.50000", "2018-12-31": "49.90000", "2017-12-31": "32.90000", "2016-12-31": "46.20000", "2015-12-31": "38.80000", "2014-12-31": "18.70000", "2013-12-31": "22.14000", "2012-12-31": "20.74100", "2011-12-31": "13.89100", "2010-12-31": "32.17800", "2009-12-31": "31.15200", "2008-12-31": "27.03900", "2007-12-31": "23.16600", "2006-12-31": "10.95200", "2005-12-31": "6.75600"}, "Total Long Term Liabilities": {"2019-12-31": "791.50000", "2018-12-31": "156.30000", "2017-12-31": "277.60000", "2016-12-31": "359.20000", "2015-12-31": "84.00000", "2014-12-31": "62.10000", "2013-12-31": "69.83300", "2012-12-31": "57.69200", "2011-12-31": "44.43500", "2010-12-31": "52.15300", "2009-12-31": "45.79200", "2008-12-31": "34.57000", "2007-12-31": "23.16600", "2006-12-31": "10.95200", "2005-12-31": "6.75600"}, "Total Liabilities": {"2019-12-31": "1287.30000", "2018-12-31": "519.10000", "2017-12-31": "600.80000", "2016-12-31": "654.10000", "2015-12-31": "388.40000", "2014-12-31": "355.90000", "2013-12-31": "339.37800", "2012-12-31": "315.05700", "2011-12-31": "315.06800", "2010-12-31": "304.87700", "2009-12-31": "253.29400", "2008-12-31": "268.01100", "2007-12-31": "241.00400", "2006-12-31": "178.41500", "2005-12-31": "122.59700"}, "Common Stock Net": {"2019-12-31": "", "2018-12-31": "", "2017-12-31": "", "2016-12-31": "", "2015-12-31": "", "2014-12-31": "", "2013-12-31": "0.00500", "2012-12-31": "0.00500", "2011-12-31": "0.00500", "2010-12-31": "0.00500", "2009-12-31": "0.00500", "2008-12-31": "0.00400", "2007-12-31": "0.00400", "2006-12-31": "0.00400", "2005-12-31": "0.00400"}, "Retained Earnings (Accumulated Deficit)": {"2019-12-31": "1217.90000", "2018-12-31": "1114.80000", "2017-12-31": "958.70000", "2016-12-31": "861.90000", "2015-12-31": "739.20000", "2014-12-31": "641.50000", "2013-12-31": "594.62600", "2012-12-31": "496.35400", "2011-12-31": "409.02200", "2010-12-31": "323.40800", "2009-12-31": "239.57300", "2008-12-31": "164.28900", "2007-12-31": "71.75700", "2006-12-31": "1.15400", "2005-12-31": "-50.60800"}, "Comprehensive Income": {"2019-12-31": "-60.60000", "2018-12-31": "-75.00000", "2017-12-31": "-46.60000", "2016-12-31": "-81.50000", "2015-12-31": "-54.60000", "2014-12-31": "-24.80000", "2013-12-31": "5.17300", "2012-12-31": "9.71200", "2011-12-31": "1.61200", "2010-12-31": "5.11800", "2009-12-31": "0.03300", "2008-12-31": "-15.88500", "2007-12-31": "7.65800", "2006-12-31": "2.82400", "2005-12-31": "1.00500"}, "Other Share Holders Equity": {"2019-12-31": "", "2018-12-31": "", "2017-12-31": "", "2016-12-31": "", "2015-12-31": "", "2014-12-31": "", "2013-12-31": "", "2012-12-31": "", "2011-12-31": "", "2010-12-31": "", "2009-12-31": "", "2008-12-31": "", "2007-12-31": "", "2006-12-31": "", "2005-12-31": ""}, "Share Holder Equity": {"2019-12-31": "1083.60000", "2018-12-31": "934.70000", "2017-12-31": "804.90000", "2016-12-31": "696.80000", "2015-12-31": "640.60000", "2014-12-31": "654.40000", "2013-12-31": "691.29000", "2012-12-31": "726.89500", "2011-12-31": "857.01600", "2010-12-31": "781.42500", "2009-12-31": "665.78900", "2008-12-31": "535.92900", "2007-12-31": "408.30300", "2006-12-31": "269.42300", "2005-12-31": "173.71400"}, "Total Liabilities And Share Holders Equity": {"2019-12-31": "2370.90000", "2018-12-31": "1453.80000", "2017-12-31": "1405.70000", "2016-12-31": "1350.90000", "2015-12-31": "1029.00000", "2014-12-31": "1010.30000", "2013-12-31": "1030.66800", "2012-12-31": "1041.95200", "2011-12-31": "1172.08400", "2010-12-31": "1086.30200", "2009-12-31": "919.08300", "2008-12-31": "803.94000", "2007-12-31": "649.30700", "2006-12-31": "447.83800", "2005-12-31": "296.31100"}}, "balance sheet, quarterly": {"Cash On Hand": {"2020-09-30": "377.80000", "2020-06-30": "383.20000", "2020-03-31": "348.80000", "2019-12-31": "367.50000", "2019-09-30": "352.80000", "2019-06-30": "413.90000", "2019-03-31": "378.60000", "2018-12-31": "395.90000", "2018-09-30": "366.70000", "2018-06-30": "351.90000", "2018-03-31": "355.40000", "2017-12-31": "353.30000", "2017-09-30": "324.00000", "2017-06-30": "339.60000", "2017-03-31": "317.50000", "2016-12-31": "304.00000", "2016-09-30": "265.10000", "2016-06-30": "246.20000", "2016-03-31": "226.70000", "2015-12-31": "248.60000", "2015-09-30": "263.00000", "2015-06-30": "258.60000", "2015-03-31": "243.20000", "2014-12-31": "224.60000", "2014-09-30": "227.80800", "2014-06-30": "220.95000", "2014-03-31": "263.97300", "2013-12-31": "298.56700", "2013-09-30": "342.87700", "2013-06-30": "314.78300", "2013-03-31": "328.32800", "2012-12-31": "321.41800", "2012-09-30": "343.08000", "2012-06-30": "389.87800", "2012-03-31": "443.64600", "2011-12-31": "470.19200", "2011-09-30": "433.01900", "2011-06-30": "430.23900", "2011-03-31": "385.26000", "2010-12-31": "365.41600", "2010-09-30": "339.34100", "2010-06-30": "320.35000", "2010-03-31": "360.74300", "2009-12-31": "342.55300", "2009-09-30": "362.23500", "2009-06-30": "323.19500", "2009-03-31": "286.01900", "2008-12-31": "297.57700", "2008-09-30": "309.62000", "2008-06-30": "271.43700", "2008-03-31": "215.65200", "2007-12-31": "258.58800", "2007-09-30": "193.14700", "2007-06-30": "160.74500", "2007-03-31": "121.80300", "2006-12-31": "163.75100", "2006-09-30": "124.25000", "2006-06-30": "121.44100", "2006-03-31": "82.90600", "2005-12-31": "153.19000", "2005-09-30": "135.41000", "2005-06-30": "116.00700", "2005-03-31": "84.06900"}, "Receivables": {"2020-09-30": "194.10000", "2020-06-30": "181.40000", "2020-03-31": "190.40000", "2019-12-31": "194.80000", "2019-09-30": "168.40000", "2019-06-30": "170.30000", "2019-03-31": "173.80000", "2018-12-31": "174.00000", "2018-09-30": "180.20000", "2018-06-30": "171.30000", "2018-03-31": "158.20000", "2017-12-31": "148.20000", "2017-09-30": "148.20000", "2017-06-30": "143.60000", "2017-03-31": "142.30000", "2016-12-31": "145.80000", "2016-09-30": "124.30000", "2016-06-30": "137.30000", "2016-03-31": "148.10000", "2015-12-31": "139.30000", "2015-09-30": "124.10000", "2015-06-30": "143.90000", "2015-03-31": "142.20000", "2014-12-31": "136.70000", "2014-09-30": "129.39300", "2014-06-30": "153.63300", "2014-03-31": "131.46400", "2013-12-31": "118.07300", "2013-09-30": "117.13900", "2013-06-30": "117.13800", "2013-03-31": "120.41600", "2012-12-31": "128.62800", "2012-09-30": "125.15400", "2012-06-30": "124.92700", "2012-03-31": "124.95000", "2011-12-31": "120.75700", "2011-09-30": "120.48900", "2011-06-30": "125.89900", "2011-03-31": "124.62000", "2010-12-31": "121.35000", "2010-09-30": "104.19200", "2010-06-30": "103.24100", "2010-03-31": "90.91100", "2009-12-31": "87.87100", "2009-09-30": "82.18500", "2009-06-30": "87.40700", "2009-03-31": "88.16500", "2008-12-31": "98.73000", "2008-09-30": "94.15300", "2008-06-30": "105.35900", "2008-03-31": "100.95400", "2007-12-31": "95.81000", "2007-09-30": "80.26800", "2007-06-30": "79.64800", "2007-03-31": "81.34300", "2006-12-31": "65.17600", "2006-09-30": "57.89300", "2006-06-30": "61.47900", "2006-03-31": "61.62700", "2005-12-31": "47.53000", "2005-09-30": "37.20900", "2005-06-30": "40.28600", "2005-03-31": "41.24000"}, "Inventory": {"2020-09-30": "", "2020-06-30": "", "2020-03-31": "", "2019-12-31": "", "2019-09-30": "", "2019-06-30": "", "2019-03-31": "", "2018-12-31": "", "2018-09-30": "", "2018-06-30": "", "2018-03-31": "", "2017-12-31": "", "2017-09-30": "", "2017-06-30": "", "2017-03-31": "", "2016-12-31": "", "2016-09-30": "", "2016-06-30": "", "2016-03-31": "", "2015-12-31": "", "2015-09-30": "", "2015-06-30": "", "2015-03-31": "", "2014-12-31": "", "2014-09-30": "", "2014-06-30": "", "2014-03-31": "", "2013-12-31": "", "2013-09-30": "", "2013-06-30": "", "2013-03-31": "", "2012-12-31": "", "2012-09-30": "", "2012-06-30": "", "2012-03-31": "", "2011-12-31": "", "2011-09-30": "", "2011-06-30": "", "2011-03-31": "", "2010-12-31": "", "2010-09-30": "", "2010-06-30": "", "2010-03-31": "", "2009-12-31": "", "2009-09-30": "", "2009-06-30": "", "2009-03-31": "", "2008-12-31": "", "2008-09-30": "", "2008-06-30": "", "2008-03-31": "", "2007-12-31": "", "2007-09-30": "", "2007-06-30": "", "2007-03-31": "", "2006-12-31": "", "2006-09-30": "", "2006-06-30": "", "2006-03-31": "", "2005-12-31": "", "2005-09-30": "", "2005-06-30": "", "2005-03-31": ""}, "Pre-Paid Expenses": {"2020-09-30": "", "2020-06-30": "", "2020-03-31": "", "2019-12-31": "", "2019-09-30": "", "2019-06-30": "", "2019-03-31": "", "2018-12-31": "", "2018-09-30": "", "2018-06-30": "", "2018-03-31": "", "2017-12-31": "", "2017-09-30": "", "2017-06-30": "", "2017-03-31": "", "2016-12-31": "", "2016-09-30": "", "2016-06-30": "", "2016-03-31": "", "2015-12-31": "", "2015-09-30": "", "2015-06-30": "", "2015-03-31": "", "2014-12-31": "", "2014-09-30": "", "2014-06-30": "", "2014-03-31": "", "2013-12-31": "", "2013-09-30": "", "2013-06-30": "", "2013-03-31": "", "2012-12-31": "", "2012-09-30": "", "2012-06-30": "", "2012-03-31": "", "2011-12-31": "", "2011-09-30": "", "2011-06-30": "", "2011-03-31": "", "2010-12-31": "", "2010-09-30": "", "2010-06-30": "", "2010-03-31": "", "2009-12-31": "", "2009-09-30": "", "2009-06-30": "", "2009-03-31": "", "2008-12-31": "", "2008-09-30": "", "2008-06-30": "", "2008-03-31": "", "2007-12-31": "", "2007-09-30": "", "2007-06-30": "", "2007-03-31": "", "2006-12-31": "", "2006-09-30": "", "2006-06-30": "", "2006-03-31": "", "2005-12-31": "", "2005-09-30": "", "2005-06-30": "", "2005-03-31": ""}, "Other Current Assets": {"2020-09-30": "32.10000", "2020-06-30": "31.30000", "2020-03-31": "24.40000", "2019-12-31": "24.00000", "2019-09-30": "23.70000", "2019-06-30": "22.20000", "2019-03-31": "18.00000", "2018-12-31": "16.90000", "2018-09-30": "22.80000", "2018-06-30": "28.00000", "2018-03-31": "19.40000", "2017-12-31": "28.30000", "2017-09-30": "25.70000", "2017-06-30": "24.20000", "2017-03-31": "26.30000", "2016-12-31": "22.20000", "2016-09-30": "23.70000", "2016-06-30": "25.50000", "2016-03-31": "25.60000", "2015-12-31": "22.00000", "2015-09-30": "22.50000", "2015-06-30": "22.40000", "2015-03-31": "22.30000", "2014-12-31": "29.50000", "2014-09-30": "23.61900", "2014-06-30": "21.56500", "2014-03-31": "25.12400", "2013-12-31": "26.36100", "2013-09-30": "26.22900", "2013-06-30": "26.87400", "2013-03-31": "28.09100", "2012-12-31": "20.82300", "2012-09-30": "22.54600", "2012-06-30": "22.28800", "2012-03-31": "20.86400", "2011-12-31": "15.98000", "2011-09-30": "16.07600", "2011-06-30": "16.49700", "2011-03-31": "15.45000", "2010-12-31": "17.65400", "2010-09-30": "14.31600", "2010-06-30": "12.55000", "2010-03-31": "12.62700", "2009-12-31": "12.56400", "2009-09-30": "12.53400", "2009-06-30": "13.46900", "2009-03-31": "13.21200", "2008-12-31": "13.89100", "2008-09-30": "15.67700", "2008-06-30": "14.96100", "2008-03-31": "15.20200", "2007-12-31": "13.16300", "2007-09-30": "12.46000", "2007-06-30": "8.85600", "2007-03-31": "10.27500", "2006-12-31": "8.55700", "2006-09-30": "6.77700", "2006-06-30": "6.91100", "2006-03-31": "6.37800", "2005-12-31": "5.49500", "2005-09-30": "4.55500", "2005-06-30": "4.70500", "2005-03-31": "4.20100"}, "Total Current Assets": {"2020-09-30": "622.60000", "2020-06-30": "613.50000", "2020-03-31": "580.70000", "2019-12-31": "603.20000", "2019-09-30": "560.70000", "2019-06-30": "619.90000", "2019-03-31": "586.50000", "2018-12-31": "601.60000", "2018-09-30": "583.90000", "2018-06-30": "566.10000", "2018-03-31": "549.70000", "2017-12-31": "529.80000", "2017-09-30": "497.90000", "2017-06-30": "507.40000", "2017-03-31": "486.10000", "2016-12-31": "472.00000", "2016-09-30": "413.10000", "2016-06-30": "409.00000", "2016-03-31": "400.40000", "2015-12-31": "409.90000", "2015-09-30": "420.10000", "2015-06-30": "435.40000", "2015-03-31": "418.50000", "2014-12-31": "390.80000", "2014-09-30": "388.34400", "2014-06-30": "402.58500", "2014-03-31": "424.94200", "2013-12-31": "446.89300", "2013-09-30": "489.40000", "2013-06-30": "462.38500", "2013-03-31": "480.17800", "2012-12-31": "474.61000", "2012-09-30": "492.93600", "2012-06-30": "541.99100", "2012-03-31": "594.03000", "2011-12-31": "612.03300", "2011-09-30": "573.39800", "2011-06-30": "575.42200", "2011-03-31": "527.97800", "2010-12-31": "507.28000", "2010-09-30": "458.93000", "2010-06-30": "437.60500", "2010-03-31": "465.36200", "2009-12-31": "444.09700", "2009-09-30": "462.49600", "2009-06-30": "427.83700", "2009-03-31": "391.05600", "2008-12-31": "413.73600", "2008-09-30": "419.45000", "2008-06-30": "391.75700", "2008-03-31": "331.80800", "2007-12-31": "367.56100", "2007-09-30": "285.87500", "2007-06-30": "249.24900", "2007-03-31": "213.42100", "2006-12-31": "237.48400", "2006-09-30": "188.98100", "2006-06-30": "189.83100", "2006-03-31": "150.91100", "2005-12-31": "206.21500", "2005-09-30": "179.02200", "2005-06-30": "162.99100", "2005-03-31": "131.66700"}, "Property, Plant, And Equipment": {"2020-09-30": "150.90000", "2020-06-30": "147.00000", "2020-03-31": "149.50000", "2019-12-31": "154.70000", "2019-09-30": "151.50000", "2019-06-30": "140.40000", "2019-03-31": "142.70000", "2018-12-31": "143.50000", "2018-09-30": "144.50000", "2018-06-30": "146.10000", "2018-03-31": "147.40000", "2017-12-31": "147.40000", "2017-09-30": "151.20000", "2017-06-30": "153.90000", "2017-03-31": "149.80000", "2016-12-31": "152.10000", "2016-09-30": "150.00000", "2016-06-30": "141.30000", "2016-03-31": "134.00000", "2015-12-31": "134.50000", "2015-09-30": "124.30000", "2015-06-30": "122.60000", "2015-03-31": "121.40000", "2014-12-31": "117.60000", "2014-09-30": "112.58400", "2014-06-30": "109.90000", "2014-03-31": "107.43800", "2013-12-31": "104.98600", "2013-09-30": "99.00700", "2013-06-30": "95.55000", "2013-03-31": "91.81500", "2012-12-31": "84.02200", "2012-09-30": "77.87300", "2012-06-30": "77.37600", "2012-03-31": "73.57600", "2011-12-31": "68.19600", "2011-09-30": "63.70300", "2011-06-30": "62.06200", "2011-03-31": "62.36400", "2010-12-31": "62.10500", "2010-09-30": "57.71600", "2010-06-30": "56.45300", "2010-03-31": "57.56100", "2009-12-31": "59.82800", "2009-09-30": "60.75100", "2009-06-30": "60.36700", "2009-03-31": "60.10400", "2008-12-31": "58.82200", "2008-09-30": "52.29100", "2008-06-30": "35.95100", "2008-03-31": "25.30000", "2007-12-31": "19.10800", "2007-09-30": "18.90900", "2007-06-30": "17.65600", "2007-03-31": "15.69200", "2006-12-31": "15.86900", "2006-09-30": "16.10200", "2006-06-30": "17.04000", "2006-03-31": "17.48300", "2005-12-31": "17.35500", "2005-09-30": "15.13100", "2005-06-30": "15.85100", "2005-03-31": "16.52100"}, "Long-Term Investments": {"2020-09-30": "36.90000", "2020-06-30": "62.80000", "2020-03-31": "58.80000", "2019-12-31": "59.60000", "2019-09-30": "59.90000", "2019-06-30": "61.40000", "2019-03-31": "61.90000", "2018-12-31": "63.10000", "2018-09-30": "58.40000", "2018-06-30": "57.10000", "2018-03-31": "61.20000", "2017-12-31": "62.00000", "2017-09-30": "61.50000", "2017-06-30": "37.10000", "2017-03-31": "39.20000", "2016-12-31": "40.30000", "2016-09-30": "51.00000", "2016-06-30": "50.60000", "2016-03-31": "49.30000", "2015-12-31": "35.60000", "2015-09-30": "35.40000", "2015-06-30": "34.90000", "2015-03-31": "29.30000", "2014-12-31": "28.80000", "2014-09-30": "30.42800", "2014-06-30": "30.28700", "2014-03-31": "39.17600", "2013-12-31": "38.71400", "2013-09-30": "38.37600", "2013-06-30": "36.08700", "2013-03-31": "35.63500", "2012-12-31": "35.30500", "2012-09-30": "38.27800", "2012-06-30": "34.27100", "2012-03-31": "34.94300", "2011-12-31": "27.64200", "2011-09-30": "24.76100", "2011-06-30": "24.42400", "2011-03-31": "24.66400", "2010-12-31": "24.26200", "2010-09-30": "24.04300", "2010-06-30": "24.09900", "2010-03-31": "24.47400", "2009-12-31": "24.07900", "2009-09-30": "20.26600", "2009-06-30": "20.15000", "2009-03-31": "20.66100", "2008-12-31": "20.40400", "2008-09-30": "20.33000", "2008-06-30": "20.04100", "2008-03-31": "20.19800", "2007-12-31": "19.85500", "2007-09-30": "19.49000", "2007-06-30": "19.04200", "2007-03-31": "18.85000", "2006-12-31": "18.65900", "2006-09-30": "18.21800", "2006-06-30": "17.23800", "2006-03-31": "16.63100", "2005-12-31": "16.35500", "2005-09-30": "15.77400", "2005-06-30": "15.58900", "2005-03-31": "15.09400"}, "Goodwill And Intangible Assets": {"2020-09-30": "1560.90000", "2020-06-30": "1335.80000", "2020-03-31": "1319.40000", "2019-12-31": "1372.50000", "2019-09-30": "1351.50000", "2019-06-30": "621.20000", "2019-03-31": "626.10000", "2018-12-31": "630.60000", "2018-09-30": "638.50000", "2018-06-30": "644.90000", "2018-03-31": "657.60000", "2017-12-31": "660.30000", "2017-09-30": "666.30000", "2017-06-30": "667.30000", "2017-03-31": "673.00000", "2016-12-31": "677.70000", "2016-09-30": "436.00000", "2016-06-30": "441.50000", "2016-03-31": "438.20000", "2015-12-31": "438.40000", "2015-09-30": "437.00000", "2015-06-30": "447.70000", "2015-03-31": "447.70000", "2014-12-31": "466.00000", "2014-09-30": "482.41200", "2014-06-30": "500.61600", "2014-03-31": "426.88300", "2013-12-31": "430.35900", "2013-09-30": "436.01000", "2013-06-30": "433.49800", "2013-03-31": "425.50100", "2012-12-31": "437.57700", "2012-09-30": "443.96600", "2012-06-30": "444.34000", "2012-03-31": "457.01000", "2011-12-31": "458.30100", "2011-09-30": "466.67800", "2011-06-30": "483.48300", "2011-03-31": "487.88700", "2010-12-31": "486.68400", "2010-09-30": "478.56000", "2010-06-30": "438.63800", "2010-03-31": "376.98700", "2009-12-31": "384.98000", "2009-09-30": "330.71700", "2009-06-30": "330.78800", "2009-03-31": "300.20700", "2008-12-31": "307.05400", "2008-09-30": "269.35800", "2008-06-30": "273.32400", "2008-03-31": "275.25600", "2007-12-31": "223.90800", "2007-09-30": "223.20800", "2007-06-30": "226.65800", "2007-03-31": "227.39000", "2006-12-31": "159.52100", "2006-09-30": "162.41800", "2006-06-30": "125.05600", "2006-03-31": "128.76600", "2005-12-31": "24.75100", "2005-09-30": "24.14800", "2005-06-30": "24.22700", "2005-03-31": "24.96800"}, "Other Long-Term Assets": {"2020-09-30": "13.30000", "2020-06-30": "13.90000", "2020-03-31": "13.20000", "2019-12-31": "11.90000", "2019-09-30": "9.00000", "2019-06-30": "5.10000", "2019-03-31": "5.80000", "2018-12-31": "4.70000", "2018-09-30": "4.40000", "2018-06-30": "5.00000", "2018-03-31": "11.20000", "2017-12-31": "6.20000", "2017-09-30": "6.80000", "2017-06-30": "10.30000", "2017-03-31": "7.50000", "2016-12-31": "8.80000", "2016-09-30": "9.40000", "2016-06-30": "9.60000", "2016-03-31": "10.80000", "2015-12-31": "10.60000", "2015-09-30": "6.80000", "2015-06-30": "7.00000", "2015-03-31": "8.90000", "2014-12-31": "7.10000", "2014-09-30": "6.40700", "2014-06-30": "7.83500", "2014-03-31": "8.97800", "2013-12-31": "9.71600", "2013-09-30": "11.35700", "2013-06-30": "11.53700", "2013-03-31": "12.42000", "2012-12-31": "10.43800", "2012-09-30": "8.33000", "2012-06-30": "7.80100", "2012-03-31": "6.82600", "2011-12-31": "5.91200", "2011-09-30": "5.72600", "2011-06-30": "7.67500", "2011-03-31": "7.33500", "2010-12-31": "5.97100", "2010-09-30": "6.94800", "2010-06-30": "5.73100", "2010-03-31": "6.01800", "2009-12-31": "6.09900", "2009-09-30": "4.74800", "2009-06-30": "3.68300", "2009-03-31": "3.57800", "2008-12-31": "3.92400", "2008-09-30": "3.93000", "2008-06-30": "3.41700", "2008-03-31": "3.38500", "2007-12-31": "3.21700", "2007-09-30": "2.16900", "2007-06-30": "2.32400", "2007-03-31": "0.72500", "2006-12-31": "2.51600", "2006-09-30": "2.26300", "2006-06-30": "2.33000", "2006-03-31": "2.12600", "2005-12-31": "1.90600", "2005-09-30": "1.58200", "2005-06-30": "1.41600", "2005-03-31": "2.47200"}, "Total Long-Term Assets": {"2020-09-30": "1940.40000", "2020-06-30": "1737.40000", "2020-03-31": "1711.30000", "2019-12-31": "1767.70000", "2019-09-30": "1721.80000", "2019-06-30": "952.40000", "2019-03-31": "965.09990", "2018-12-31": "852.20010", "2018-09-30": "855.60000", "2018-06-30": "861.10000", "2018-03-31": "886.80000", "2017-12-31": "875.90010", "2017-09-30": "885.80000", "2017-06-30": "868.60000", "2017-03-31": "869.50000", "2016-12-31": "878.90000", "2016-09-30": "646.40000", "2016-06-30": "643.00000", "2016-03-31": "632.30000", "2015-12-31": "619.10000", "2015-09-30": "603.50000", "2015-06-30": "612.20000", "2015-03-31": "607.30000", "2014-12-31": "619.50000", "2014-09-30": "631.83090", "2014-06-30": "648.63800", "2014-03-31": "582.47500", "2013-12-31": "583.77500", "2013-09-30": "584.75000", "2013-06-30": "576.67200", "2013-03-31": "565.37100", "2012-12-31": "567.34200", "2012-09-30": "568.44700", "2012-06-30": "563.78810", "2012-03-31": "572.35500", "2011-12-31": "560.05100", "2011-09-30": "560.86800", "2011-06-30": "577.64400", "2011-03-31": "582.25000", "2010-12-31": "579.02200", "2010-09-30": "567.26700", "2010-06-30": "524.92100", "2010-03-31": "465.04000", "2009-12-31": "474.98600", "2009-09-30": "416.48200", "2009-06-30": "414.98800", "2009-03-31": "384.55000", "2008-12-31": "390.20400", "2008-09-30": "355.30000", "2008-06-30": "343.90000", "2008-03-31": "336.83200", "2007-12-31": "281.74600", "2007-09-30": "279.29700", "2007-06-30": "282.63400", "2007-03-31": "278.13500", "2006-12-31": "210.35400", "2006-09-30": "207.90800", "2006-06-30": "169.94700", "2006-03-31": "172.93800", "2005-12-31": "90.09600", "2005-09-30": "85.40100", "2005-06-30": "86.67300", "2005-03-31": "87.25100"}, "Total Assets": {"2020-09-30": "2563.00000", "2020-06-30": "2350.90000", "2020-03-31": "2292.00000", "2019-12-31": "2370.90000", "2019-09-30": "2282.50000", "2019-06-30": "1572.30000", "2019-03-31": "1551.60000", "2018-12-31": "1453.80000", "2018-09-30": "1439.50000", "2018-06-30": "1427.20000", "2018-03-31": "1436.50000", "2017-12-31": "1405.70000", "2017-09-30": "1383.70000", "2017-06-30": "1376.00000", "2017-03-31": "1355.60000", "2016-12-31": "1350.90000", "2016-09-30": "1059.50000", "2016-06-30": "1052.00000", "2016-03-31": "1032.70000", "2015-12-31": "1029.00000", "2015-09-30": "1023.60000", "2015-06-30": "1047.60000", "2015-03-31": "1025.80000", "2014-12-31": "1010.30000", "2014-09-30": "1020.17500", "2014-06-30": "1051.22300", "2014-03-31": "1007.41700", "2013-12-31": "1030.66800", "2013-09-30": "1074.15000", "2013-06-30": "1039.05700", "2013-03-31": "1045.54900", "2012-12-31": "1041.95200", "2012-09-30": "1061.38300", "2012-06-30": "1105.77900", "2012-03-31": "1166.38500", "2011-12-31": "1172.08400", "2011-09-30": "1134.26600", "2011-06-30": "1153.06600", "2011-03-31": "1110.22800", "2010-12-31": "1086.30200", "2010-09-30": "1026.19700", "2010-06-30": "962.52600", "2010-03-31": "930.40200", "2009-12-31": "919.08300", "2009-09-30": "878.97800", "2009-06-30": "842.82500", "2009-03-31": "775.60600", "2008-12-31": "803.94000", "2008-09-30": "774.75000", "2008-06-30": "735.65700", "2008-03-31": "668.64000", "2007-12-31": "649.30700", "2007-09-30": "565.17200", "2007-06-30": "531.88300", "2007-03-31": "491.55600", "2006-12-31": "447.83800", "2006-09-30": "396.88900", "2006-06-30": "359.77800", "2006-03-31": "323.84900", "2005-12-31": "296.31100", "2005-09-30": "264.42300", "2005-06-30": "249.66400", "2005-03-31": "218.91800"}, "Total Current Liabilities": {"2020-09-30": "559.70000", "2020-06-30": "490.20000", "2020-03-31": "456.40000", "2019-12-31": "495.80000", "2019-09-30": "431.70000", "2019-06-30": "381.40000", "2019-03-31": "372.80000", "2018-12-31": "362.80000", "2018-09-30": "321.30000", "2018-06-30": "330.80000", "2018-03-31": "327.30000", "2017-12-31": "323.20000", "2017-09-30": "294.60000", "2017-06-30": "301.80000", "2017-03-31": "299.90000", "2016-12-31": "294.90000", "2016-09-30": "314.20000", "2016-06-30": "328.60000", "2016-03-31": "323.80000", "2015-12-31": "304.40000", "2015-09-30": "273.00000", "2015-06-30": "305.00000", "2015-03-31": "293.20000", "2014-12-31": "293.80000", "2014-09-30": "290.88700", "2014-06-30": "322.18800", "2014-03-31": "247.85700", "2013-12-31": "269.54500", "2013-09-30": "255.33900", "2013-06-30": "253.29600", "2013-03-31": "243.23200", "2012-12-31": "257.36500", "2012-09-30": "260.16600", "2012-06-30": "262.13900", "2012-03-31": "257.36600", "2011-12-31": "270.63300", "2011-09-30": "249.29100", "2011-06-30": "246.25600", "2011-03-31": "236.43300", "2010-12-31": "252.72400", "2010-09-30": "221.77200", "2010-06-30": "213.34100", "2010-03-31": "194.49600", "2009-12-31": "207.50200", "2009-09-30": "189.75400", "2009-06-30": "189.07700", "2009-03-31": "177.99900", "2008-12-31": "233.44100", "2008-09-30": "218.65000", "2008-06-30": "214.16800", "2008-03-31": "205.50700", "2007-12-31": "217.83800", "2007-09-30": "195.24600", "2007-06-30": "200.78600", "2007-03-31": "195.10800", "2006-12-31": "167.46300", "2006-09-30": "148.32200", "2006-06-30": "133.36900", "2006-03-31": "123.05500", "2005-12-31": "115.84100", "2005-09-30": "101.99700", "2005-06-30": "101.34400", "2005-03-31": "119.38600"}, "Long Term Debt": {"2020-09-30": "473.90000", "2020-06-30": "476.70000", "2020-03-31": "519.40000", "2019-12-31": "502.10000", "2019-09-30": "534.80000", "2019-06-30": "15.00000", "2019-03-31": "30.00000", "2018-12-31": "70.00000", "2018-09-30": "90.00000", "2018-06-30": "125.00000", "2018-03-31": "150.00000", "2017-12-31": "180.00000", "2017-09-30": "205.00000", "2017-06-30": "230.00000", "2017-03-31": "235.00000", "2016-12-31": "250.00000", "2016-09-30": "", "2016-06-30": "", "2016-03-31": "", "2015-12-31": "", "2015-09-30": "", "2015-06-30": "", "2015-03-31": "", "2014-12-31": "", "2014-09-30": "", "2014-06-30": "", "2014-03-31": "", "2013-12-31": "", "2013-09-30": "", "2013-06-30": "", "2013-03-31": "", "2012-12-31": "", "2012-09-30": "", "2012-06-30": "", "2012-03-31": "", "2011-12-31": "", "2011-09-30": "", "2011-06-30": "", "2011-03-31": "", "2010-12-31": "", "2010-09-30": "", "2010-06-30": "", "2010-03-31": "", "2009-12-31": "", "2009-09-30": "", "2009-06-30": "", "2009-03-31": "", "2008-12-31": "", "2008-09-30": "", "2008-06-30": "", "2008-03-31": "", "2007-12-31": "", "2007-09-30": "", "2007-06-30": "", "2007-03-31": "", "2006-12-31": "", "2006-09-30": "", "2006-06-30": "", "2006-03-31": "", "2005-12-31": "", "2005-09-30": "", "2005-06-30": "", "2005-03-31": ""}, "Other Non-Current Liabilities": {"2020-09-30": "68.50000", "2020-06-30": "28.70000", "2020-03-31": "24.10000", "2019-12-31": "23.50000", "2019-09-30": "24.70000", "2019-06-30": "27.60000", "2019-03-31": "26.90000", "2018-12-31": "49.90000", "2018-09-30": "30.50000", "2018-06-30": "32.30000", "2018-03-31": "32.50000", "2017-12-31": "32.90000", "2017-09-30": "41.10000", "2017-06-30": "43.10000", "2017-03-31": "41.50000", "2016-12-31": "46.20000", "2016-09-30": "43.40000", "2016-06-30": "40.20000", "2016-03-31": "36.10000", "2015-12-31": "38.80000", "2015-09-30": "19.50000", "2015-06-30": "17.70000", "2015-03-31": "19.10000", "2014-12-31": "18.70000", "2014-09-30": "17.74400", "2014-06-30": "18.03200", "2014-03-31": "17.55900", "2013-12-31": "22.14000", "2013-09-30": "24.18100", "2013-06-30": "29.95600", "2013-03-31": "29.81700", "2012-12-31": "20.74100", "2012-09-30": "15.06400", "2012-06-30": "15.03300", "2012-03-31": "14.58400", "2011-12-31": "13.89100", "2011-09-30": "31.35700", "2011-06-30": "31.11100", "2011-03-31": "31.53900", "2010-12-31": "32.17800", "2010-09-30": "30.64600", "2010-06-30": "29.70100", "2010-03-31": "30.74600", "2009-12-31": "31.15200", "2009-09-30": "29.32900", "2009-06-30": "27.72800", "2009-03-31": "27.23400", "2008-12-31": "27.03900", "2008-09-30": "30.69300", "2008-06-30": "23.56500", "2008-03-31": "14.83300", "2007-12-31": "23.16600", "2007-09-30": "13.74100", "2007-06-30": "10.79600", "2007-03-31": "7.82700", "2006-12-31": "10.95200", "2006-09-30": "8.61800", "2006-06-30": "6.68500", "2006-03-31": "4.76200", "2005-12-31": "6.75600", "2005-09-30": "5.28100", "2005-06-30": "4.20900", "2005-03-31": "29.19000"}, "Total Long Term Liabilities": {"2020-09-30": "826.20000", "2020-06-30": "773.80000", "2020-03-31": "802.90000", "2019-12-31": "791.50000", "2019-09-30": "808.90000", "2019-06-30": "187.50000", "2019-03-31": "210.60000", "2018-12-31": "156.30000", "2018-09-30": "190.60000", "2018-06-30": "225.00000", "2018-03-31": "250.90000", "2017-12-31": "277.60000", "2017-09-30": "309.90000", "2017-06-30": "335.10000", "2017-03-31": "337.00000", "2016-12-31": "359.20000", "2016-09-30": "83.30000", "2016-06-30": "84.00000", "2016-03-31": "78.40000", "2015-12-31": "84.00000", "2015-09-30": "70.50000", "2015-06-30": "72.70000", "2015-03-31": "71.60000", "2014-12-31": "62.10000", "2014-09-30": "58.76900", "2014-06-30": "60.37300", "2014-03-31": "62.84300", "2013-12-31": "69.83300", "2013-09-30": "60.33500", "2013-06-30": "68.48500", "2013-03-31": "63.19500", "2012-12-31": "57.69200", "2012-09-30": "44.48600", "2012-06-30": "46.41500", "2012-03-31": "44.75300", "2011-12-31": "44.43500", "2011-09-30": "48.84700", "2011-06-30": "50.58800", "2011-03-31": "50.04200", "2010-12-31": "52.15300", "2010-09-30": "48.99900", "2010-06-30": "33.11900", "2010-03-31": "33.82300", "2009-12-31": "45.79200", "2009-09-30": "36.63900", "2009-06-30": "35.33400", "2009-03-31": "33.29600", "2008-12-31": "34.57000", "2008-09-30": "30.69300", "2008-06-30": "23.56500", "2008-03-31": "14.83300", "2007-12-31": "23.16600", "2007-09-30": "13.74100", "2007-06-30": "10.79600", "2007-03-31": "7.82700", "2006-12-31": "10.95200", "2006-09-30": "8.61800", "2006-06-30": "6.68500", "2006-03-31": "4.76200", "2005-12-31": "6.75600", "2005-09-30": "5.28100", "2005-06-30": "4.20900", "2005-03-31": "29.19000"}, "Total Liabilities": {"2020-09-30": "1385.90000", "2020-06-30": "1264.00000", "2020-03-31": "1259.30000", "2019-12-31": "1287.30000", "2019-09-30": "1240.60000", "2019-06-30": "568.90000", "2019-03-31": "583.40000", "2018-12-31": "519.10000", "2018-09-30": "511.90000", "2018-06-30": "555.80000", "2018-03-31": "578.20000", "2017-12-31": "600.80000", "2017-09-30": "604.50000", "2017-06-30": "636.90000", "2017-03-31": "636.90000", "2016-12-31": "654.10000", "2016-09-30": "397.50000", "2016-06-30": "412.60000", "2016-03-31": "402.20000", "2015-12-31": "388.40000", "2015-09-30": "343.50000", "2015-06-30": "377.70000", "2015-03-31": "364.80000", "2014-12-31": "355.90000", "2014-09-30": "349.65600", "2014-06-30": "382.56100", "2014-03-31": "310.70000", "2013-12-31": "339.37800", "2013-09-30": "315.67400", "2013-06-30": "321.78100", "2013-03-31": "306.42700", "2012-12-31": "315.05700", "2012-09-30": "304.65200", "2012-06-30": "308.55400", "2012-03-31": "302.11900", "2011-12-31": "315.06800", "2011-09-30": "298.13800", "2011-06-30": "296.84400", "2011-03-31": "286.47500", "2010-12-31": "304.87700", "2010-09-30": "270.77100", "2010-06-30": "246.46000", "2010-03-31": "228.31900", "2009-12-31": "253.29400", "2009-09-30": "226.39300", "2009-06-30": "224.41100", "2009-03-31": "211.29500", "2008-12-31": "268.01100", "2008-09-30": "249.34300", "2008-06-30": "237.73300", "2008-03-31": "220.34000", "2007-12-31": "241.00400", "2007-09-30": "208.98700", "2007-06-30": "211.58200", "2007-03-31": "202.93500", "2006-12-31": "178.41500", "2006-09-30": "156.94000", "2006-06-30": "140.05400", "2006-03-31": "127.81700", "2005-12-31": "122.59700", "2005-09-30": "107.27800", "2005-06-30": "105.55300", "2005-03-31": "148.57600"}, "Common Stock Net": {"2020-09-30": "", "2020-06-30": "", "2020-03-31": "", "2019-12-31": "", "2019-09-30": "", "2019-06-30": "", "2019-03-31": "", "2018-12-31": "", "2018-09-30": "", "2018-06-30": "", "2018-03-31": "", "2017-12-31": "", "2017-09-30": "", "2017-06-30": "", "2017-03-31": "0.00000", "2016-12-31": "", "2016-09-30": "", "2016-06-30": "", "2016-03-31": "", "2015-12-31": "", "2015-09-30": "", "2015-06-30": "", "2015-03-31": "", "2014-12-31": "", "2014-09-30": "0.00500", "2014-06-30": "0.00500", "2014-03-31": "0.00500", "2013-12-31": "0.00500", "2013-09-30": "0.00500", "2013-06-30": "0.00500", "2013-03-31": "0.00500", "2012-12-31": "0.00500", "2012-09-30": "0.00500", "2012-06-30": "0.00500", "2012-03-31": "0.00500", "2011-12-31": "0.00500", "2011-09-30": "0.00500", "2011-06-30": "0.00500", "2011-03-31": "0.00500", "2010-12-31": "0.00500", "2010-09-30": "0.00500", "2010-06-30": "0.00500", "2010-03-31": "0.00500", "2009-12-31": "0.00500", "2009-09-30": "0.00400", "2009-06-30": "0.00400", "2009-03-31": "0.00400", "2008-12-31": "0.00400", "2008-09-30": "0.00400", "2008-06-30": "0.00400", "2008-03-31": "0.00400", "2007-12-31": "0.00400", "2007-09-30": "0.00400", "2007-06-30": "0.00400", "2007-03-31": "0.00400", "2006-12-31": "0.00400", "2006-09-30": "0.00400", "2006-06-30": "0.00400", "2006-03-31": "0.00400", "2005-12-31": "0.00400", "2005-09-30": "0.00400", "2005-06-30": "0.00400", "2005-03-31": "0.00400"}, "Retained Earnings (Accumulated Deficit)": {"2020-09-30": "1340.50000", "2020-06-30": "1264.30000", "2020-03-31": "1229.00000", "2019-12-31": "1217.90000", "2019-09-30": "1215.30000", "2019-06-30": "1166.20000", "2019-03-31": "1136.10000", "2018-12-31": "1114.80000", "2018-09-30": "1095.00000", "2018-06-30": "1038.10000", "2018-03-31": "1007.00000", "2017-12-31": "958.70000", "2017-09-30": "940.20000", "2017-06-30": "906.30000", "2017-03-31": "870.00000", "2016-12-31": "861.90000", "2016-09-30": "801.50000", "2016-06-30": "780.80000", "2016-03-31": "758.40000", "2015-12-31": "739.20000", "2015-09-30": "711.40000", "2015-06-30": "686.40000", "2015-03-31": "662.80000", "2014-12-31": "641.50000", "2014-09-30": "618.48400", "2014-06-30": "595.91100", "2014-03-31": "613.32600", "2013-12-31": "594.62600", "2013-09-30": "576.82800", "2013-06-30": "545.34700", "2013-03-31": "520.09600", "2012-12-31": "496.35400", "2012-09-30": "469.29500", "2012-06-30": "447.02600", "2012-03-31": "424.08600", "2011-12-31": "409.02200", "2011-09-30": "386.14800", "2011-06-30": "367.31000", "2011-03-31": "343.40200", "2010-12-31": "323.40800", "2010-09-30": "303.19600", "2010-06-30": "284.93500", "2010-03-31": "266.93300", "2009-12-31": "239.57300", "2009-09-30": "232.31500", "2009-06-30": "209.79500", "2009-03-31": "189.25100", "2008-12-31": "164.28900", "2008-09-30": "145.01900", "2008-06-30": "122.83200", "2008-03-31": "94.83300", "2007-12-31": "71.75700", "2007-09-30": "51.74700", "2007-06-30": "31.89400", "2007-03-31": "13.62100", "2006-12-31": "1.15400", "2006-09-30": "-12.45700", "2006-06-30": "-26.00400", "2006-03-31": "-37.16900", "2005-12-31": "-50.60800", "2005-09-30": "-60.70100", "2005-06-30": "-68.22000", "2005-03-31": "-77.71800"}, "Comprehensive Income": {"2020-09-30": "-65.30000", "2020-06-30": "-89.90000", "2020-03-31": "-104.80000", "2019-12-31": "-60.60000", "2019-09-30": "-90.90000", "2019-06-30": "-72.50000", "2019-03-31": "-70.20000", "2018-12-31": "-75.00000", "2018-09-30": "-66.70000", "2018-06-30": "-60.90000", "2018-03-31": "-39.50000", "2017-12-31": "-46.60000", "2017-09-30": "-48.90000", "2017-06-30": "-59.50000", "2017-03-31": "-72.80000", "2016-12-31": "-81.50000", "2016-09-30": "-63.30000", "2016-06-30": "-62.40000", "2016-03-31": "-49.50000", "2015-12-31": "-54.60000", "2015-09-30": "-50.30000", "2015-06-30": "-36.00000", "2015-03-31": "-44.50000", "2014-12-31": "-24.80000", "2014-09-30": "-8.43500", "2014-06-30": "10.66400", "2014-03-31": "7.75100", "2013-12-31": "5.17300", "2013-09-30": "5.98100", "2013-06-30": "-6.07900", "2013-03-31": "1.44300", "2012-12-31": "9.71200", "2012-09-30": "8.65100", "2012-06-30": "0.26800", "2012-03-31": "9.62400", "2011-12-31": "1.61200", "2011-09-30": "3.41500", "2011-06-30": "17.83200", "2011-03-31": "14.83100", "2010-12-31": "5.11800", "2010-09-30": "5.65300", "2010-06-30": "-13.20900", "2010-03-31": "-4.39200", "2009-12-31": "0.03300", "2009-09-30": "2.16000", "2009-06-30": "-0.87800", "2009-03-31": "-18.38300", "2008-12-31": "-15.88500", "2008-09-30": "3.64400", "2008-06-30": "10.55300", "2008-03-31": "10.11800", "2007-12-31": "7.65800", "2007-09-30": "6.00400", "2007-06-30": "4.72400", "2007-03-31": "3.51100", "2006-12-31": "2.82400", "2006-09-30": "1.21600", "2006-06-30": "1.46900", "2006-03-31": "1.09400", "2005-12-31": "1.00500", "2005-09-30": "1.10800", "2005-06-30": "1.16300", "2005-03-31": "1.01200"}, "Other Share Holders Equity": {"2020-09-30": "", "2020-06-30": "", "2020-03-31": "", "2019-12-31": "", "2019-09-30": "", "2019-06-30": "", "2019-03-31": "", "2018-12-31": "", "2018-09-30": "", "2018-06-30": "", "2018-03-31": "", "2017-12-31": "", "2017-09-30": "", "2017-06-30": "", "2017-03-31": "", "2016-12-31": "", "2016-09-30": "", "2016-06-30": "", "2016-03-31": "", "2015-12-31": "", "2015-09-30": "", "2015-06-30": "", "2015-03-31": "", "2014-12-31": "", "2014-09-30": "", "2014-06-30": "", "2014-03-31": "", "2013-12-31": "", "2013-09-30": "", "2013-06-30": "", "2013-03-31": "", "2012-12-31": "", "2012-09-30": "", "2012-06-30": "", "2012-03-31": "", "2011-12-31": "", "2011-09-30": "", "2011-06-30": "", "2011-03-31": "", "2010-12-31": "", "2010-09-30": "", "2010-06-30": "", "2010-03-31": "", "2009-12-31": "", "2009-09-30": "", "2009-06-30": "", "2009-03-31": "", "2008-12-31": "", "2008-09-30": "", "2008-06-30": "", "2008-03-31": "", "2007-12-31": "", "2007-09-30": "", "2007-06-30": "", "2007-03-31": "", "2006-12-31": "", "2006-09-30": "", "2006-06-30": "", "2006-03-31": "", "2005-12-31": "", "2005-09-30": "", "2005-06-30": "", "2005-03-31": ""}, "Share Holder Equity": {"2020-09-30": "1177.10000", "2020-06-30": "1086.90000", "2020-03-31": "1032.70000", "2019-12-31": "1083.60000", "2019-09-30": "1041.90000", "2019-06-30": "1003.40000", "2019-03-31": "968.20000", "2018-12-31": "934.70000", "2018-09-30": "927.60000", "2018-06-30": "871.40000", "2018-03-31": "858.30000", "2017-12-31": "804.90000", "2017-09-30": "779.20000", "2017-06-30": "739.10000", "2017-03-31": "718.70000", "2016-12-31": "696.80000", "2016-09-30": "662.00000", "2016-06-30": "639.40000", "2016-03-31": "630.50000", "2015-12-31": "640.60000", "2015-09-30": "680.10000", "2015-06-30": "669.90000", "2015-03-31": "661.00000", "2014-12-31": "654.40000", "2014-09-30": "670.51900", "2014-06-30": "668.66200", "2014-03-31": "696.71700", "2013-12-31": "691.29000", "2013-09-30": "758.47600", "2013-06-30": "717.27600", "2013-03-31": "739.12200", "2012-12-31": "726.89500", "2012-09-30": "756.73100", "2012-06-30": "797.22500", "2012-03-31": "864.26600", "2011-12-31": "857.01600", "2011-09-30": "836.12800", "2011-06-30": "856.22200", "2011-03-31": "823.75300", "2010-12-31": "781.42500", "2010-09-30": "755.42600", "2010-06-30": "716.06600", "2010-03-31": "702.08300", "2009-12-31": "665.78900", "2009-09-30": "652.58500", "2009-06-30": "618.41400", "2009-03-31": "564.31100", "2008-12-31": "535.92900", "2008-09-30": "525.40700", "2008-06-30": "497.92400", "2008-03-31": "448.30000", "2007-12-31": "408.30300", "2007-09-30": "356.18500", "2007-06-30": "320.30100", "2007-03-31": "288.62100", "2006-12-31": "269.42300", "2006-09-30": "239.94900", "2006-06-30": "219.72400", "2006-03-31": "196.03200", "2005-12-31": "173.71400", "2005-09-30": "157.14500", "2005-06-30": "144.11100", "2005-03-31": "70.34200"}, "Total Liabilities And Share Holders Equity": {"2020-09-30": "2563.00000", "2020-06-30": "2350.90000", "2020-03-31": "2292.00000", "2019-12-31": "2370.90000", "2019-09-30": "2282.50000", "2019-06-30": "1572.30000", "2019-03-31": "1551.60000", "2018-12-31": "1453.80000", "2018-09-30": "1439.50000", "2018-06-30": "1427.20000", "2018-03-31": "1436.50000", "2017-12-31": "1405.70000", "2017-09-30": "1383.70000", "2017-06-30": "1376.00000", "2017-03-31": "1355.60000", "2016-12-31": "1350.90000", "2016-09-30": "1059.50000", "2016-06-30": "1052.00000", "2016-03-31": "1032.70000", "2015-12-31": "1029.00000", "2015-09-30": "1023.60000", "2015-06-30": "1047.60000", "2015-03-31": "1025.80000", "2014-12-31": "1010.30000", "2014-09-30": "1020.17500", "2014-06-30": "1051.22300", "2014-03-31": "1007.41700", "2013-12-31": "1030.66800", "2013-09-30": "1074.15000", "2013-06-30": "1039.05700", "2013-03-31": "1045.54900", "2012-12-31": "1041.95200", "2012-09-30": "1061.38300", "2012-06-30": "1105.77900", "2012-03-31": "1166.38500", "2011-12-31": "1172.08400", "2011-09-30": "1134.26600", "2011-06-30": "1153.06600", "2011-03-31": "1110.22800", "2010-12-31": "1086.30200", "2010-09-30": "1026.19700", "2010-06-30": "962.52600", "2010-03-31": "930.40200", "2009-12-31": "919.08300", "2009-09-30": "878.97800", "2009-06-30": "842.82500", "2009-03-31": "775.60600", "2008-12-31": "803.94000", "2008-09-30": "774.75000", "2008-06-30": "735.65700", "2008-03-31": "668.64000", "2007-12-31": "649.30700", "2007-09-30": "565.17200", "2007-06-30": "531.88300", "2007-03-31": "491.55600", "2006-12-31": "447.83800", "2006-09-30": "396.88900", "2006-06-30": "359.77800", "2006-03-31": "323.84900", "2005-12-31": "296.31100", "2005-09-30": "264.42300", "2005-06-30": "249.66400", "2005-03-31": "218.91800"}}, "cash flow statement": {"Net Income/Loss": {"2019-12-31": "152.00000", "2018-12-31": "183.00000", "2017-12-31": "136.90000", "2016-12-31": "161.00000", "2015-12-31": "132.80000", "2014-12-31": "78.30000", "2013-12-31": "123.40000", "2012-12-31": "107.96200", "2011-12-31": "98.31400", "2010-12-31": "86.45700", "2009-12-31": "81.99700", "2008-12-31": "90.02600", "2007-12-31": "73.92200", "2006-12-31": "51.76200", "2005-12-31": "31.11700"}, "Total Depreciation And Amortization - Cash Flow": {"2019-12-31": "117.70000", "2018-12-31": "96.70000", "2017-12-31": "91.20000", "2016-12-31": "70.70000", "2015-12-31": "64.40000", "2014-12-31": "54.90000", "2013-12-31": "45.70000", "2012-12-31": "43.09600", "2011-12-31": "42.91300", "2010-12-31": "39.66400", "2009-12-31": "31.96100", "2008-12-31": "25.99600", "2007-12-31": "21.25700", "2006-12-31": "14.97500", "2005-12-31": "8.26600"}, "Other Non-Cash Items": {"2019-12-31": "23.20000", "2018-12-31": "16.60000", "2017-12-31": "-1.30000", "2016-12-31": "-23.20000", "2015-12-31": "17.90000", "2014-12-31": "14.80000", "2013-12-31": "2.00000", "2012-12-31": "13.98800", "2011-12-31": "1.32300", "2010-12-31": "0.83400", "2009-12-31": "1.04300", "2008-12-31": "-3.80800", "2007-12-31": "-22.66400", "2006-12-31": "-11.26800", "2005-12-31": "12.38100"}, "Total Non-Cash Items": {"2019-12-31": "140.90000", "2018-12-31": "113.30000", "2017-12-31": "89.90000", "2016-12-31": "47.50000", "2015-12-31": "82.30000", "2014-12-31": "69.70000", "2013-12-31": "47.70000", "2012-12-31": "57.08400", "2011-12-31": "44.23600", "2010-12-31": "40.49800", "2009-12-31": "33.00400", "2008-12-31": "22.18800", "2007-12-31": "-1.40700", "2006-12-31": "3.70700", "2005-12-31": "20.64700"}, "Change In Accounts Receivable": {"2019-12-31": "11.30000", "2018-12-31": "-29.60000", "2017-12-31": "-1.20000", "2016-12-31": "-0.10000", "2015-12-31": "-6.90000", "2014-12-31": "-25.90000", "2013-12-31": "-1.60000", "2012-12-31": "-17.12400", "2011-12-31": "-3.85800", "2010-12-31": "-23.65200", "2009-12-31": "12.36400", "2008-12-31": "-0.65800", "2007-12-31": "-11.72300", "2006-12-31": "-9.26100", "2005-12-31": "-14.98900"}, "Change In Inventories": {"2019-12-31": "", "2018-12-31": "", "2017-12-31": "", "2016-12-31": "", "2015-12-31": "", "2014-12-31": "", "2013-12-31": "", "2012-12-31": "", "2011-12-31": "", "2010-12-31": "", "2009-12-31": "", "2008-12-31": "", "2007-12-31": "", "2006-12-31": "", "2005-12-31": ""}, "Change In Accounts Payable": {"2019-12-31": "", "2018-12-31": "", "2017-12-31": "", "2016-12-31": "", "2015-12-31": "", "2014-12-31": "", "2013-12-31": "", "2012-12-31": "", "2011-12-31": "", "2010-12-31": "", "2009-12-31": "", "2008-12-31": "", "2007-12-31": "", "2006-12-31": "", "2005-12-31": ""}, "Change In Assets/Liabilities": {"2019-12-31": "21.50000", "2018-12-31": "38.90000", "2017-12-31": "-6.10000", "2016-12-31": "9.70000", "2015-12-31": "11.50000", "2014-12-31": "-5.30000", "2013-12-31": "-1.60000", "2012-12-31": "6.96700", "2011-12-31": "10.17800", "2010-12-31": "4.13700", "2009-12-31": "-1.58000", "2008-12-31": "17.34700", "2007-12-31": "2.59100", "2006-12-31": "9.91000", "2005-12-31": "4.94400"}, "Total Change In Assets/Liabilities": {"2019-12-31": "41.50000", "2018-12-31": "18.50000", "2017-12-31": "23.30000", "2016-12-31": "5.20000", "2015-12-31": "26.40000", "2014-12-31": "-11.40000", "2013-12-31": "15.60000", "2012-12-31": "-19.05000", "2011-12-31": "22.42600", "2010-12-31": "-3.53900", "2009-12-31": "-13.74500", "2008-12-31": "37.12500", "2007-12-31": "39.85300", "2006-12-31": "43.20800", "2005-12-31": "-3.31900"}, "Cash Flow From Operating Activities": {"2019-12-31": "334.40000", "2018-12-31": "314.80000", "2017-12-31": "250.10000", "2016-12-31": "213.70000", "2015-12-31": "241.50000", "2014-12-31": "136.60000", "2013-12-31": "186.70000", "2012-12-31": "145.99600", "2011-12-31": "164.97600", "2010-12-31": "123.41600", "2009-12-31": "101.25600", "2008-12-31": "149.33900", "2007-12-31": "112.36800", "2006-12-31": "98.67700", "2005-12-31": "48.44500"}, "Net Change In Property, Plant, And Equipment": {"2019-12-31": "-80.00000", "2018-12-31": "-76.10000", "2017-12-31": "-66.60000", "2016-12-31": "-62.80000", "2015-12-31": "-57.30000", "2014-12-31": "-58.30000", "2013-12-31": "-33.60000", "2012-12-31": "-30.03900", "2011-12-31": "-23.32200", "2010-12-31": "-14.77100", "2009-12-31": "-12.37200", "2008-12-31": "-48.51900", "2007-12-31": "-11.34600", "2006-12-31": "-4.72200", "2005-12-31": "-7.45100"}, "Net Change In Intangible Assets": {"2019-12-31": "", "2018-12-31": "", "2017-12-31": "", "2016-12-31": "", "2015-12-31": "", "2014-12-31": "", "2013-12-31": "", "2012-12-31": "", "2011-12-31": "", "2010-12-31": "", "2009-12-31": "", "2008-12-31": "", "2007-12-31": "", "2006-12-31": "", "2005-12-31": ""}, "Net Acquisitions/Divestitures": {"2019-12-31": "-681.90000", "2018-12-31": "10.10000", "2017-12-31": "22.70000", "2016-12-31": "-191.60000", "2015-12-31": "-11.10000", "2014-12-31": "-64.40000", "2013-12-31": "-10.10000", "2012-12-31": "5.73400", "2011-12-31": "0.30000", "2010-12-31": "-102.32400", "2009-12-31": "-74.17500", "2008-12-31": "-105.41000", "2007-12-31": "-60.50800", "2006-12-31": "-117.33100", "2005-12-31": "-8.19200"}, "Net Change In Short-term Investments": {"2019-12-31": "16.10000", "2018-12-31": "0.50000", "2017-12-31": "-24.80000", "2016-12-31": "-16.50000", "2015-12-31": "-6.20000", "2014-12-31": "", "2013-12-31": "-2.80000", "2012-12-31": "-10.30400", "2011-12-31": "-2.45000", "2010-12-31": "0.00000", "2009-12-31": "", "2008-12-31": "", "2007-12-31": "", "2006-12-31": "", "2005-12-31": ""}, "Net Change In Long-Term Investments": {"2019-12-31": "-0.40000", "2018-12-31": "15.50000", "2017-12-31": "7.30000", "2016-12-31": "-3.40000", "2015-12-31": "-4.70000", "2014-12-31": "91.20000", "2013-12-31": "31.10000", "2012-12-31": "114.82600", "2011-12-31": "-85.32500", "2010-12-31": "28.64600", "2009-12-31": "-83.91900", "2008-12-31": "-24.94500", "2007-12-31": "-30.98000", "2006-12-31": "-6.58600", "2005-12-31": "-1.28800"}, "Net Change In Investments - Total": {"2019-12-31": "15.70000", "2018-12-31": "16.00000", "2017-12-31": "-17.50000", "2016-12-31": "-19.90000", "2015-12-31": "-10.90000", "2014-12-31": "91.20000", "2013-12-31": "28.30000", "2012-12-31": "104.52200", "2011-12-31": "-87.77500", "2010-12-31": "28.64600", "2009-12-31": "-83.91900", "2008-12-31": "-24.94500", "2007-12-31": "-30.98000", "2006-12-31": "-6.58600", "2005-12-31": "-1.28800"}, "Investing Activities - Other": {"2019-12-31": "-0.10000", "2018-12-31": "0.10000", "2017-12-31": "0.60000", "2016-12-31": "0.10000", "2015-12-31": "-0.20000", "2014-12-31": "0.30000", "2013-12-31": "0.50000", "2012-12-31": "-0.02500", "2011-12-31": "0.03000", "2010-12-31": "0.50000", "2009-12-31": "-4.20900", "2008-12-31": "-0.25000", "2007-12-31": "-0.00400", "2006-12-31": "-0.36300", "2005-12-31": "0.01800"}, "Cash Flow From Investing Activities": {"2019-12-31": "-746.30000", "2018-12-31": "-49.90000", "2017-12-31": "-60.80000", "2016-12-31": "-274.20000", "2015-12-31": "-79.50000", "2014-12-31": "-31.20000", "2013-12-31": "-14.90000", "2012-12-31": "80.19200", "2011-12-31": "-110.76700", "2010-12-31": "-87.94900", "2009-12-31": "-174.67500", "2008-12-31": "-179.12400", "2007-12-31": "-102.83800", "2006-12-31": "-129.00200", "2005-12-31": "-16.91300"}, "Net Long-Term Debt": {"2019-12-31": "444.40000", "2018-12-31": "-110.00000", "2017-12-31": "-70.00000", "2016-12-31": "190.00000", "2015-12-31": "", "2014-12-31": "", "2013-12-31": "", "2012-12-31": "", "2011-12-31": "", "2010-12-31": "", "2009-12-31": "", "2008-12-31": "", "2007-12-31": "", "2006-12-31": "", "2005-12-31": "-0.01800"}, "Net Current Debt": {"2019-12-31": "", "2018-12-31": "", "2017-12-31": "", "2016-12-31": "25.00000", "2015-12-31": "5.00000", "2014-12-31": "30.00000", "2013-12-31": "", "2012-12-31": "", "2011-12-31": "", "2010-12-31": "", "2009-12-31": "", "2008-12-31": "", "2007-12-31": "", "2006-12-31": "", "2005-12-31": ""}, "Debt Issuance/Retirement Net - Total": {"2019-12-31": "444.40000", "2018-12-31": "-110.00000", "2017-12-31": "-70.00000", "2016-12-31": "215.00000", "2015-12-31": "5.00000", "2014-12-31": "30.00000", "2013-12-31": "", "2012-12-31": "", "2011-12-31": "", "2010-12-31": "", "2009-12-31": "", "2008-12-31": "", "2007-12-31": "", "2006-12-31": "", "2005-12-31": "-0.01800"}, "Net Common Equity Issued/Repurchased": {"2019-12-31": "-4.70000", "2018-12-31": "-20.80000", "2017-12-31": "-42.10000", "2016-12-31": "-48.40000", "2015-12-31": "-93.10000", "2014-12-31": "-70.10000", "2013-12-31": "-149.00000", "2012-12-31": "-242.71200", "2011-12-31": "-27.80600", "2010-12-31": "5.43500", "2009-12-31": "16.43900", "2008-12-31": "23.42800", "2007-12-31": "22.03700", "2006-12-31": "20.24900", "2005-12-31": "25.27400"}, "Net Total Equity Issued/Repurchased": {"2019-12-31": "-4.70000", "2018-12-31": "-20.80000", "2017-12-31": "-42.10000", "2016-12-31": "-48.40000", "2015-12-31": "-93.10000", "2014-12-31": "-70.10000", "2013-12-31": "-149.00000", "2012-12-31": "-242.71200", "2011-12-31": "-27.80600", "2010-12-31": "5.43500", "2009-12-31": "16.43900", "2008-12-31": "23.42800", "2007-12-31": "22.03700", "2006-12-31": "20.24900", "2005-12-31": "25.27400"}, "Total Common And Preferred Stock Dividends Paid": {"2019-12-31": "-47.80000", "2018-12-31": "-42.60000", "2017-12-31": "-39.30000", "2016-12-31": "-37.90000", "2015-12-31": "-33.70000", "2014-12-31": "-30.50000", "2013-12-31": "-17.40000", "2012-12-31": "-25.48700", "2011-12-31": "-10.04100", "2010-12-31": "", "2009-12-31": "", "2008-12-31": "", "2007-12-31": "", "2006-12-31": "", "2005-12-31": ""}, "Financial Activities - Other": {"2019-12-31": "-18.20000", "2018-12-31": "-15.40000", "2017-12-31": "-6.10000", "2016-12-31": "-5.00000", "2015-12-31": "-5.70000", "2014-12-31": "-5.50000", "2013-12-31": "0.00000", "2012-12-31": "3.02300", "2011-12-31": "5.25100", "2010-12-31": "7.09000", "2009-12-31": "8.88100", "2008-12-31": "27.30900", "2007-12-31": "30.42800", "2006-12-31": "13.73400", "2005-12-31": ""}, "Cash Flow From Financial Activities": {"2019-12-31": "373.70000", "2018-12-31": "-188.80000", "2017-12-31": "-157.50000", "2016-12-31": "123.70000", "2015-12-31": "-127.50000", "2014-12-31": "-76.10000", "2013-12-31": "-166.40000", "2012-12-31": "-265.17600", "2011-12-31": "-32.59600", "2010-12-31": "12.52500", "2009-12-31": "25.32000", "2008-12-31": "50.73700", "2007-12-31": "52.46500", "2006-12-31": "33.98300", "2005-12-31": "25.25600"}, "Net Cash Flow": {"2019-12-31": "-35.20000", "2018-12-31": "61.10000", "2017-12-31": "49.10000", "2016-12-31": "52.00000", "2015-12-31": "21.90000", "2014-12-31": "17.00000", "2013-12-31": "4.30000", "2012-12-31": "-36.54800", "2011-12-31": "20.26100", "2010-12-31": "49.68000", "2009-12-31": "-43.39500", "2008-12-31": "14.31500", "2007-12-31": "63.43600", "2006-12-31": "3.77300", "2005-12-31": "56.46000"}, "Stock-Based Compensation": {"2019-12-31": "44.40000", "2018-12-31": "31.70000", "2017-12-31": "24.10000", "2016-12-31": "14.50000", "2015-12-31": "17.40000", "2014-12-31": "17.60000", "2013-12-31": "15.00000", "2012-12-31": "18.90500", "2011-12-31": "15.30300", "2010-12-31": "13.79300", "2009-12-31": "11.59300", "2008-12-31": "11.28100", "2007-12-31": "10.97800", "2006-12-31": "8.57500", "2005-12-31": "10.89500"}, "Common Stock Dividends Paid": {"2019-12-31": "-47.80000", "2018-12-31": "-42.60000", "2017-12-31": "-39.30000", "2016-12-31": "-37.90000", "2015-12-31": "-33.70000", "2014-12-31": "-30.50000", "2013-12-31": "-17.40000", "2012-12-31": "-25.48700", "2011-12-31": "-10.04100", "2010-12-31": "0.00000", "2009-12-31": "", "2008-12-31": "", "2007-12-31": "", "2006-12-31": "", "2005-12-31": ""}}, "cash flow statement, quarterly": {"Net Income/Loss": {"2020-09-30": 76.2, "2020-06-30": 48.2, "2020-03-31": "23.90000", "2019-12-31": 27.6, "2019-09-30": 49.1, "2019-06-30": 42.1, "2019-03-31": "33.20000", "2018-12-31": 42.4, "2018-09-30": 56.9, "2018-06-30": 41.8, "2018-03-31": "41.90000", "2017-12-31": 38.9, "2017-09-30": 33.9, "2017-06-30": 46.1, "2017-03-31": "18.00000", "2016-12-31": 70.3, "2016-09-30": 30.2, "2016-06-30": 31.8, "2016-03-31": "28.70000", "2015-12-31": 37.3, "2015-09-30": 33.5, "2015-06-30": 32.2, "2015-03-31": "29.80000", "2014-12-31": 31.6, "2014-09-30": 30.1, "2014-06-30": -9.7, "2014-03-31": "26.30000", "2013-12-31": 31.291, "2013-09-30": 31.434, "2013-06-30": 31.1, "2013-03-31": "29.57500", "2012-12-31": 32.929, "2012-09-30": 27.036, "2012-06-30": 27.884, "2012-03-31": "20.11300", "2011-12-31": 28.018, "2011-09-30": 21.37, "2011-06-30": 26.487, "2011-03-31": "22.43900", "2010-12-31": 23.6, "2010-09-30": 24.783, "2010-06-30": 17.917, "2010-03-31": "20.15700", "2009-12-31": 14.011, "2009-09-30": 22.498, "2009-06-30": 20.615, "2009-03-31": "24.87300", "2008-12-31": 16.392, "2008-09-30": 22.224, "2008-06-30": 28.086, "2008-03-31": "23.32400", "2007-12-31": 20.01, "2007-09-30": 19.853, "2007-06-30": 18.273, "2007-03-31": "15.78600", "2006-12-31": 13.611, "2006-09-30": 13.547, "2006-06-30": 11.165, "2006-03-31": "13.43900", "2005-12-31": 10.093, "2005-09-30": 7.519, "2005-06-30": 9.498, "2005-03-31": "4.00700"}, "Total Depreciation And Amortization - Cash Flow": {"2020-09-30": 35.8, "2020-06-30": 33.7, "2020-03-31": "34.20000", "2019-12-31": 33.7, "2019-09-30": 34.6, "2019-06-30": 25.9, "2019-03-31": "23.50000", "2018-12-31": 25.5, "2018-09-30": 24.7, "2018-06-30": 23.6, "2018-03-31": "22.90000", "2017-12-31": 26.4, "2017-09-30": 21.8, "2017-06-30": 21.5, "2017-03-31": "21.50000", "2016-12-31": 18.7, "2016-09-30": 18.1, "2016-06-30": 17.3, "2016-03-31": "16.60000", "2015-12-31": 16.6, "2015-09-30": 16.4, "2015-06-30": 16.3, "2015-03-31": "15.10000", "2014-12-31": 14.6, "2014-09-30": 14.5, "2014-06-30": 13.4, "2014-03-31": "12.40000", "2013-12-31": 11.842, "2013-09-30": 11.257, "2013-06-30": 11.262, "2013-03-31": "11.33900", "2012-12-31": 11.48, "2012-09-30": 10.822, "2012-06-30": 10.619, "2012-03-31": "10.17500", "2011-12-31": 11.201, "2011-09-30": 10.947, "2011-06-30": 10.563, "2011-03-31": "10.20200", "2010-12-31": 11.582, "2010-09-30": 9.897, "2010-06-30": 9.246, "2010-03-31": "8.93900", "2009-12-31": 8.614, "2009-09-30": 6.631, "2009-06-30": 8.85, "2009-03-31": "7.86600", "2008-12-31": 7.297, "2008-09-30": 6.266, "2008-06-30": 6.276, "2008-03-31": "6.15700", "2007-12-31": 5.414, "2007-09-30": 5.662, "2007-06-30": 5.486, "2007-03-31": "4.69500", "2006-12-31": 4.535, "2006-09-30": 4.267, "2006-06-30": 3.767, "2006-03-31": "2.40600", "2005-12-31": 1.796, "2005-09-30": 2.222, "2005-06-30": 1.852, "2005-03-31": "2.39600"}, "Other Non-Cash Items": {"2020-09-30": -16.2, "2020-06-30": 6.2, "2020-03-31": "19.50000", "2019-12-31": 8.3, "2019-09-30": -7.8, "2019-06-30": 7.9, "2019-03-31": "14.80000", "2018-12-31": 1.4, "2018-09-30": 1.5, "2018-06-30": 8.7, "2018-03-31": "5.00000", "2017-12-31": -6.5, "2017-09-30": 8.2, "2017-06-30": -7.7, "2017-03-31": "4.70000", "2016-12-31": -25.7, "2016-09-30": -1.8, "2016-06-30": 3.5, "2016-03-31": "0.80000", "2015-12-31": 8.5, "2015-09-30": -0.2, "2015-06-30": 7.6, "2015-03-31": "2.00000", "2014-12-31": 15.9, "2014-09-30": 2.5, "2014-06-30": -3.5, "2014-03-31": "-0.10000", "2013-12-31": 1.32, "2013-09-30": 0.244, "2013-06-30": 2.128, "2013-03-31": "-1.69200", "2012-12-31": 7.118, "2012-09-30": 3.12, "2012-06-30": 4.381, "2012-03-31": "-0.63100", "2011-12-31": -2.226, "2011-09-30": 2.76, "2011-06-30": 2.54, "2011-03-31": "-1.75100", "2010-12-31": -1.115, "2010-09-30": -0.325, "2010-06-30": 3.107, "2010-03-31": "-0.83300", "2009-12-31": 0.374, "2009-09-30": 1.302, "2009-06-30": -1.947, "2009-03-31": "1.31400", "2008-12-31": 10.278, "2008-09-30": -3.468, "2008-06-30": -9.916, "2008-03-31": "-0.70200", "2007-12-31": -16.438, "2007-09-30": -2.013, "2007-06-30": -3.211, "2007-03-31": "-1.00200", "2006-12-31": -4.369, "2006-09-30": -2.939, "2006-06-30": -1.831, "2006-03-31": "-2.12900", "2005-12-31": 3.706, "2005-09-30": 4.03, "2005-06-30": 1.197, "2005-03-31": "3.44800"}, "Total Non-Cash Items": {"2020-09-30": 19.6, "2020-06-30": 39.9, "2020-03-31": "53.70000", "2019-12-31": 42, "2019-09-30": 26.8, "2019-06-30": 33.8, "2019-03-31": "38.30000", "2018-12-31": 26.9, "2018-09-30": 26.2, "2018-06-30": 32.3, "2018-03-31": "27.90000", "2017-12-31": 19.9, "2017-09-30": 30, "2017-06-30": 13.8, "2017-03-31": "26.20000", "2016-12-31": -7, "2016-09-30": 16.3, "2016-06-30": 20.8, "2016-03-31": "17.40000", "2015-12-31": 25.1, "2015-09-30": 16.2, "2015-06-30": 23.9, "2015-03-31": "17.10000", "2014-12-31": 30.5, "2014-09-30": 17, "2014-06-30": 9.9, "2014-03-31": "12.30000", "2013-12-31": 13.162, "2013-09-30": 11.501, "2013-06-30": 13.39, "2013-03-31": "9.64700", "2012-12-31": 18.598, "2012-09-30": 13.942, "2012-06-30": 15, "2012-03-31": "9.54400", "2011-12-31": 8.975, "2011-09-30": 13.707, "2011-06-30": 13.103, "2011-03-31": "8.45100", "2010-12-31": 10.467, "2010-09-30": 9.572, "2010-06-30": 12.353, "2010-03-31": "8.10600", "2009-12-31": 8.988, "2009-09-30": 7.933, "2009-06-30": 6.903, "2009-03-31": "9.18000", "2008-12-31": 17.575, "2008-09-30": 2.798, "2008-06-30": -3.64, "2008-03-31": "5.45500", "2007-12-31": -11.024, "2007-09-30": 3.649, "2007-06-30": 2.275, "2007-03-31": "3.69300", "2006-12-31": 0.166, "2006-09-30": 1.328, "2006-06-30": 1.936, "2006-03-31": "0.27700", "2005-12-31": 5.502, "2005-09-30": 6.252, "2005-06-30": 3.049, "2005-03-31": "5.84400"}, "Change In Accounts Receivable": {"2020-09-30": 3.4, "2020-06-30": 4.4, "2020-03-31": "-2.30000", "2019-12-31": -19.3, "2019-09-30": 28.1, "2019-06-30": 4.5, "2019-03-31": "-2.00000", "2018-12-31": -0.5, "2018-09-30": -11, "2018-06-30": -8.3, "2018-03-31": "-9.80000", "2017-12-31": -0.9, "2017-09-30": -3.6, "2017-06-30": -0.7, "2017-03-31": "4.00000", "2016-12-31": -13.2, "2016-09-30": 12.1, "2016-06-30": 8.8, "2016-03-31": "-7.80000", "2015-12-31": -15.9, "2015-09-30": 17.8, "2015-06-30": -0.2, "2015-03-31": "-8.60000", "2014-12-31": -13.3, "2014-09-30": 6.7, "2014-06-30": -2.5, "2014-03-31": "-16.80000", "2013-12-31": -0.351, "2013-09-30": -1.773, "2013-06-30": 6.43, "2013-03-31": "-5.90600", "2012-12-31": -10.555, "2012-09-30": -2.175, "2012-06-30": 3.045, "2012-03-31": "-7.43900", "2011-12-31": -3.455, "2011-09-30": -1.02, "2011-06-30": 3.974, "2011-03-31": "-3.35700", "2010-12-31": -16.398, "2010-09-30": -0.639, "2010-06-30": -1.748, "2010-03-31": "-4.86700", "2009-12-31": -1.157, "2009-09-30": 4.209, "2009-06-30": 9.143, "2009-03-31": "0.16900", "2008-12-31": -0.479, "2008-09-30": 3.043, "2008-06-30": 2.484, "2008-03-31": "-5.70600", "2007-12-31": -4.745, "2007-09-30": -1.522, "2007-06-30": 2.126, "2007-03-31": "-7.58200", "2006-12-31": -6.886, "2006-09-30": 0.383, "2006-06-30": -1.872, "2006-03-31": "-0.88600", "2005-12-31": -11.528, "2005-09-30": 3.016, "2005-06-30": 0.674, "2005-03-31": "-7.15100"}, "Change In Inventories": {"2020-09-30": 0, "2020-06-30": 0, "2020-03-31": "", "2019-12-31": 0, "2019-09-30": 0, "2019-06-30": 0, "2019-03-31": "", "2018-12-31": 0, "2018-09-30": 0, "2018-06-30": 0, "2018-03-31": "", "2017-12-31": 0, "2017-09-30": 0, "2017-06-30": 0, "2017-03-31": "", "2016-12-31": 0, "2016-09-30": 0, "2016-06-30": 0, "2016-03-31": "", "2015-12-31": 0, "2015-09-30": 0, "2015-06-30": 0, "2015-03-31": "", "2014-12-31": 0, "2014-09-30": 0, "2014-06-30": 0, "2014-03-31": "", "2013-12-31": 0, "2013-09-30": 0, "2013-06-30": 0, "2013-03-31": "", "2012-12-31": 0, "2012-09-30": 0, "2012-06-30": 0, "2012-03-31": "", "2011-12-31": 0, "2011-09-30": 0, "2011-06-30": 0, "2011-03-31": "", "2010-12-31": 0, "2010-09-30": 0, "2010-06-30": 0, "2010-03-31": "", "2009-12-31": 0, "2009-09-30": 0, "2009-06-30": 0, "2009-03-31": "", "2008-12-31": 0, "2008-09-30": 0, "2008-06-30": 0, "2008-03-31": "", "2007-12-31": 0, "2007-09-30": 0, "2007-06-30": 0, "2007-03-31": "", "2006-12-31": 0, "2006-09-30": 0, "2006-06-30": 0, "2006-03-31": "", "2005-12-31": 0, "2005-09-30": 0, "2005-06-30": 0, "2005-03-31": ""}, "Change In Accounts Payable": {"2020-09-30": 0, "2020-06-30": 0, "2020-03-31": "", "2019-12-31": 0, "2019-09-30": 0, "2019-06-30": 0, "2019-03-31": "", "2018-12-31": 0, "2018-09-30": 0, "2018-06-30": 0, "2018-03-31": "", "2017-12-31": 0, "2017-09-30": 0, "2017-06-30": 0, "2017-03-31": "", "2016-12-31": 0, "2016-09-30": 0, "2016-06-30": 0, "2016-03-31": "", "2015-12-31": 0, "2015-09-30": 0, "2015-06-30": 0, "2015-03-31": "", "2014-12-31": 0, "2014-09-30": 0, "2014-06-30": 0, "2014-03-31": "", "2013-12-31": 0, "2013-09-30": 0, "2013-06-30": 0, "2013-03-31": "", "2012-12-31": 0, "2012-09-30": 0, "2012-06-30": 0, "2012-03-31": "", "2011-12-31": 0, "2011-09-30": 0, "2011-06-30": 0, "2011-03-31": "", "2010-12-31": 0, "2010-09-30": 0, "2010-06-30": 0, "2010-03-31": "", "2009-12-31": 0, "2009-09-30": 0, "2009-06-30": 0, "2009-03-31": "", "2008-12-31": 0, "2008-09-30": 0, "2008-06-30": 0, "2008-03-31": "", "2007-12-31": 0, "2007-09-30": 0, "2007-06-30": 0, "2007-03-31": "", "2006-12-31": 0, "2006-09-30": 0, "2006-06-30": 0, "2006-03-31": "", "2005-12-31": 0, "2005-09-30": 0, "2005-06-30": 0, "2005-03-31": ""}, "Change In Assets/Liabilities": {"2020-09-30": -13, "2020-06-30": 2, "2020-03-31": "34.10000", "2019-12-31": 4.2, "2019-09-30": -12.7, "2019-06-30": -2.3, "2019-03-31": "32.30000", "2018-12-31": 11.9, "2018-09-30": -35.4, "2018-06-30": 5.9, "2018-03-31": "56.50000", "2017-12-31": -5.6, "2017-09-30": -10.9, "2017-06-30": -4.7, "2017-03-31": "15.10000", "2016-12-31": 6.4, "2016-09-30": -6.7, "2016-06-30": -3.5, "2016-03-31": "13.50000", "2015-12-31": -0.9, "2015-09-30": -6.8, "2015-06-30": 2.2, "2015-03-31": "17.00000", "2014-12-31": -1.6, "2014-09-30": -10.6, "2014-06-30": 1.1, "2014-03-31": "5.80000", "2013-12-31": -2.765, "2013-09-30": -4.984, "2013-06-30": -4.133, "2013-03-31": "10.28200", "2012-12-31": 3.654, "2012-09-30": -5.072, "2012-06-30": -2.117, "2012-03-31": "10.50200", "2011-12-31": 9.941, "2011-09-30": -6.868, "2011-06-30": -3.887, "2011-03-31": "10.99200", "2010-12-31": 9.525, "2010-09-30": -11.05, "2010-06-30": -3.053, "2010-03-31": "8.71500", "2009-12-31": 5.808, "2009-09-30": -8.819, "2009-06-30": -3.793, "2009-03-31": "5.22400", "2008-12-31": 11.065, "2008-09-30": -7.623, "2008-06-30": 3.543, "2008-03-31": "10.36200", "2007-12-31": 1.967, "2007-09-30": -11.761, "2007-06-30": 0.324, "2007-03-31": "12.06100", "2006-12-31": 4.853, "2006-09-30": -4.265, "2006-06-30": 1.893, "2006-03-31": "7.42900", "2005-12-31": 4.456, "2005-09-30": -2.886, "2005-06-30": -4.14, "2005-03-31": "7.51400"}, "Total Change In Assets/Liabilities": {"2020-09-30": -2.4, "2020-06-30": 39.5, "2020-03-31": "-28.90000", "2019-12-31": 12.9, "2019-09-30": 29.8, "2019-06-30": 11.3, "2019-03-31": "-12.50000", "2018-12-31": 36, "2018-09-30": -3.3, "2018-06-30": -4.3, "2018-03-31": "-9.90000", "2017-12-31": 26.6, "2017-09-30": -1.4, "2017-06-30": -4.2, "2017-03-31": "2.30000", "2016-12-31": 7.2, "2016-09-30": 13.9, "2016-06-30": 18.8, "2016-03-31": "-34.70000", "2015-12-31": -9.5, "2015-09-30": 25.9, "2015-06-30": 21.9, "2015-03-31": "-11.90000", "2014-12-31": -0.8, "2014-09-30": -38.5, "2014-06-30": 54.6, "2014-03-31": "-26.70000", "2013-12-31": 10.034, "2013-09-30": 4.143, "2013-06-30": 13.972, "2013-03-31": "-12.54900", "2012-12-31": 2.153, "2012-09-30": -3.451, "2012-06-30": 6.281, "2012-03-31": "-24.03300", "2011-12-31": 21.667, "2011-09-30": 10.083, "2011-06-30": 7.22, "2011-03-31": "-16.54400", "2010-12-31": 9.039, "2010-09-30": 0.925, "2010-06-30": 0.31, "2010-03-31": "-13.81300", "2009-12-31": 10.924, "2009-09-30": 5.635, "2009-06-30": 12.071, "2009-03-31": "-42.37500", "2008-12-31": 17.008, "2008-09-30": 24.223, "2008-06-30": 23.296, "2008-03-31": "-27.40200", "2007-12-31": 30.506, "2007-09-30": 4.878, "2007-06-30": 15.564, "2007-03-31": "-11.09500", "2006-12-31": 15.873, "2006-09-30": 14.723, "2006-06-30": 16.411, "2006-03-31": "-3.79900", "2005-12-31": 2.965, "2005-09-30": 4.465, "2005-06-30": 1.349, "2005-03-31": "-12.09800"}, "Cash Flow From Operating Activities": {"2020-09-30": 93.4, "2020-06-30": 127.6, "2020-03-31": "48.70000", "2019-12-31": 82.5, "2019-09-30": 105.7, "2019-06-30": 87.2, "2019-03-31": "59.00000", "2018-12-31": 105.3, "2018-09-30": 79.8, "2018-06-30": 69.8, "2018-03-31": "59.90000", "2017-12-31": 85.4, "2017-09-30": 62.5, "2017-06-30": 55.7, "2017-03-31": "46.50000", "2016-12-31": 70.5, "2016-09-30": 60.4, "2016-06-30": 71.4, "2016-03-31": "11.40000", "2015-12-31": 52.9, "2015-09-30": 75.6, "2015-06-30": 78, "2015-03-31": "35.00000", "2014-12-31": 61.3, "2014-09-30": 8.6, "2014-06-30": 54.8, "2014-03-31": "11.90000", "2013-12-31": 54.487, "2013-09-30": 47.078, "2013-06-30": 58.462, "2013-03-31": "26.67300", "2012-12-31": 53.68, "2012-09-30": 37.527, "2012-06-30": 49.165, "2012-03-31": "5.62400", "2011-12-31": 58.66, "2011-09-30": 45.16, "2011-06-30": 46.81, "2011-03-31": "14.34600", "2010-12-31": 43.106, "2010-09-30": 35.28, "2010-06-30": 30.58, "2010-03-31": "14.45000", "2009-12-31": 33.923, "2009-09-30": 36.066, "2009-06-30": 39.589, "2009-03-31": "-8.32200", "2008-12-31": 50.975, "2008-09-30": 49.245, "2008-06-30": 47.742, "2008-03-31": "1.37700", "2007-12-31": 39.492, "2007-09-30": 28.38, "2007-06-30": 36.112, "2007-03-31": "8.38400", "2006-12-31": 29.65, "2006-09-30": 29.598, "2006-06-30": 29.512, "2006-03-31": "9.91700", "2005-12-31": 18.56, "2005-09-30": 18.236, "2005-06-30": 13.896, "2005-03-31": "-2.24700"}, "Net Change In Property, Plant, And Equipment": {"2020-09-30": -22.6, "2020-06-30": -17, "2020-03-31": "-15.10000", "2019-12-31": -22.9, "2019-09-30": -20.1, "2019-06-30": -18.3, "2019-03-31": "-18.70000", "2018-12-31": -20.9, "2018-09-30": -19.6, "2018-06-30": -18, "2018-03-31": "-17.60000", "2017-12-31": -20.2, "2017-09-30": -13.1, "2017-06-30": -19, "2017-03-31": "-14.30000", "2016-12-31": -15.3, "2016-09-30": -18.1, "2016-06-30": -15.9, "2016-03-31": "-13.50000", "2015-12-31": -17.4, "2015-09-30": -12.3, "2015-06-30": -13.2, "2015-03-31": "-14.40000", "2014-12-31": -15.5, "2014-09-30": -12, "2014-06-30": -10, "2014-03-31": "-20.80000", "2013-12-31": -5.65, "2013-09-30": -9.069, "2013-06-30": -9.763, "2013-03-31": "-9.11800", "2012-12-31": -7.163, "2012-09-30": -4.954, "2012-06-30": -8.928, "2012-03-31": "-8.99400", "2011-12-31": -8.633, "2011-09-30": -6.271, "2011-06-30": -3.381, "2011-03-31": "-5.03700", "2010-12-31": -7.07, "2010-09-30": -3.862, "2010-06-30": -2.189, "2010-03-31": "-1.65000", "2009-12-31": -2.086, "2009-09-30": -3.518, "2009-06-30": -2.178, "2009-03-31": "-4.59000", "2008-12-31": -19.229, "2008-09-30": -11.936, "2008-06-30": -10.643, "2008-03-31": "-6.71100", "2007-12-31": -1.992, "2007-09-30": -3.466, "2007-06-30": -3.898, "2007-03-31": "-1.99000", "2006-12-31": -1.846, "2006-09-30": -0.853, "2006-06-30": -1.164, "2006-03-31": "-0.85900", "2005-12-31": -3.826, "2005-09-30": -1.298, "2005-06-30": -1.306, "2005-03-31": "-1.02100"}, "Net Change In Intangible Assets": {"2020-09-30": 0, "2020-06-30": 0, "2020-03-31": "", "2019-12-31": 0, "2019-09-30": 0, "2019-06-30": 0, "2019-03-31": "", "2018-12-31": 0, "2018-09-30": 0, "2018-06-30": 0, "2018-03-31": "", "2017-12-31": 0, "2017-09-30": 0, "2017-06-30": 0, "2017-03-31": "", "2016-12-31": 0, "2016-09-30": 0, "2016-06-30": 0, "2016-03-31": "", "2015-12-31": 0, "2015-09-30": 0, "2015-06-30": 0, "2015-03-31": "", "2014-12-31": 0, "2014-09-30": 0, "2014-06-30": 0, "2014-03-31": "", "2013-12-31": 0, "2013-09-30": 0, "2013-06-30": 0, "2013-03-31": "", "2012-12-31": 0, "2012-09-30": 0, "2012-06-30": 0, "2012-03-31": "", "2011-12-31": 0, "2011-09-30": 0, "2011-06-30": 0, "2011-03-31": "", "2010-12-31": 0, "2010-09-30": 0, "2010-06-30": 0, "2010-03-31": "", "2009-12-31": 0, "2009-09-30": 0, "2009-06-30": 0, "2009-03-31": "", "2008-12-31": 0, "2008-09-30": 0, "2008-06-30": 0, "2008-03-31": "", "2007-12-31": 0, "2007-09-30": 0, "2007-06-30": 0, "2007-03-31": "", "2006-12-31": 0, "2006-09-30": 0, "2006-06-30": 0, "2006-03-31": "", "2005-12-31": 0, "2005-09-30": 0, "2005-06-30": 0, "2005-03-31": ""}, "Net Acquisitions/Divestitures": {"2020-09-30": -52.3, "2020-06-30": -11, "2020-03-31": "-4.50000", "2019-12-31": -8, "2019-09-30": -673.9, "2019-06-30": 0, "2019-03-31": "", "2018-12-31": -0.4, "2018-09-30": 0, "2018-06-30": 0, "2018-03-31": "10.50000", "2017-12-31": 0, "2017-09-30": 0, "2017-06-30": 22.7, "2017-03-31": "", "2016-12-31": -175.8, "2016-09-30": 0, "2016-06-30": -13.3, "2016-03-31": "-2.50000", "2015-12-31": -7.7, "2015-09-30": -3.4, "2015-06-30": 0, "2015-03-31": "", "2014-12-31": 0, "2014-09-30": 0, "2014-06-30": -64.4, "2014-03-31": "", "2013-12-31": 0.022, "2013-09-30": 0.046, "2013-06-30": -10.168, "2013-03-31": "", "2012-12-31": 5.734, "2012-09-30": 0, "2012-06-30": 0, "2012-03-31": "", "2011-12-31": 0, "2011-09-30": -0.269, "2011-06-30": 0.569, "2011-03-31": "", "2010-12-31": -13.627, "2010-09-30": -21.242, "2010-06-30": -66.717, "2010-03-31": "-0.73800", "2009-12-31": -54.86, "2009-09-30": -0.744, "2009-06-30": -18.511, "2009-03-31": "-0.06000", "2008-12-31": -49.429, "2008-09-30": -4.964, "2008-06-30": -0.115, "2008-03-31": "-50.90200", "2007-12-31": -0.193, "2007-09-30": -5.252, "2007-06-30": -2.933, "2007-03-31": "-52.13000", "2006-12-31": -0.472, "2006-09-30": -30.496, "2006-06-30": -0.089, "2006-03-31": "-86.27400", "2005-12-31": 0, "2005-09-30": -0.035, "2005-06-30": 0, "2005-03-31": "-8.15700"}, "Net Change In Short-term Investments": {"2020-09-30": 2, "2020-06-30": -6, "2020-03-31": "-0.50000", "2019-12-31": 0.5, "2019-09-30": 16.8, "2019-06-30": -0.1, "2019-03-31": "-1.10000", "2018-12-31": -6.9, "2018-09-30": 7.6, "2018-06-30": -0.1, "2018-03-31": "-0.10000", "2017-12-31": -0.5, "2017-09-30": -24, "2017-06-30": -0.1, "2017-03-31": "-0.20000", "2016-12-31": -0.1, "2016-09-30": 0, "2016-06-30": -3.3, "2016-03-31": "-13.10000", "2015-12-31": -6.2, "2015-09-30": 0, "2015-06-30": 0, "2015-03-31": "", "2014-12-31": 0, "2014-09-30": 0, "2014-06-30": 0, "2014-03-31": "", "2013-12-31": -0.049, "2013-09-30": -1.842, "2013-06-30": -0.909, "2013-03-31": "", "2012-12-31": 0, "2012-09-30": -3.554, "2012-06-30": 0, "2012-03-31": "-6.75000", "2011-12-31": -2.45, "2011-09-30": 0, "2011-06-30": 0, "2011-03-31": "", "2010-12-31": 0, "2010-09-30": 0, "2010-06-30": 0, "2010-03-31": "", "2009-12-31": 0, "2009-09-30": 0, "2009-06-30": 0, "2009-03-31": "", "2008-12-31": 0, "2008-09-30": 0, "2008-06-30": 0, "2008-03-31": "", "2007-12-31": 0, "2007-09-30": 0, "2007-06-30": 0, "2007-03-31": "", "2006-12-31": 0, "2006-09-30": 0, "2006-06-30": 0, "2006-03-31": "", "2005-12-31": 0, "2005-09-30": 0, "2005-06-30": 0, "2005-03-31": ""}, "Net Change In Long-Term Investments": {"2020-09-30": 3.8, "2020-06-30": -3.9, "2020-03-31": "0.70000", "2019-12-31": -0.1, "2019-09-30": -0.9, "2019-06-30": 0.6, "2019-03-31": "", "2018-12-31": 16.9, "2018-09-30": -0.6, "2018-06-30": -0.7, "2018-03-31": "-0.10000", "2017-12-31": 9.4, "2017-09-30": 1.9, "2017-06-30": -0.5, "2017-03-31": "-3.50000", "2016-12-31": -0.6, "2016-09-30": -0.4, "2016-06-30": -3.4, "2016-03-31": "1.00000", "2015-12-31": -1.2, "2015-09-30": -10, "2015-06-30": 6.1, "2015-03-31": "0.40000", "2014-12-31": -1.3, "2014-09-30": 4.7, "2014-06-30": 15.8, "2014-03-31": "72.00000", "2013-12-31": 36.325, "2013-09-30": -19.054, "2013-06-30": -43.629, "2013-03-31": "57.45800", "2012-12-31": 33.405, "2012-09-30": 53.786, "2012-06-30": 33.88, "2012-03-31": "-6.24500", "2011-12-31": -9.048, "2011-09-30": -27.99, "2011-06-30": -43.294, "2011-03-31": "-4.99300", "2010-12-31": -20.508, "2010-09-30": 4.301, "2010-06-30": 7.883, "2010-03-31": "36.97000", "2009-12-31": -36.795, "2009-09-30": -34.979, "2009-06-30": -6.494, "2009-03-31": "-5.65100", "2008-12-31": -48.877, "2008-09-30": -11.335, "2008-06-30": 15.617, "2008-03-31": "19.65000", "2007-12-31": 7.877, "2007-09-30": -40.834, "2007-06-30": -4.107, "2007-03-31": "6.08400", "2006-12-31": -14.456, "2006-09-30": -14.801, "2006-06-30": -3.656, "2006-03-31": "26.32700", "2005-12-31": -2.18, "2005-09-30": -9.577, "2005-06-30": 7.349, "2005-03-31": "3.12000"}, "Net Change In Investments - Total": {"2020-09-30": 5.8, "2020-06-30": -9.9, "2020-03-31": "0.20000", "2019-12-31": 0.4, "2019-09-30": 15.9, "2019-06-30": 0.5, "2019-03-31": "-1.10000", "2018-12-31": 10, "2018-09-30": 7, "2018-06-30": -0.8, "2018-03-31": "-0.20000", "2017-12-31": 8.9, "2017-09-30": -22.1, "2017-06-30": -0.6, "2017-03-31": "-3.70000", "2016-12-31": -0.7, "2016-09-30": -0.4, "2016-06-30": -6.7, "2016-03-31": "-12.10000", "2015-12-31": -7.4, "2015-09-30": -10, "2015-06-30": 6.1, "2015-03-31": "0.40000", "2014-12-31": -1.3, "2014-09-30": 4.7, "2014-06-30": 15.8, "2014-03-31": "72.00000", "2013-12-31": 36.276, "2013-09-30": -20.896, "2013-06-30": -44.538, "2013-03-31": "57.45800", "2012-12-31": 33.405, "2012-09-30": 50.232, "2012-06-30": 33.88, "2012-03-31": "-12.99500", "2011-12-31": -11.498, "2011-09-30": -27.99, "2011-06-30": -43.294, "2011-03-31": "-4.99300", "2010-12-31": -20.508, "2010-09-30": 4.301, "2010-06-30": 7.883, "2010-03-31": "36.97000", "2009-12-31": -36.795, "2009-09-30": -34.979, "2009-06-30": -6.494, "2009-03-31": "-5.65100", "2008-12-31": -48.877, "2008-09-30": -11.335, "2008-06-30": 15.617, "2008-03-31": "19.65000", "2007-12-31": 7.877, "2007-09-30": -40.834, "2007-06-30": -4.107, "2007-03-31": "6.08400", "2006-12-31": -14.456, "2006-09-30": -14.801, "2006-06-30": -3.656, "2006-03-31": "26.32700", "2005-12-31": -2.18, "2005-09-30": -9.577, "2005-06-30": 7.349, "2005-03-31": "3.12000"}, "Investing Activities - Other": {"2020-09-30": 1.6, "2020-06-30": 0.2, "2020-03-31": "-0.10000", "2019-12-31": 0.5, "2019-09-30": -0.2, "2019-06-30": -0.7, "2019-03-31": "0.30000", "2018-12-31": 0.4, "2018-09-30": -0.4, "2018-06-30": 0.1, "2018-03-31": "", "2017-12-31": 0, "2017-09-30": 0.2, "2017-06-30": -0.1, "2017-03-31": "0.50000", "2016-12-31": 0.1, "2016-09-30": -0.1, "2016-06-30": 0.1, "2016-03-31": "", "2015-12-31": 6.3, "2015-09-30": -1.4, "2015-06-30": -5, "2015-03-31": "-0.10000", "2014-12-31": 0.1, "2014-09-30": 0, "2014-06-30": 0, "2014-03-31": "0.20000", "2013-12-31": 0.068, "2013-09-30": -0.004, "2013-06-30": -0.456, "2013-03-31": "0.89200", "2012-12-31": -0.021, "2012-09-30": -0.004, "2012-06-30": -0.009, "2012-03-31": "0.00900", "2011-12-31": -0.845, "2011-09-30": 0.09, "2011-06-30": 0.799, "2011-03-31": "-0.01400", "2010-12-31": -0.33, "2010-09-30": -0.059, "2010-06-30": 0.889, "2010-03-31": "", "2009-12-31": -4.832, "2009-09-30": -0.006, "2009-06-30": 0.531, "2009-03-31": "0.09800", "2008-12-31": -0.25, "2008-09-30": 0, "2008-06-30": 0, "2008-03-31": "", "2007-12-31": -0.001, "2007-09-30": 0, "2007-06-30": 0, "2007-03-31": "-0.00300", "2006-12-31": -0.055, "2006-09-30": -0.014, "2006-06-30": 0.006, "2006-03-31": "-0.30000", "2005-12-31": 0, "2005-09-30": 0, "2005-06-30": -0.075, "2005-03-31": "0.09300"}, "Cash Flow From Investing Activities": {"2020-09-30": -67.5, "2020-06-30": -37.7, "2020-03-31": "-19.50000", "2019-12-31": -30, "2019-09-30": -678.3, "2019-06-30": -18.5, "2019-03-31": "-19.50000", "2018-12-31": -10.9, "2018-09-30": -13, "2018-06-30": -18.7, "2018-03-31": "-7.30000", "2017-12-31": -11.3, "2017-09-30": -35, "2017-06-30": 3, "2017-03-31": "-17.50000", "2016-12-31": -191.7, "2016-09-30": -18.6, "2016-06-30": -35.8, "2016-03-31": "-28.10000", "2015-12-31": -26.2, "2015-09-30": -27.1, "2015-06-30": -12.1, "2015-03-31": "-14.10000", "2014-12-31": -16.7, "2014-09-30": -7.3, "2014-06-30": -58.6, "2014-03-31": "51.40000", "2013-12-31": 30.716, "2013-09-30": -29.923, "2013-06-30": -64.925, "2013-03-31": "49.23200", "2012-12-31": 31.955, "2012-09-30": 45.274, "2012-06-30": 24.943, "2012-03-31": "-21.98000", "2011-12-31": -20.976, "2011-09-30": -34.44, "2011-06-30": -45.307, "2011-03-31": "-10.04400", "2010-12-31": -41.535, "2010-09-30": -20.862, "2010-06-30": -60.134, "2010-03-31": "34.58200", "2009-12-31": -98.573, "2009-09-30": -39.247, "2009-06-30": -26.652, "2009-03-31": "-10.20300", "2008-12-31": -117.785, "2008-09-30": -28.235, "2008-06-30": 4.859, "2008-03-31": "-37.96300", "2007-12-31": 5.691, "2007-09-30": -49.552, "2007-06-30": -10.938, "2007-03-31": "-48.03900", "2006-12-31": -16.829, "2006-09-30": -46.164, "2006-06-30": -4.903, "2006-03-31": "-61.10600", "2005-12-31": -6.006, "2005-09-30": -10.91, "2005-06-30": 5.968, "2005-03-31": "-5.96500"}, "Net Long-Term Debt": {"2020-09-30": -2.8, "2020-06-30": -42.8, "2020-03-31": "17.20000", "2019-12-31": -32.8, "2019-09-30": 532.2, "2019-06-30": -15, "2019-03-31": "-40.00000", "2018-12-31": -20, "2018-09-30": -35, "2018-06-30": -25, "2018-03-31": "-30.00000", "2017-12-31": -25, "2017-09-30": -25, "2017-06-30": -5, "2017-03-31": "-15.00000", "2016-12-31": 190, "2016-09-30": 0, "2016-06-30": 0, "2016-03-31": "", "2015-12-31": 0, "2015-09-30": 0, "2015-06-30": 0, "2015-03-31": "", "2014-12-31": 0, "2014-09-30": 0, "2014-06-30": 0, "2014-03-31": "", "2013-12-31": 0, "2013-09-30": 0, "2013-06-30": 0, "2013-03-31": "", "2012-12-31": 0, "2012-09-30": 0, "2012-06-30": 0, "2012-03-31": "", "2011-12-31": 0, "2011-09-30": 0, "2011-06-30": 0, "2011-03-31": "", "2010-12-31": 0, "2010-09-30": 0, "2010-06-30": 0, "2010-03-31": "", "2009-12-31": 0, "2009-09-30": 0, "2009-06-30": 0, "2009-03-31": "", "2008-12-31": 0, "2008-09-30": 0, "2008-06-30": 0, "2008-03-31": "", "2007-12-31": 0, "2007-09-30": 0, "2007-06-30": 0, "2007-03-31": "", "2006-12-31": 0, "2006-09-30": 0, "2006-06-30": 0, "2006-03-31": "", "2005-12-31": 0, "2005-09-30": 0, "2005-06-30": -0.007, "2005-03-31": "-0.01100"}, "Net Current Debt": {"2020-09-30": 0, "2020-06-30": 0, "2020-03-31": "", "2019-12-31": 0, "2019-09-30": 0, "2019-06-30": 0, "2019-03-31": "", "2018-12-31": 0, "2018-09-30": 0, "2018-06-30": 0, "2018-03-31": "", "2017-12-31": 0, "2017-09-30": 0, "2017-06-30": 0, "2017-03-31": "", "2016-12-31": 0, "2016-09-30": -15, "2016-06-30": 0, "2016-03-31": "40.00000", "2015-12-31": 35, "2015-09-30": -35, "2015-06-30": -10, "2015-03-31": "15.00000", "2014-12-31": 0, "2014-09-30": 30, "2014-06-30": 0, "2014-03-31": "", "2013-12-31": 0, "2013-09-30": 0, "2013-06-30": 0, "2013-03-31": "", "2012-12-31": 0, "2012-09-30": 0, "2012-06-30": 0, "2012-03-31": "", "2011-12-31": 0, "2011-09-30": 0, "2011-06-30": 0, "2011-03-31": "", "2010-12-31": 0, "2010-09-30": 0, "2010-06-30": 0, "2010-03-31": "", "2009-12-31": 0, "2009-09-30": 0, "2009-06-30": 0, "2009-03-31": "", "2008-12-31": 0, "2008-09-30": 0, "2008-06-30": 0, "2008-03-31": "", "2007-12-31": 0, "2007-09-30": 0, "2007-06-30": 0, "2007-03-31": "", "2006-12-31": 0, "2006-09-30": 0, "2006-06-30": 0, "2006-03-31": "", "2005-12-31": 0, "2005-09-30": 0, "2005-06-30": 0, "2005-03-31": ""}, "Debt Issuance/Retirement Net - Total": {"2020-09-30": -2.8, "2020-06-30": -42.8, "2020-03-31": "17.20000", "2019-12-31": -32.8, "2019-09-30": 532.2, "2019-06-30": -15, "2019-03-31": "-40.00000", "2018-12-31": -20, "2018-09-30": -35, "2018-06-30": -25, "2018-03-31": "-30.00000", "2017-12-31": -25, "2017-09-30": -25, "2017-06-30": -5, "2017-03-31": "-15.00000", "2016-12-31": 190, "2016-09-30": -15, "2016-06-30": 0, "2016-03-31": "40.00000", "2015-12-31": 35, "2015-09-30": -35, "2015-06-30": -10, "2015-03-31": "15.00000", "2014-12-31": 0, "2014-09-30": 30, "2014-06-30": 0, "2014-03-31": "", "2013-12-31": 0, "2013-09-30": 0, "2013-06-30": 0, "2013-03-31": "", "2012-12-31": 0, "2012-09-30": 0, "2012-06-30": 0, "2012-03-31": "", "2011-12-31": 0, "2011-09-30": 0, "2011-06-30": 0, "2011-03-31": "", "2010-12-31": 0, "2010-09-30": 0, "2010-06-30": 0, "2010-03-31": "", "2009-12-31": 0, "2009-09-30": 0, "2009-06-30": 0, "2009-03-31": "", "2008-12-31": 0, "2008-09-30": 0, "2008-06-30": 0, "2008-03-31": "", "2007-12-31": 0, "2007-09-30": 0, "2007-06-30": 0, "2007-03-31": "", "2006-12-31": 0, "2006-09-30": 0, "2006-06-30": 0, "2006-03-31": "", "2005-12-31": 0, "2005-09-30": 0, "2005-06-30": -0.007, "2005-03-31": "-0.01100"}, "Net Common Equity Issued/Repurchased": {"2020-09-30": -16.7, "2020-06-30": 0.3, "2020-03-31": "-19.90000", "2019-12-31": 0.1, "2019-09-30": 0.1, "2019-06-30": 0, "2019-03-31": "-4.90000", "2018-12-31": -10.1, "2018-09-30": 0.1, "2018-06-30": -1.9, "2018-03-31": "-8.90000", "2017-12-31": -1, "2017-09-30": -12.7, "2017-06-30": -27.5, "2017-03-31": "-0.90000", "2016-12-31": -10, "2016-09-30": 0, "2016-06-30": 0, "2016-03-31": "-38.40000", "2015-12-31": -66.7, "2015-09-30": -1.9, "2015-06-30": -24, "2015-03-31": "-0.50000", "2014-12-31": -31.8, "2014-09-30": -3.7, "2014-06-30": -14.2, "2014-03-31": "-20.40000", "2013-12-31": -89.378, "2013-09-30": -8.495, "2013-06-30": -37.975, "2013-03-31": "-13.15200", "2012-12-31": -65.766, "2012-09-30": -75.981, "2012-06-30": -81.838, "2012-03-31": "-19.12700", "2011-12-31": -5.91, "2011-09-30": -26.439, "2011-06-30": -0.378, "2011-03-31": "4.92100", "2010-12-31": 0.228, "2010-09-30": 1.557, "2010-06-30": 0.156, "2010-03-31": "3.49400", "2009-12-31": 2.061, "2009-09-30": 2.725, "2009-06-30": 8.721, "2009-03-31": "2.93200", "2008-12-31": 6.146, "2008-09-30": 4.687, "2008-06-30": 6.845, "2008-03-31": "5.75000", "2007-12-31": 10.461, "2007-09-30": 5.89, "2007-06-30": 4.112, "2007-03-31": "1.57400", "2006-12-31": 7.037, "2006-09-30": 2.361, "2006-06-30": 6.257, "2006-03-31": "4.59400", "2005-12-31": 3.202, "2005-09-30": 2.572, "2005-06-30": 19.434, "2005-03-31": "0.06600"}, "Net Total Equity Issued/Repurchased": {"2020-09-30": -16.7, "2020-06-30": 0.3, "2020-03-31": "-19.90000", "2019-12-31": 0.1, "2019-09-30": 0.1, "2019-06-30": 0, "2019-03-31": "-4.90000", "2018-12-31": -10.1, "2018-09-30": 0.1, "2018-06-30": -1.9, "2018-03-31": "-8.90000", "2017-12-31": -1, "2017-09-30": -12.7, "2017-06-30": -27.5, "2017-03-31": "-0.90000", "2016-12-31": -10, "2016-09-30": 0, "2016-06-30": 0, "2016-03-31": "-38.40000", "2015-12-31": -66.7, "2015-09-30": -1.9, "2015-06-30": -24, "2015-03-31": "-0.50000", "2014-12-31": -31.8, "2014-09-30": -3.7, "2014-06-30": -14.2, "2014-03-31": "-20.40000", "2013-12-31": -89.378, "2013-09-30": -8.495, "2013-06-30": -37.975, "2013-03-31": "-13.15200", "2012-12-31": -65.766, "2012-09-30": -75.981, "2012-06-30": -81.838, "2012-03-31": "-19.12700", "2011-12-31": -5.91, "2011-09-30": -26.439, "2011-06-30": -0.378, "2011-03-31": "4.92100", "2010-12-31": 0.228, "2010-09-30": 1.557, "2010-06-30": 0.156, "2010-03-31": "3.49400", "2009-12-31": 2.061, "2009-09-30": 2.725, "2009-06-30": 8.721, "2009-03-31": "2.93200", "2008-12-31": 6.146, "2008-09-30": 4.687, "2008-06-30": 6.845, "2008-03-31": "5.75000", "2007-12-31": 10.461, "2007-09-30": 5.89, "2007-06-30": 4.112, "2007-03-31": "1.57400", "2006-12-31": 7.037, "2006-09-30": 2.361, "2006-06-30": 6.257, "2006-03-31": "4.59400", "2005-12-31": 3.202, "2005-09-30": 2.572, "2005-06-30": 19.434, "2005-03-31": "0.06600"}, "Total Common And Preferred Stock Dividends Paid": {"2020-09-30": -12.9, "2020-06-30": -12.8, "2020-03-31": "-12.90000", "2019-12-31": -11.9, "2019-09-30": -12, "2019-06-30": -12, "2019-03-31": "-11.90000", "2018-12-31": -10.7, "2018-09-30": -10.6, "2018-06-30": -10.7, "2018-03-31": "-10.60000", "2017-12-31": -9.7, "2017-09-30": -9.9, "2017-06-30": -9.8, "2017-03-31": "-9.90000", "2016-12-31": -9.4, "2016-09-30": -9.5, "2016-06-30": -9.5, "2016-03-31": "-9.50000", "2015-12-31": -8.4, "2015-09-30": -8.4, "2015-06-30": -8.5, "2015-03-31": "-8.40000", "2014-12-31": -7.6, "2014-09-30": -7.6, "2014-06-30": -7.7, "2014-03-31": "-7.60000", "2013-12-31": -5.743, "2013-09-30": -5.768, "2013-06-30": -5.889, "2013-03-31": "", "2012-12-31": -10.62, "2012-09-30": -4.863, "2012-06-30": -4.992, "2012-03-31": "-5.01200", "2011-12-31": -2.502, "2011-09-30": -2.528, "2011-06-30": -2.517, "2011-03-31": "-2.49400", "2010-12-31": 0, "2010-09-30": 0, "2010-06-30": 0, "2010-03-31": "", "2009-12-31": 0, "2009-09-30": 0, "2009-06-30": 0, "2009-03-31": "", "2008-12-31": 0, "2008-09-30": 0, "2008-06-30": 0, "2008-03-31": "", "2007-12-31": 0, "2007-09-30": 0, "2007-06-30": 0, "2007-03-31": "", "2006-12-31": 0, "2006-09-30": 0, "2006-06-30": 0, "2006-03-31": "", "2005-12-31": 0, "2005-09-30": 0, "2005-06-30": 0, "2005-03-31": ""}, "Financial Activities - Other": {"2020-09-30": -1.6, "2020-06-30": -8.4, "2020-03-31": "-11.30000", "2019-12-31": -5, "2019-09-30": -2.8, "2019-06-30": -6.5, "2019-03-31": "-3.90000", "2018-12-31": -2.8, "2018-09-30": -2.7, "2018-06-30": -5.3, "2018-03-31": "-4.60000", "2017-12-31": -2.3, "2017-09-30": -0.1, "2017-06-30": -3.5, "2017-03-31": "-0.20000", "2016-12-31": -0.6, "2016-09-30": 0, "2016-06-30": -4.4, "2016-03-31": "", "2015-12-31": -0.9, "2015-09-30": 0, "2015-06-30": -5.7, "2015-03-31": "0.90000", "2014-12-31": -3.3, "2014-09-30": 0.9, "2014-06-30": -3.6, "2014-03-31": "0.50000", "2013-12-31": 1.237, "2013-09-30": 0.128, "2013-06-30": -2.867, "2013-03-31": "1.50200", "2012-12-31": 2.026, "2012-09-30": 0.162, "2012-06-30": -2.461, "2012-03-31": "3.29600", "2011-12-31": -2.007, "2011-09-30": 1.301, "2011-06-30": 2.049, "2011-03-31": "3.90800", "2010-12-31": 2.734, "2010-09-30": -0.054, "2010-06-30": 1.047, "2010-03-31": "3.36300", "2009-12-31": 3.462, "2009-09-30": 1.053, "2009-06-30": 4.192, "2009-03-31": "0.17400", "2008-12-31": 5.269, "2008-09-30": 4.701, "2008-06-30": 11.372, "2008-03-31": "5.96700", "2007-12-31": 17.153, "2007-09-30": 6.264, "2007-06-30": 4.879, "2007-03-31": "2.13200", "2006-12-31": 4.914, "2006-09-30": 2.316, "2006-06-30": 3.815, "2006-03-31": "2.68900", "2005-12-31": 0, "2005-09-30": 0, "2005-06-30": 0, "2005-03-31": ""}, "Cash Flow From Financial Activities": {"2020-09-30": -34, "2020-06-30": -63.7, "2020-03-31": "-26.90000", "2019-12-31": -49.6, "2019-09-30": 517.5, "2019-06-30": -33.5, "2019-03-31": "-60.70000", "2018-12-31": -43.6, "2018-09-30": -48.2, "2018-06-30": -42.9, "2018-03-31": "-54.10000", "2017-12-31": -38, "2017-09-30": -47.7, "2017-06-30": -45.8, "2017-03-31": "-26.00000", "2016-12-31": 170, "2016-09-30": -24.5, "2016-06-30": -13.9, "2016-03-31": "-7.90000", "2015-12-31": -41, "2015-09-30": -45.3, "2015-06-30": -48.2, "2015-03-31": "7.00000", "2014-12-31": -42.7, "2014-09-30": 19.6, "2014-06-30": -25.5, "2014-03-31": "-27.50000", "2013-12-31": -93.884, "2013-09-30": -14.135, "2013-06-30": -46.731, "2013-03-31": "-11.65000", "2012-12-31": -74.36, "2012-09-30": -80.682, "2012-06-30": -89.291, "2012-03-31": "-20.84300", "2011-12-31": -10.419, "2011-09-30": -27.666, "2011-06-30": -0.846, "2011-03-31": "6.33500", "2010-12-31": 2.962, "2010-09-30": 1.503, "2010-06-30": 1.203, "2010-03-31": "6.85700", "2009-12-31": 5.523, "2009-09-30": 3.778, "2009-06-30": 12.913, "2009-03-31": "3.10600", "2008-12-31": 11.415, "2008-09-30": 9.388, "2008-06-30": 18.217, "2008-03-31": "11.71700", "2007-12-31": 27.614, "2007-09-30": 12.154, "2007-06-30": 8.991, "2007-03-31": "3.70600", "2006-12-31": 11.951, "2006-09-30": 4.677, "2006-06-30": 10.072, "2006-03-31": "7.28300", "2005-12-31": 3.202, "2005-09-30": 2.572, "2005-06-30": 19.427, "2005-03-31": "0.05500"}, "Net Cash Flow": {"2020-09-30": -2.6, "2020-06-30": 31.2, "2020-03-31": "-11.60000", "2019-12-31": 12.3, "2019-09-30": -62, "2019-06-30": 34.7, "2019-03-31": "-20.20000", "2018-12-31": 46.3, "2018-09-30": 15.9, "2018-06-30": -3.9, "2018-03-31": "2.80000", "2017-12-31": 37.9, "2017-09-30": -15.3, "2017-06-30": 19.8, "2017-03-31": "6.70000", "2016-12-31": 39.7, "2016-09-30": 17, "2016-06-30": 17.2, "2016-03-31": "-21.90000", "2015-12-31": -16.6, "2015-09-30": -1.9, "2015-06-30": 21, "2015-03-31": "19.40000", "2014-12-31": -4.1, "2014-09-30": 13, "2014-06-30": -28.3, "2014-03-31": "36.40000", "2013-12-31": -8.77, "2013-09-30": 7.149, "2013-06-30": -55.082, "2013-03-31": "61.00300", "2012-12-31": 11.708, "2012-09-30": 4.682, "2012-06-30": -17.849, "2012-03-31": "-35.08900", "2011-12-31": 26.167, "2011-09-30": -20.753, "2011-06-30": 1.649, "2011-03-31": "13.19800", "2010-12-31": 4.304, "2010-09-30": 21.495, "2010-06-30": -30.976, "2010-03-31": "54.85700", "2009-12-31": -58.904, "2009-09-30": 2.301, "2009-06-30": 30.387, "2009-03-31": "-17.17900", "2008-12-31": -59.724, "2008-09-30": 26.738, "2008-06-30": 70.94, "2008-03-31": "-23.63900", "2007-12-31": 73.158, "2007-09-30": -8.56, "2007-06-30": 34.76, "2007-03-31": "-35.92200", "2006-12-31": 24.959, "2006-09-30": -12.078, "2006-06-30": 34.869, "2006-03-31": "-43.97700", "2005-12-31": 15.594, "2005-09-30": 9.889, "2005-06-30": 39.201, "2005-03-31": "-8.22400"}, "Stock-Based Compensation": {"2020-09-30": 9.9, "2020-06-30": 10.3, "2020-03-31": "7.30000", "2019-12-31": 11.1, "2019-09-30": 10.8, "2019-06-30": 12.5, "2019-03-31": "10.00000", "2018-12-31": 7.8, "2018-09-30": 7.3, "2018-06-30": 10, "2018-03-31": "6.60000", "2017-12-31": 7.6, "2017-09-30": 5.5, "2017-06-30": 5.7, "2017-03-31": "5.30000", "2016-12-31": 3.9, "2016-09-30": 2.8, "2016-06-30": 3.8, "2016-03-31": "4.00000", "2015-12-31": 3.9, "2015-09-30": 4.6, "2015-06-30": 4.6, "2015-03-31": "4.30000", "2014-12-31": 4.3, "2014-09-30": 5, "2014-06-30": 4.4, "2014-03-31": "3.90000", "2013-12-31": 3.847, "2013-09-30": 3.416, "2013-06-30": 3.954, "2013-03-31": "3.78300", "2012-12-31": 7.311, "2012-09-30": 3.994, "2012-06-30": 3.734, "2012-03-31": "3.86600", "2011-12-31": 3.86, "2011-09-30": 3.951, "2011-06-30": 3.843, "2011-03-31": "3.64900", "2010-12-31": 3.456, "2010-09-30": 3.745, "2010-06-30": 3.655, "2010-03-31": "2.93700", "2009-12-31": 2.937, "2009-09-30": 2.863, "2009-06-30": 3.068, "2009-03-31": "2.72500", "2008-12-31": 2.75, "2008-09-30": 2.818, "2008-06-30": 2.969, "2008-03-31": "2.74400", "2007-12-31": 2.844, "2007-09-30": 2.597, "2007-06-30": 3.203, "2007-03-31": "2.33400", "2006-12-31": 2.304, "2006-09-30": 2.258, "2006-06-30": 2.079, "2006-03-31": "1.93400", "2005-12-31": 2.04, "2005-09-30": 2.03, "2005-06-30": 1.938, "2005-03-31": "4.88700"}, "Common Stock Dividends Paid": {"2020-09-30": -12.9, "2020-06-30": -12.8, "2020-03-31": "-12.90000", "2019-12-31": -11.9, "2019-09-30": -12, "2019-06-30": -12, "2019-03-31": "-11.90000", "2018-12-31": -10.7, "2018-09-30": -10.6, "2018-06-30": -10.7, "2018-03-31": "-10.60000", "2017-12-31": -9.7, "2017-09-30": -9.9, "2017-06-30": -9.8, "2017-03-31": "-9.90000", "2016-12-31": -9.4, "2016-09-30": -9.5, "2016-06-30": -9.5, "2016-03-31": "-9.50000", "2015-12-31": -8.4, "2015-09-30": -8.4, "2015-06-30": -8.5, "2015-03-31": "-8.40000", "2014-12-31": -7.6, "2014-09-30": -7.6, "2014-06-30": -7.7, "2014-03-31": "-7.60000", "2013-12-31": -5.743, "2013-09-30": -5.768, "2013-06-30": -5.889, "2013-03-31": "", "2012-12-31": -10.62, "2012-09-30": -4.863, "2012-06-30": -4.992, "2012-03-31": "-5.01200", "2011-12-31": -2.502, "2011-09-30": -2.528, "2011-06-30": -2.517, "2011-03-31": "-2.49400", "2010-12-31": 0, "2010-09-30": 0, "2010-06-30": 0, "2010-03-31": "", "2009-12-31": 0, "2009-09-30": 0, "2009-06-30": 0, "2009-03-31": "", "2008-12-31": 0, "2008-09-30": 0, "2008-06-30": 0, "2008-03-31": "", "2007-12-31": 0, "2007-09-30": 0, "2007-06-30": 0, "2007-03-31": "", "2006-12-31": 0, "2006-09-30": 0, "2006-06-30": 0, "2006-03-31": "", "2005-12-31": 0, "2005-09-30": 0, "2005-06-30": 0, "2005-03-31": ""}}, "financial ratios": {"Current Ratio": {"2019-12-31": "1.21660", "2018-12-31": "1.65820", "2017-12-31": "1.63920", "2016-12-31": "1.60050", "2015-12-31": "1.34660", "2014-12-31": "1.33020", "2013-12-31": "1.65800", "2012-12-31": "1.84410", "2011-12-31": "2.26150", "2010-12-31": "2.00720", "2009-12-31": "2.14020", "2008-12-31": "1.77230", "2007-12-31": "1.68730", "2006-12-31": "1.41810", "2005-12-31": "1.78020"}, "Long-term Debt / Capital": {"2019-12-31": "0.31660", "2018-12-31": "0.06970", "2017-12-31": "0.18280", "2016-12-31": "0.26400", "2015-12-31": "", "2014-12-31": "", "2013-12-31": "", "2012-12-31": "", "2011-12-31": "", "2010-12-31": "", "2009-12-31": "", "2008-12-31": "", "2007-12-31": "", "2006-12-31": "", "2005-12-31": ""}, "Debt/Equity Ratio": {"2019-12-31": "0.47350", "2018-12-31": "0.07490", "2017-12-31": "0.22360", "2016-12-31": "0.35880", "2015-12-31": "0.05460", "2014-12-31": "0.04580", "2013-12-31": "", "2012-12-31": "", "2011-12-31": "", "2010-12-31": "", "2009-12-31": "", "2008-12-31": "", "2007-12-31": "", "2006-12-31": "", "2005-12-31": ""}, "Gross Margin": {"2019-12-31": "59.02460", "2018-12-31": "59.69210", "2017-12-31": "57.59570", "2016-12-31": "56.88710", "2015-12-31": "58.15160", "2014-12-31": "58.08450", "2013-12-31": "61.13420", "2012-12-31": "62.51140", "2011-12-31": "62.73540", "2010-12-31": "71.71730", "2009-12-31": "73.14880", "2008-12-31": "74.11020", "2007-12-31": "73.85080", "2006-12-31": "72.40420", "2005-12-31": "71.64070"}, "Operating Margin": {"2019-12-31": "16.08140", "2018-12-31": "21.15890", "2017-12-31": "18.62460", "2016-12-31": "22.63960", "2015-12-31": "24.16330", "2014-12-31": "13.89290", "2013-12-31": "24.44510", "2012-12-31": "22.88790", "2011-12-31": "21.92190", "2010-12-31": "21.79870", "2009-12-31": "26.02800", "2008-12-31": "27.63940", "2007-12-31": "26.94830", "2006-12-31": "24.59810", "2005-12-31": "20.46550"}, "EBIT Margin": {"2019-12-31": "16.08140", "2018-12-31": "21.15890", "2017-12-31": "18.62460", "2016-12-31": "22.63960", "2015-12-31": "24.16330", "2014-12-31": "13.89290", "2013-12-31": "24.44510", "2012-12-31": "22.88790", "2011-12-31": "21.92190", "2010-12-31": "21.79870", "2009-12-31": "26.02800", "2008-12-31": "27.63940", "2007-12-31": "26.94830", "2006-12-31": "24.59810", "2005-12-31": "20.46550"}, "EBITDA Margin": {"2019-12-31": "26.06450", "2018-12-31": "30.64030", "2017-12-31": "28.62780", "2016-12-31": "31.49260", "2015-12-31": "32.32760", "2014-12-31": "21.11560", "2013-12-31": "30.98960", "2012-12-31": "29.43450", "2011-12-31": "28.71840", "2010-12-31": "28.94080", "2009-12-31": "32.70050", "2008-12-31": "32.81320", "2007-12-31": "31.83380", "2006-12-31": "29.34940", "2005-12-31": "24.10510"}, "Pre-Tax Profit Margin": {"2019-12-31": "16.83630", "2018-12-31": "22.83560", "2017-12-31": "19.86400", "2016-12-31": "28.16180", "2015-12-31": "24.55630", "2014-12-31": "14.99800", "2013-12-31": "25.49050", "2012-12-31": "23.33710", "2011-12-31": "22.19260", "2010-12-31": "23.01090", "2009-12-31": "26.64050", "2008-12-31": "28.48560", "2007-12-31": "28.37990", "2006-12-31": "25.91930", "2005-12-31": "21.87400"}, "Net Profit Margin": {"2019-12-31": "12.89230", "2018-12-31": "17.94290", "2017-12-31": "15.01590", "2016-12-31": "20.16030", "2015-12-31": "16.81030", "2014-12-31": "10.30130", "2013-12-31": "17.68580", "2012-12-31": "16.41820", "2011-12-31": "15.57760", "2010-12-31": "15.55230", "2009-12-31": "17.14610", "2008-12-31": "17.83810", "2007-12-31": "16.98940", "2006-12-31": "16.42330", "2005-12-31": "13.70110"}, "Asset Turnover": {"2019-12-31": "0.49730", "2018-12-31": "0.70150", "2017-12-31": "0.64860", "2016-12-31": "0.59120", "2015-12-31": "0.76660", "2014-12-31": "0.75240", "2013-12-31": "0.67750", "2012-12-31": "0.63180", "2011-12-31": "0.53870", "2010-12-31": "0.51120", "2009-12-31": "0.52120", "2008-12-31": "0.62500", "2007-12-31": "0.67010", "2006-12-31": "0.70380", "2005-12-31": "0.76650"}, "Inventory Turnover Ratio": {"2019-12-31": "", "2018-12-31": "", "2017-12-31": "", "2016-12-31": "", "2015-12-31": "", "2014-12-31": "", "2013-12-31": "", "2012-12-31": "", "2011-12-31": "", "2010-12-31": "", "2009-12-31": "", "2008-12-31": "", "2007-12-31": "", "2006-12-31": "", "2005-12-31": ""}, "Receiveable Turnover": {"2019-12-31": "6.05240", "2018-12-31": "5.86150", "2017-12-31": "6.15180", "2016-12-31": "5.47740", "2015-12-31": "5.66260", "2014-12-31": "5.56040", "2013-12-31": "5.91410", "2012-12-31": "5.11780", "2011-12-31": "5.22870", "2010-12-31": "4.57640", "2009-12-31": "5.45110", "2008-12-31": "5.08920", "2007-12-31": "4.54140", "2006-12-31": "4.83580", "2005-12-31": "4.77830"}, "Days Sales In Receivables": {"2019-12-31": "60.30700", "2018-12-31": "62.27080", "2017-12-31": "59.33200", "2016-12-31": "66.63790", "2015-12-31": "64.45800", "2014-12-31": "65.64330", "2013-12-31": "61.71650", "2012-12-31": "71.32020", "2011-12-31": "69.80730", "2010-12-31": "79.75630", "2009-12-31": "66.95860", "2008-12-31": "71.72050", "2007-12-31": "80.37250", "2006-12-31": "75.47950", "2005-12-31": "76.38650"}, "ROE - Return On Equity": {"2019-12-31": "14.02730", "2018-12-31": "19.57850", "2017-12-31": "17.00830", "2016-12-31": "23.10560", "2015-12-31": "20.73060", "2014-12-31": "11.96520", "2013-12-31": "17.85070", "2012-12-31": "14.13880", "2011-12-31": "11.47170", "2010-12-31": "11.06400", "2009-12-31": "12.31580", "2008-12-31": "16.79810", "2007-12-31": "18.10470", "2006-12-31": "19.11600", "2005-12-31": "17.91280"}, "Return On Tangible Equity": {"2019-12-31": "-52.61330", "2018-12-31": "60.17760", "2017-12-31": "94.67500", "2016-12-31": "842.93030", "2015-12-31": "65.67760", "2014-12-31": "41.56050", "2013-12-31": "47.29220", "2012-12-31": "35.52290", "2011-12-31": "24.65770", "2010-12-31": "29.33320", "2009-12-31": "29.20030", "2008-12-31": "39.33410", "2007-12-31": "40.08890", "2006-12-31": "46.86260", "2005-12-31": "20.88910"}, "ROA - Return On Assets": {"2019-12-31": "6.41110", "2018-12-31": "12.58770", "2017-12-31": "9.73890", "2016-12-31": "11.91800", "2015-12-31": "12.90570", "2014-12-31": "7.75020", "2013-12-31": "11.97280", "2012-12-31": "9.86360", "2011-12-31": "8.38800", "2010-12-31": "7.95880", "2009-12-31": "8.92160", "2008-12-31": "11.19810", "2007-12-31": "11.38480", "2006-12-31": "11.50040", "2005-12-31": "10.50150"}, "ROI - Return On Investment": {"2019-12-31": "9.58570", "2018-12-31": "18.21440", "2017-12-31": "13.89990", "2016-12-31": "17.00470", "2015-12-31": "20.73060", "2014-12-31": "11.96520", "2013-12-31": "17.85070", "2012-12-31": "14.13880", "2011-12-31": "11.47170", "2010-12-31": "11.06400", "2009-12-31": "12.31580", "2008-12-31": "16.79810", "2007-12-31": "18.10470", "2006-12-31": "19.11600", "2005-12-31": "17.91280"}, "Book Value Per Share": {"2019-12-31": "25.28940", "2018-12-31": "21.91970", "2017-12-31": "18.91750", "2016-12-31": "16.22990", "2015-12-31": "14.75940", "2014-12-31": "14.75670", "2013-12-31": "15.37330", "2012-12-31": "15.61800", "2011-12-31": "17.11160", "2010-12-31": "15.66800", "2009-12-31": "13.65190", "2008-12-31": "11.33450", "2007-12-31": "9.10520", "2006-12-31": "6.38020", "2005-12-31": "4.33730"}, "Operating Cash Flow Per Share": {"2019-12-31": 0.4198, "2018-12-31": 1.5046, "2017-12-31": 0.881, "2016-12-31": -0.5162, "2015-12-31": 2.4092, "2014-12-31": -0.9728, "2013-12-31": 1.0446, "2012-12-31": -0.2651, "2011-12-31": 0.7944, "2010-12-31": 0.4077, "2009-12-31": -1.001, "2008-12-31": 0.7015, "2007-12-31": 0.221, "2006-12-31": 1.0223, "2005-12-31": 1.0897}, "Free Cash Flow Per Share": {"2019-12-31": 0.3377, "2018-12-31": 1.2838, "2017-12-31": 0.7824, "2016-12-31": -0.673, "2015-12-31": 2.4141, "2014-12-31": -1.5486, "2013-12-31": 0.9332, "2012-12-31": -0.4189, "2011-12-31": 0.6292, "2010-12-31": 0.3639, "2009-12-31": -0.2635, "2008-12-31": -0.0488, "2007-12-31": 0.0865, "2006-12-31": 1.0888, "2005-12-31": 0.9221}}, "financial ratios, quarterly": {"Current Ratio": {"2020-09-30": "1.11240", "2020-06-30": "1.25150", "2020-03-31": "1.27230", "2019-12-31": "1.21660", "2019-09-30": "1.29880", "2019-06-30": "1.62530", "2019-03-31": "1.57320", "2018-12-31": "1.65820", "2018-09-30": "1.81730", "2018-06-30": "1.71130", "2018-03-31": "1.67950", "2017-12-31": "1.63920", "2017-09-30": "1.69010", "2017-06-30": "1.68120", "2017-03-31": "1.62090", "2016-12-31": "1.60050", "2016-09-30": "1.31480", "2016-06-30": "1.24470", "2016-03-31": "1.23660", "2015-12-31": "1.34660", "2015-09-30": "1.53880", "2015-06-30": "1.42750", "2015-03-31": "1.42740", "2014-12-31": "1.33020", "2014-09-30": "1.33500", "2014-06-30": "1.24950", "2014-03-31": "1.71450", "2013-12-31": "1.65800", "2013-09-30": "1.91670", "2013-06-30": "1.82550", "2013-03-31": "1.97420", "2012-12-31": "1.84410", "2012-09-30": "1.89470", "2012-06-30": "2.06760", "2012-03-31": "2.30810", "2011-12-31": "2.26150", "2011-09-30": "2.30010", "2011-06-30": "2.33670", "2011-03-31": "2.23310", "2010-12-31": "2.00720", "2010-09-30": "2.06940", "2010-06-30": "2.05120", "2010-03-31": "2.39270", "2009-12-31": "2.14020", "2009-09-30": "2.43730", "2009-06-30": "2.26280", "2009-03-31": "2.19700", "2008-12-31": "1.77230", "2008-09-30": "1.91840", "2008-06-30": "1.82920", "2008-03-31": "1.61460", "2007-12-31": "1.68730", "2007-09-30": "1.46420", "2007-06-30": "1.24140", "2007-03-31": "1.09390", "2006-12-31": "1.41810", "2006-09-30": "1.27410", "2006-06-30": "1.42340", "2006-03-31": "1.22640", "2005-12-31": "1.78020", "2005-09-30": "1.75520", "2005-06-30": "1.60830", "2005-03-31": "1.10290"}, "Long-term Debt / Capital": {"2020-09-30": "0.28700", "2020-06-30": "0.30490", "2020-03-31": "0.33460", "2019-12-31": "0.31660", "2019-09-30": "0.33920", "2019-06-30": "0.01470", "2019-03-31": "0.03010", "2018-12-31": "0.06970", "2018-09-30": "0.08840", "2018-06-30": "0.12550", "2018-03-31": "0.14880", "2017-12-31": "0.18280", "2017-09-30": "0.20830", "2017-06-30": "0.23730", "2017-03-31": "0.24640", "2016-12-31": "0.26400", "2016-09-30": "", "2016-06-30": "", "2016-03-31": "", "2015-12-31": "", "2015-09-30": "", "2015-06-30": "", "2015-03-31": "", "2014-12-31": "", "2014-09-30": "", "2014-06-30": "", "2014-03-31": "", "2013-12-31": "", "2013-09-30": "", "2013-06-30": "", "2013-03-31": "", "2012-12-31": "", "2012-09-30": "", "2012-06-30": "", "2012-03-31": "", "2011-12-31": "", "2011-09-30": "", "2011-06-30": "", "2011-03-31": "", "2010-12-31": "", "2010-09-30": "", "2010-06-30": "", "2010-03-31": "", "2009-12-31": "", "2009-09-30": "", "2009-06-30": "", "2009-03-31": "", "2008-12-31": "", "2008-09-30": "", "2008-06-30": "", "2008-03-31": "", "2007-12-31": "", "2007-09-30": "", "2007-06-30": "", "2007-03-31": "", "2006-12-31": "", "2006-09-30": "", "2006-06-30": "", "2006-03-31": "", "2005-12-31": "", "2005-09-30": "", "2005-06-30": "", "2005-03-31": ""}, "Debt/Equity Ratio": {"2020-09-30": "0.41190", "2020-06-30": "0.44870", "2020-03-31": "0.51360", "2019-12-31": "0.47350", "2019-09-30": "0.52390", "2019-06-30": "0.01490", "2019-03-31": "0.03100", "2018-12-31": "0.07490", "2018-09-30": "0.09700", "2018-06-30": "0.14340", "2018-03-31": "0.17480", "2017-12-31": "0.22360", "2017-09-30": "0.26310", "2017-06-30": "0.31120", "2017-03-31": "0.32700", "2016-12-31": "0.35880", "2016-09-30": "0.09060", "2016-06-30": "0.11730", "2016-03-31": "0.11900", "2015-12-31": "0.05460", "2015-09-30": "", "2015-06-30": "0.05220", "2015-03-31": "0.06810", "2014-12-31": "0.04580", "2014-09-30": "0.04480", "2014-06-30": "", "2014-03-31": "", "2013-12-31": "", "2013-09-30": "", "2013-06-30": "", "2013-03-31": "", "2012-12-31": "", "2012-09-30": "", "2012-06-30": "", "2012-03-31": "", "2011-12-31": "", "2011-09-30": "", "2011-06-30": "", "2011-03-31": "", "2010-12-31": "", "2010-09-30": "", "2010-06-30": "", "2010-03-31": "", "2009-12-31": "", "2009-09-30": "", "2009-06-30": "", "2009-03-31": "", "2008-12-31": "", "2008-09-30": "", "2008-06-30": "", "2008-03-31": "", "2007-12-31": "", "2007-09-30": "", "2007-06-30": "", "2007-03-31": "", "2006-12-31": "", "2006-09-30": "", "2006-06-30": "", "2006-03-31": "", "2005-12-31": "", "2005-09-30": "", "2005-06-30": "", "2005-03-31": "0.00010"}, "Gross Margin": {"2020-09-30": "61.17020", "2020-06-30": "60.01830", "2020-03-31": "57.71610", "2019-12-31": "57.25030", "2019-09-30": "59.08220", "2019-06-30": "60.75210", "2019-03-31": "59.40520", "2018-12-31": "58.54590", "2018-09-30": "61.72980", "2018-06-30": "60.45960", "2018-03-31": "57.94660", "2017-12-31": "57.46610", "2017-09-30": "60.46110", "2017-06-30": "58.42060", "2017-03-31": "53.69930", "2016-12-31": "58.52970", "2016-09-30": "56.70580", "2016-06-30": "56.55900", "2016-03-31": "55.59600", "2015-12-31": "57.93650", "2015-09-30": "57.29650", "2015-06-30": "58.83230", "2015-03-31": "58.53530", "2014-12-31": "58.60490", "2014-09-30": "58.57070", "2014-06-30": "56.96940", "2014-03-31": "58.16780", "2013-12-31": "59.61920", "2013-09-30": "58.25390", "2013-06-30": "63.27440", "2013-03-31": "63.48960", "2012-12-31": "49.33210", "2012-09-30": "62.36890", "2012-06-30": "70.20210", "2012-03-31": "68.70100", "2011-12-31": "36.07910", "2011-09-30": "69.96330", "2011-06-30": "71.93610", "2011-03-31": "73.20300", "2010-12-31": "72.01440", "2010-09-30": "70.88120", "2010-06-30": "70.80040", "2010-03-31": "73.25120", "2009-12-31": "70.87810", "2009-09-30": "73.39120", "2009-06-30": "74.32170", "2009-03-31": "74.08420", "2008-12-31": "73.87880", "2008-09-30": "73.84330", "2008-06-30": "74.92080", "2008-03-31": "73.74290", "2007-12-31": "74.40820", "2007-09-30": "74.36590", "2007-06-30": "73.54240", "2007-03-31": "72.91170", "2006-12-31": "72.58520", "2006-09-30": "72.63660", "2006-06-30": "71.08200", "2006-03-31": "73.34710", "2005-12-31": "72.73460", "2005-09-30": "71.43540", "2005-06-30": "72.13170", "2005-03-31": "70.09250"}, "Operating Margin": {"2020-09-30": "12.40200", "2020-06-30": "18.69470", "2020-03-31": "13.73460", "2019-12-31": "11.94350", "2019-09-30": "15.80620", "2019-06-30": "18.54690", "2019-03-31": "19.11940", "2018-12-31": "18.76670", "2018-09-30": "25.02870", "2018-06-30": "21.23610", "2018-03-31": "19.50720", "2017-12-31": "17.52370", "2017-09-30": "22.96650", "2017-06-30": "20.06980", "2017-03-31": "13.55610", "2016-12-31": "23.51550", "2016-09-30": "22.53950", "2016-06-30": "22.40160", "2016-03-31": "22.01980", "2015-12-31": "24.90080", "2015-09-30": "23.65590", "2015-06-30": "24.59180", "2015-03-31": "23.44570", "2014-12-31": "23.72710", "2014-09-30": "23.45940", "2014-06-30": "-13.09400", "2014-03-31": "21.24720", "2013-12-31": "23.23280", "2013-09-30": "25.71620", "2013-06-30": "24.84440", "2013-03-31": "24.02050", "2012-12-31": "23.01700", "2012-09-30": "24.76760", "2012-06-30": "24.78550", "2012-03-31": "18.90970", "2011-12-31": "21.52670", "2011-09-30": "21.15830", "2011-06-30": "23.97790", "2011-03-31": "20.95910", "2010-12-31": "21.36180", "2010-09-30": "21.57180", "2010-06-30": "20.32980", "2010-03-31": "24.11880", "2009-12-31": "19.30560", "2009-09-30": "28.04860", "2009-06-30": "27.34640", "2009-03-31": "29.66200", "2008-12-31": "23.84900", "2008-09-30": "27.23080", "2008-06-30": "31.43600", "2008-03-31": "27.64980", "2007-12-31": "28.22310", "2007-09-30": "28.11130", "2007-06-30": "25.93430", "2007-03-31": "25.17310", "2006-12-31": "23.36130", "2006-09-30": "25.09990", "2006-06-30": "22.89500", "2006-03-31": "27.40220", "2005-12-31": "23.23180", "2005-09-30": "21.68920", "2005-06-30": "23.37000", "2005-03-31": "12.92760"}, "EBIT Margin": {"2020-09-30": "12.40200", "2020-06-30": "18.69470", "2020-03-31": "13.73460", "2019-12-31": "11.94340", "2019-09-30": "15.80620", "2019-06-30": "18.54690", "2019-03-31": "19.11940", "2018-12-31": "18.76670", "2018-09-30": "25.02870", "2018-06-30": "21.23610", "2018-03-31": "19.50720", "2017-12-31": "17.52370", "2017-09-30": "22.96650", "2017-06-30": "20.06980", "2017-03-31": "13.55610", "2016-12-31": "23.51550", "2016-09-30": "22.53950", "2016-06-30": "22.40160", "2016-03-31": "22.01980", "2015-12-31": "24.90080", "2015-09-30": "23.65590", "2015-06-30": "24.59180", "2015-03-31": "23.44570", "2014-12-31": "23.72710", "2014-09-30": "23.45940", "2014-06-30": "-13.09400", "2014-03-31": "21.24720", "2013-12-31": "23.23280", "2013-09-30": "25.71620", "2013-06-30": "24.84440", "2013-03-31": "24.02050", "2012-12-31": "23.01700", "2012-09-30": "24.76760", "2012-06-30": "24.78550", "2012-03-31": "18.90970", "2011-12-31": "21.52670", "2011-09-30": "21.15830", "2011-06-30": "23.97790", "2011-03-31": "20.95910", "2010-12-31": "21.36180", "2010-09-30": "21.57180", "2010-06-30": "20.32980", "2010-03-31": "24.11880", "2009-12-31": "19.30560", "2009-09-30": "28.04860", "2009-06-30": "27.34640", "2009-03-31": "29.66200", "2008-12-31": "23.84910", "2008-09-30": "27.23080", "2008-06-30": "31.43600", "2008-03-31": "27.64980", "2007-12-31": "28.22310", "2007-09-30": "28.11130", "2007-06-30": "25.93430", "2007-03-31": "25.17310", "2006-12-31": "23.36130", "2006-09-30": "25.09990", "2006-06-30": "22.89500", "2006-03-31": "27.40220", "2005-12-31": "23.23180", "2005-09-30": "21.68920", "2005-06-30": "23.37000", "2005-03-31": "12.92760"}, "EBITDA Margin": {"2020-09-30": "", "2020-06-30": "", "2020-03-31": "", "2019-12-31": "", "2019-09-30": "", "2019-06-30": "", "2019-03-31": "", "2018-12-31": "", "2018-09-30": "", "2018-06-30": "", "2018-03-31": "", "2017-12-31": "", "2017-09-30": "", "2017-06-30": "", "2017-03-31": "", "2016-12-31": "", "2016-09-30": "", "2016-06-30": "", "2016-03-31": "", "2015-12-31": "", "2015-09-30": "", "2015-06-30": "", "2015-03-31": "", "2014-12-31": "", "2014-09-30": "", "2014-06-30": "", "2014-03-31": "", "2013-12-31": "", "2013-09-30": "", "2013-06-30": "", "2013-03-31": "", "2012-12-31": "", "2012-09-30": "", "2012-06-30": "", "2012-03-31": "", "2011-12-31": "", "2011-09-30": "", "2011-06-30": "", "2011-03-31": "", "2010-12-31": "", "2010-09-30": "", "2010-06-30": "", "2010-03-31": "", "2009-12-31": "", "2009-09-30": "", "2009-06-30": "", "2009-03-31": "", "2008-12-31": "", "2008-09-30": "", "2008-06-30": "", "2008-03-31": "", "2007-12-31": "", "2007-09-30": "", "2007-06-30": "", "2007-03-31": "", "2006-12-31": "", "2006-09-30": "", "2006-06-30": "", "2006-03-31": "", "2005-12-31": "", "2005-09-30": "", "2005-06-30": "", "2005-03-31": ""}, "Pre-Tax Profit Margin": {"2020-09-30": "25.89590", "2020-06-30": "19.48770", "2020-03-31": "10.24690", "2019-12-31": "10.74010", "2019-09-30": "20.23580", "2019-06-30": "19.38660", "2019-03-31": "17.84470", "2018-12-31": "18.42410", "2018-09-30": "27.82240", "2018-06-30": "21.79080", "2018-03-31": "23.32650", "2017-12-31": "17.23570", "2017-09-30": "22.09660", "2017-06-30": "26.74520", "2017-03-31": "12.93560", "2016-12-31": "41.65880", "2016-09-30": "23.61040", "2016-06-30": "23.91520", "2016-03-31": "22.28010", "2015-12-31": "25.64480", "2015-09-30": "24.37280", "2015-06-30": "24.88870", "2015-03-31": "23.23500", "2014-12-31": "24.69450", "2014-09-30": "23.30400", "2014-06-30": "-9.97890", "2014-03-31": "21.74390", "2013-12-31": "24.60260", "2013-09-30": "26.16060", "2013-06-30": "26.61780", "2013-03-31": "24.58010", "2012-12-31": "22.67880", "2012-09-30": "25.93570", "2012-06-30": "25.38500", "2012-03-31": "19.31960", "2011-12-31": "22.47570", "2011-09-30": "20.79650", "2011-06-30": "23.98350", "2011-03-31": "21.46910", "2010-12-31": "21.81430", "2010-09-30": "26.01040", "2010-06-30": "20.34520", "2010-03-31": "23.97930", "2009-12-31": "19.00800", "2009-09-30": "28.70900", "2009-06-30": "28.99620", "2009-03-31": "30.11940", "2008-12-31": "23.83820", "2008-09-30": "28.28810", "2008-06-30": "32.30340", "2008-03-31": "29.07750", "2007-12-31": "29.17810", "2007-09-30": "30.09590", "2007-06-30": "27.18150", "2007-03-31": "26.75830", "2006-12-31": "24.99400", "2006-09-30": "26.49080", "2006-06-30": "23.77620", "2006-03-31": "28.73390", "2005-12-31": "25.27170", "2005-09-30": "23.17530", "2005-06-30": "24.09010", "2005-03-31": "14.26020"}, "Net Profit Margin": {"2020-09-30": "21.33260", "2020-06-30": "14.69960", "2020-03-31": "7.37650", "2019-12-31": "8.30320", "2019-09-30": "15.64690", "2019-06-30": "15.37060", "2019-03-31": "12.82350", "2018-12-31": "16.14010", "2018-09-30": "21.77570", "2018-06-30": "16.56100", "2018-03-31": "17.20740", "2017-12-31": "16.00160", "2017-09-30": "14.74550", "2017-06-30": "20.11340", "2017-03-31": "8.59190", "2016-12-31": "33.12910", "2016-09-30": "15.40030", "2016-06-30": "16.04440", "2016-03-31": "14.94010", "2015-12-31": "18.45240", "2015-09-30": "17.15310", "2015-06-30": "15.93270", "2015-03-31": "15.64810", "2014-12-31": "16.03870", "2014-09-30": "15.63960", "2014-06-30": "-5.17420", "2014-03-31": "14.56950", "2013-12-31": "17.36400", "2013-09-30": "18.12980", "2013-06-30": "17.73380", "2013-03-31": "17.52380", "2012-12-31": "19.44560", "2012-09-30": "16.77830", "2012-06-30": "16.76410", "2012-03-31": "12.48760", "2011-12-31": "17.72080", "2011-09-30": "13.31760", "2011-06-30": "16.39950", "2011-03-31": "14.84970", "2010-12-31": "15.54920", "2010-09-30": "17.64950", "2010-06-30": "13.22790", "2010-03-31": "15.73620", "2009-12-31": "11.49920", "2009-09-30": "18.75290", "2009-06-30": "17.18690", "2009-03-31": "21.38400", "2008-12-31": "13.72250", "2008-09-30": "17.67820", "2008-06-30": "21.17340", "2008-03-31": "18.39550", "2007-12-31": "16.94100", "2007-09-30": "17.74820", "2007-06-30": "16.65950", "2007-03-31": "16.53900", "2006-12-31": "15.63820", "2006-09-30": "16.55690", "2006-06-30": "14.64130", "2006-03-31": "19.18210", "2005-12-31": "16.61670", "2005-09-30": "13.20820", "2005-06-30": "16.88740", "2005-03-31": "7.53140"}, "Asset Turnover": {"2020-09-30": "0.13940", "2020-06-30": "0.13950", "2020-03-31": "0.14140", "2019-12-31": "0.14020", "2019-09-30": "0.13750", "2019-06-30": "0.17420", "2019-03-31": "0.16690", "2018-12-31": "0.18070", "2018-09-30": "0.18150", "2018-06-30": "0.17680", "2018-03-31": "0.16950", "2017-12-31": "0.17290", "2017-09-30": "0.16610", "2017-06-30": "0.16660", "2017-03-31": "0.15450", "2016-12-31": "0.15710", "2016-09-30": "0.18510", "2016-06-30": "0.18840", "2016-03-31": "0.18600", "2015-12-31": "0.19590", "2015-09-30": "0.19080", "2015-06-30": "0.19290", "2015-03-31": "0.18500", "2014-12-31": "0.19440", "2014-09-30": "0.18930", "2014-06-30": "0.18020", "2014-03-31": "0.17990", "2013-12-31": "0.17520", "2013-09-30": "0.16150", "2013-06-30": "0.16880", "2013-03-31": "0.16150", "2012-12-31": "0.16370", "2012-09-30": "0.15160", "2012-06-30": "0.15010", "2012-03-31": "0.13780", "2011-12-31": "0.13530", "2011-09-30": "0.14110", "2011-06-30": "0.13960", "2011-03-31": "0.13670", "2010-12-31": "0.13910", "2010-09-30": "0.13620", "2010-06-30": "0.14140", "2010-03-31": "0.13790", "2009-12-31": "0.13340", "2009-09-30": "0.13660", "2009-06-30": "0.14180", "2009-03-31": "0.15050", "2008-12-31": "0.14840", "2008-09-30": "0.16200", "2008-06-30": "0.17980", "2008-03-31": "0.18760", "2007-12-31": "0.18190", "2007-09-30": "0.19790", "2007-06-30": "0.20620", "2007-03-31": "0.19420", "2006-12-31": "0.19430", "2006-09-30": "0.20620", "2006-06-30": "0.21200", "2006-03-31": "0.21630", "2005-12-31": "0.20500", "2005-09-30": "0.21530", "2005-06-30": "0.22530", "2005-03-31": "0.24300"}, "Inventory Turnover Ratio": {"2020-09-30": "", "2020-06-30": "", "2020-03-31": "", "2019-12-31": "", "2019-09-30": "", "2019-06-30": "", "2019-03-31": "", "2018-12-31": "", "2018-09-30": "", "2018-06-30": "", "2018-03-31": "", "2017-12-31": "", "2017-09-30": "", "2017-06-30": "", "2017-03-31": "", "2016-12-31": "", "2016-09-30": "", "2016-06-30": "", "2016-03-31": "", "2015-12-31": "", "2015-09-30": "", "2015-06-30": "", "2015-03-31": "", "2014-12-31": "", "2014-09-30": "", "2014-06-30": "", "2014-03-31": "", "2013-12-31": "", "2013-09-30": "", "2013-06-30": "", "2013-03-31": "", "2012-12-31": "", "2012-09-30": "", "2012-06-30": "", "2012-03-31": "", "2011-12-31": "", "2011-09-30": "", "2011-06-30": "", "2011-03-31": "", "2010-12-31": "", "2010-09-30": "", "2010-06-30": "", "2010-03-31": "", "2009-12-31": "", "2009-09-30": "", "2009-06-30": "", "2009-03-31": "", "2008-12-31": "", "2008-09-30": "", "2008-06-30": "", "2008-03-31": "", "2007-12-31": "", "2007-09-30": "", "2007-06-30": "", "2007-03-31": "", "2006-12-31": "", "2006-09-30": "", "2006-06-30": "", "2006-03-31": "", "2005-12-31": "", "2005-09-30": "", "2005-06-30": "", "2005-03-31": ""}, "Receiveable Turnover": {"2020-09-30": "1.84030", "2020-06-30": "1.80760", "2020-03-31": "1.70170", "2019-12-31": "1.70640", "2019-09-30": "1.86340", "2019-06-30": "1.60830", "2019-03-31": "1.48960", "2018-12-31": "1.50980", "2018-09-30": "1.45010", "2018-06-30": "1.47340", "2018-03-31": "1.53920", "2017-12-31": "1.64040", "2017-09-30": "1.55130", "2017-06-30": "1.59610", "2017-03-31": "1.47220", "2016-12-31": "1.45540", "2016-09-30": "1.57760", "2016-06-30": "1.44360", "2016-03-31": "1.29710", "2015-12-31": "1.44720", "2015-09-30": "1.57370", "2015-06-30": "1.40440", "2015-03-31": "1.33470", "2014-12-31": "1.43670", "2014-09-30": "1.49240", "2014-06-30": "1.23280", "2014-03-31": "1.37830", "2013-12-31": "1.52900", "2013-09-30": "1.48100", "2013-06-30": "1.49760", "2013-03-31": "1.40230", "2012-12-31": "1.32640", "2012-09-30": "1.28600", "2012-06-30": "1.32850", "2012-03-31": "1.28660", "2011-12-31": "1.31310", "2011-09-30": "1.32830", "2011-06-30": "1.27890", "2011-03-31": "1.21780", "2010-12-31": "1.24560", "2010-09-30": "1.34190", "2010-06-30": "1.31820", "2010-03-31": "1.41120", "2009-12-31": "1.39570", "2009-09-30": "1.46120", "2009-06-30": "1.36750", "2009-03-31": "1.32400", "2008-12-31": "1.20810", "2008-09-30": "1.33300", "2008-06-30": "1.25510", "2008-03-31": "1.24260", "2007-12-31": "1.23280", "2007-09-30": "1.39360", "2007-06-30": "1.37710", "2007-03-31": "1.17340", "2006-12-31": "1.33540", "2006-09-30": "1.41330", "2006-06-30": "1.24040", "2006-03-31": "1.13680", "2005-12-31": "1.27790", "2005-09-30": "1.52990", "2005-06-30": "1.39610", "2005-03-31": "1.29010"}, "Days Sales In Receivables": {"2020-09-30": "48.90540", "2020-06-30": "49.78960", "2020-03-31": "52.88890", "2019-12-31": "52.74370", "2019-09-30": "48.29830", "2019-06-30": "55.95840", "2019-03-31": "60.41720", "2018-12-31": "59.61170", "2018-09-30": "62.06660", "2018-06-30": "61.08160", "2018-03-31": "58.47230", "2017-12-31": "54.86630", "2017-09-30": "58.01650", "2017-06-30": "56.38740", "2017-03-31": "61.13130", "2016-12-31": "61.83790", "2016-09-30": "57.04740", "2016-06-30": "62.34610", "2016-03-31": "69.38570", "2015-12-31": "62.18750", "2015-09-30": "57.18890", "2015-06-30": "64.08210", "2015-03-31": "67.42890", "2014-12-31": "62.64260", "2014-09-30": "60.30750", "2014-06-30": "73.00410", "2014-03-31": "65.29670", "2013-12-31": "58.86190", "2013-09-30": "60.77010", "2013-06-30": "60.09540", "2013-03-31": "64.18160", "2012-12-31": "67.85410", "2012-09-30": "69.98270", "2012-06-30": "67.74460", "2012-03-31": "69.95250", "2011-12-31": "68.53790", "2011-09-30": "67.75350", "2011-06-30": "70.37350", "2011-03-31": "73.90140", "2010-12-31": "72.25460", "2010-09-30": "67.06820", "2010-06-30": "68.27560", "2010-03-31": "63.77730", "2009-12-31": "64.48300", "2009-09-30": "61.59360", "2009-06-30": "65.81140", "2009-03-31": "67.97490", "2008-12-31": "74.50010", "2008-09-30": "67.51740", "2008-06-30": "71.70690", "2008-03-31": "72.42960", "2007-12-31": "73.00370", "2007-09-30": "64.58240", "2007-06-30": "65.35370", "2007-03-31": "76.70090", "2006-12-31": "67.39480", "2006-09-30": "63.68010", "2006-06-30": "72.55870", "2006-03-31": "79.16690", "2005-12-31": "70.42640", "2005-09-30": "58.82640", "2005-06-30": "64.46560", "2005-03-31": "69.76170"}, "ROE - Return On Equity": {"2020-09-30": "6.47350", "2020-06-30": "4.43460", "2020-03-31": "2.31430", "2019-12-31": "2.54710", "2019-09-30": "4.71250", "2019-06-30": "4.19570", "2019-03-31": "3.42900", "2018-12-31": "4.53620", "2018-09-30": "6.13410", "2018-06-30": "4.79690", "2018-03-31": "4.88170", "2017-12-31": "4.83290", "2017-09-30": "4.35060", "2017-06-30": "6.23730", "2017-03-31": "2.50450", "2016-12-31": "10.08900", "2016-09-30": "4.56190", "2016-06-30": "4.97340", "2016-03-31": "4.55190", "2015-12-31": "5.82270", "2015-09-30": "4.92570", "2015-06-30": "4.80670", "2015-03-31": "4.50830", "2014-12-31": "4.82890", "2014-09-30": "4.50400", "2014-06-30": "-1.46560", "2014-03-31": "3.77480", "2013-12-31": "4.52650", "2013-09-30": "4.14440", "2013-06-30": "4.33580", "2013-03-31": "4.00140", "2012-12-31": "3.81640", "2012-09-30": "3.57270", "2012-06-30": "3.49760", "2012-03-31": "2.32720", "2011-12-31": "3.26930", "2011-09-30": "2.55580", "2011-06-30": "3.09350", "2011-03-31": "2.72400", "2010-12-31": "3.02010", "2010-09-30": "3.28070", "2010-06-30": "2.50210", "2010-03-31": "2.87100", "2009-12-31": "2.10440", "2009-09-30": "3.44750", "2009-06-30": "3.33350", "2009-03-31": "4.40770", "2008-12-31": "3.05860", "2008-09-30": "4.22990", "2008-06-30": "5.64060", "2008-03-31": "5.20280", "2007-12-31": "4.90080", "2007-09-30": "5.57380", "2007-06-30": "5.70490", "2007-03-31": "5.46950", "2006-12-31": "5.05190", "2006-09-30": "5.64580", "2006-06-30": "5.08140", "2006-03-31": "6.72340", "2005-12-31": "5.81010", "2005-09-30": "4.78480", "2005-06-30": "6.59080", "2005-03-31": "5.69650"}, "Return On Tangible Equity": {"2020-09-30": "-19.85410", "2020-06-30": "-19.36520", "2020-03-31": "-8.33620", "2019-12-31": "-9.55350", "2019-09-30": "-15.85920", "2019-06-30": "11.01520", "2019-03-31": "9.70480", "2018-12-31": "13.94280", "2018-09-30": "19.68180", "2018-06-30": "18.45480", "2018-03-31": "20.87690", "2017-12-31": "26.90180", "2017-09-30": "30.02660", "2017-06-30": "64.20610", "2017-03-31": "39.38740", "2016-12-31": "368.06210", "2016-09-30": "13.36280", "2016-06-30": "16.06870", "2016-03-31": "14.92460", "2015-12-31": "18.44710", "2015-09-30": "13.78030", "2015-06-30": "14.49150", "2015-03-31": "13.97090", "2014-12-31": "16.77280", "2014-09-30": "16.05470", "2014-06-30": "-5.83170", "2014-03-31": "9.74670", "2013-12-31": "11.99210", "2013-09-30": "9.74800", "2013-06-30": "10.95930", "2013-03-31": "9.43020", "2012-12-31": "9.58840", "2012-09-30": "8.64420", "2012-06-30": "7.90170", "2012-03-31": "4.93870", "2011-12-31": "7.02710", "2011-09-30": "5.78430", "2011-06-30": "7.10600", "2011-03-31": "6.68090", "2010-12-31": "8.00700", "2010-09-30": "8.95130", "2010-06-30": "6.45830", "2010-03-31": "6.20030", "2009-12-31": "4.98950", "2009-09-30": "6.98980", "2009-06-30": "7.16730", "2009-03-31": "9.41790", "2008-12-31": "7.16200", "2008-09-30": "8.67960", "2008-06-30": "12.50490", "2008-03-31": "13.47870", "2007-12-31": "10.85170", "2007-09-30": "14.92970", "2007-06-30": "19.51350", "2007-03-31": "25.78110", "2006-12-31": "12.38470", "2006-09-30": "17.47300", "2006-06-30": "11.79390", "2006-03-31": "19.59390", "2005-12-31": "6.77550", "2005-09-30": "5.65350", "2005-06-30": "7.92270", "2005-03-31": "8.83110"}, "ROA - Return On Assets": {"2020-09-30": "2.97310", "2020-06-30": "2.05030", "2020-03-31": "1.04280", "2019-12-31": "1.16410", "2019-09-30": "2.15120", "2019-06-30": "2.67760", "2019-03-31": "2.13970", "2018-12-31": "2.91650", "2018-09-30": "3.95280", "2018-06-30": "2.92880", "2018-03-31": "2.91680", "2017-12-31": "2.76730", "2017-09-30": "2.45000", "2017-06-30": "3.35030", "2017-03-31": "1.32780", "2016-12-31": "5.20390", "2016-09-30": "2.85040", "2016-06-30": "3.02280", "2016-03-31": "2.77910", "2015-12-31": "3.62490", "2015-09-30": "3.27280", "2015-06-30": "3.07370", "2015-03-31": "2.90510", "2014-12-31": "3.12780", "2014-09-30": "2.96030", "2014-06-30": "-0.93220", "2014-03-31": "2.61060", "2013-12-31": "3.03600", "2013-09-30": "2.92640", "2013-06-30": "2.99310", "2013-03-31": "2.82870", "2012-12-31": "2.66240", "2012-09-30": "2.54720", "2012-06-30": "2.52170", "2012-03-31": "1.72440", "2011-12-31": "2.39040", "2011-09-30": "1.88400", "2011-06-30": "2.29710", "2011-03-31": "2.02110", "2010-12-31": "2.17250", "2010-09-30": "2.41500", "2010-06-30": "1.86150", "2010-03-31": "2.16650", "2009-12-31": "1.52450", "2009-09-30": "2.55960", "2009-06-30": "2.44590", "2009-03-31": "3.20690", "2008-12-31": "2.03900", "2008-09-30": "2.86850", "2008-06-30": "3.81780", "2008-03-31": "3.48830", "2007-12-31": "3.08170", "2007-09-30": "3.51270", "2007-06-30": "3.43550", "2007-03-31": "3.21140", "2006-12-31": "3.03930", "2006-09-30": "3.41330", "2006-06-30": "3.10330", "2006-03-31": "4.06980", "2005-12-31": "3.40620", "2005-09-30": "2.84360", "2005-06-30": "3.80430", "2005-03-31": "1.83040"}, "ROI - Return On Investment": {"2020-09-30": "4.61540", "2020-06-30": "3.08260", "2020-03-31": "1.53980", "2019-12-31": "1.74060", "2019-09-30": "3.11410", "2019-06-30": "4.13390", "2019-03-31": "3.32600", "2018-12-31": "4.22020", "2018-09-30": "5.59160", "2018-06-30": "4.19510", "2018-03-31": "4.15550", "2017-12-31": "3.94960", "2017-09-30": "3.44440", "2017-06-30": "4.75700", "2017-03-31": "1.88740", "2016-12-31": "7.42500", "2016-09-30": "4.56190", "2016-06-30": "4.97340", "2016-03-31": "4.55190", "2015-12-31": "5.82270", "2015-09-30": "4.92570", "2015-06-30": "4.80670", "2015-03-31": "4.50830", "2014-12-31": "4.82890", "2014-09-30": "4.50400", "2014-06-30": "-1.46560", "2014-03-31": "3.77480", "2013-12-31": "4.52650", "2013-09-30": "4.14440", "2013-06-30": "4.33580", "2013-03-31": "4.00140", "2012-12-31": "3.81640", "2012-09-30": "3.57270", "2012-06-30": "3.49760", "2012-03-31": "2.32720", "2011-12-31": "3.26930", "2011-09-30": "2.55580", "2011-06-30": "3.09350", "2011-03-31": "2.72400", "2010-12-31": "3.02010", "2010-09-30": "3.28070", "2010-06-30": "2.50210", "2010-03-31": "2.87100", "2009-12-31": "2.10440", "2009-09-30": "3.44750", "2009-06-30": "3.33350", "2009-03-31": "4.40770", "2008-12-31": "3.05860", "2008-09-30": "4.22990", "2008-06-30": "5.64060", "2008-03-31": "5.20280", "2007-12-31": "4.90080", "2007-09-30": "5.57380", "2007-06-30": "5.70490", "2007-03-31": "5.46950", "2006-12-31": "5.05190", "2006-09-30": "5.64580", "2006-06-30": "5.08140", "2006-03-31": "6.72340", "2005-12-31": "5.81010", "2005-09-30": "4.78480", "2005-06-30": "6.59080", "2005-03-31": "5.69650"}, "Book Value Per Share": {"2020-09-30": "27.70360", "2020-06-30": "25.32330", "2020-03-31": "24.13250", "2019-12-31": "25.28940", "2019-09-30": "24.33780", "2019-06-30": "23.46420", "2019-03-31": "22.69790", "2018-12-31": "21.91970", "2018-09-30": "21.73840", "2018-06-30": "20.43810", "2018-03-31": "20.17920", "2017-12-31": "18.91750", "2017-09-30": "18.32120", "2017-06-30": "17.32700", "2017-03-31": "16.74080", "2016-12-31": "16.22990", "2016-09-30": "15.37430", "2016-06-30": "14.84940", "2016-03-31": "14.69320", "2015-12-31": "14.75940", "2015-09-30": "15.37820", "2015-06-30": "15.14000", "2015-03-31": "14.88910", "2014-12-31": "14.75670", "2014-09-30": "15.01350", "2014-06-30": "14.95350", "2014-03-31": "15.57540", "2013-12-31": "15.37330", "2013-09-30": "16.46430", "2013-06-30": "15.54830", "2013-03-31": "15.89920", "2012-12-31": "15.61800", "2012-09-30": "15.93820", "2012-06-30": "16.35600", "2012-03-31": "17.32140", "2011-12-31": "17.11160", "2011-09-30": "16.69050", "2011-06-30": "16.94180", "2011-03-31": "16.39800", "2010-12-31": "15.66800", "2010-09-30": "15.21230", "2010-06-30": "14.44910", "2010-03-31": "14.30050", "2009-12-31": "13.65190", "2009-09-30": "13.43270", "2009-06-30": "12.78590", "2009-03-31": "11.86400", "2008-12-31": "11.33450", "2008-09-30": "11.25020", "2008-06-30": "10.74480", "2008-03-31": "9.83520", "2007-12-31": "9.10520", "2007-09-30": "8.20480", "2007-06-30": "7.42810", "2007-03-31": "6.82130", "2006-12-31": "6.38020", "2006-09-30": "5.76650", "2006-06-30": "5.32320", "2006-03-31": "4.81840", "2005-12-31": "4.33730", "2005-09-30": "3.92730", "2005-06-30": "3.62300", "2005-03-31": "1.82930"}, "Operating Cash Flow Per Share": {"2020-09-30": 2.1621, "2020-06-30": 2.9563, "2020-03-31": "1.12470", "2019-12-31": 1.9097, "2019-09-30": 2.4389, "2019-06-30": 2.02, "2019-03-31": "1.37210", "2018-12-31": 2.4601, "2018-09-30": 1.8445, "2018-06-30": 1.62, "2018-03-31": "1.39630", "2017-12-31": 1.9682, "2017-09-30": 1.4769, "2017-06-30": 1.2948, "2017-03-31": "1.07640", "2016-12-31": 1.6281, "2016-09-30": 1.395, "2016-06-30": 1.6477, "2016-03-31": "0.26450", "2015-12-31": 1.1942, "2015-09-30": 1.7123, "2015-06-30": 1.7585, "2015-03-31": "0.78650", "2014-12-31": 1.3652, "2014-09-30": 0.1883, "2014-06-30": 1.2249, "2014-03-31": "0.26390", "2013-12-31": 1.173, "2013-09-30": 1.025, "2013-06-30": 1.2473, "2013-03-31": "0.56980", "2012-12-31": 1.0663, "2012-09-30": 0.8053, "2012-06-30": 0.9881, "2012-03-31": "0.11080", "2011-12-31": 1.156, "2011-09-30": 0.8838, "2011-06-30": 0.9142, "2011-03-31": "0.28160", "2010-12-31": 0.8523, "2010-09-30": 0.6978, "2010-06-30": 0.604, "2010-03-31": "0.28710", "2009-12-31": 0.6881, "2009-09-30": 0.7154, "2009-06-30": 0.7993, "2009-03-31": "-0.16930", "2008-12-31": 1.0442, "2008-09-30": 0.9938, "2008-06-30": 0.9684, "2008-03-31": "0.02810", "2007-12-31": 0.8221, "2007-09-30": 0.5813, "2007-06-30": 0.7527, "2007-03-31": "0.17690", "2006-12-31": 0.63, "2006-09-30": 0.6374, "2006-06-30": 0.631, "2006-03-31": "0.21360", "2005-12-31": 0.4308, "2005-09-30": 0.3926, "2005-06-30": 0.3186, "2005-03-31": "-0.05230"}, "Free Cash Flow Per Share": {"2020-09-30": 1.6389, "2020-06-30": 2.562, "2020-03-31": "0.77600", "2019-12-31": 1.3796, "2019-09-30": 1.9757, "2019-06-30": 1.5964, "2019-03-31": "0.93720", "2018-12-31": 1.9712, "2018-09-30": 1.3916, "2018-06-30": 1.2024, "2018-03-31": "0.98600", "2017-12-31": 1.5034, "2017-09-30": 1.1654, "2017-06-30": 0.8532, "2017-03-31": "0.74540", "2016-12-31": 1.2748, "2016-09-30": 0.9769, "2016-06-30": 1.282, "2016-03-31": "-0.04870", "2015-12-31": 0.8013, "2015-09-30": 1.4333, "2015-06-30": 1.4605, "2015-03-31": "0.46290", "2014-12-31": 1.0201, "2014-09-30": -0.0775, "2014-06-30": 0.9986, "2014-03-31": "-0.19730", "2013-12-31": 1.0512, "2013-09-30": 0.8272, "2013-06-30": 1.0391, "2013-03-31": "0.37500", "2012-12-31": 0.927, "2012-09-30": 0.6928, "2012-06-30": 0.8059, "2012-03-31": "-0.06640", "2011-12-31": 0.9859, "2011-09-30": 0.7611, "2011-06-30": 0.8485, "2011-03-31": "0.18270", "2010-12-31": 0.7124, "2010-09-30": 0.6215, "2010-06-30": 0.5608, "2010-03-31": "0.25430", "2009-12-31": 0.6453, "2009-09-30": 0.6462, "2009-06-30": 0.7562, "2009-03-31": "-0.26260", "2008-12-31": 0.6509, "2008-09-30": 0.7532, "2008-06-30": 0.7533, "2008-03-31": "-0.10880", "2007-12-31": 0.7804, "2007-09-30": 0.5104, "2007-06-30": 0.6717, "2007-03-31": "0.13490", "2006-12-31": 0.5907, "2006-09-30": 0.6189, "2006-06-30": 0.6062, "2006-03-31": "0.19510", "2005-12-31": 0.3431, "2005-09-30": 0.3659, "2005-06-30": 0.2892, "2005-03-31": "-0.07610"}}, "revenue": {"Morningstar Annual Revenue (Millions of US $)": {"2019": "$1,179", "2018": "$1,020", "2017": "$912", "2016": "$799", "2015": "$789", "2014": "$760", "2013": "$698", "2012": "$658", "2011": "$631", "2010": "$555", "2009": "$479", "2008": "$502", "2007": "$435", "2006": "$315", "2005": "$227"}, "Morningstar Quarterly Revenue (Millions of US $)": {"2020-09-30": "$357", "2020-06-30": "$328", "2020-03-31": "$324", "2019-12-31": "$332", "2019-09-30": "$314", "2019-06-30": "$274", "2019-03-31": "$259", "2018-12-31": "$263", "2018-09-30": "$261", "2018-06-30": "$252", "2018-03-31": "$244", "2017-12-31": "$243", "2017-09-30": "$230", "2017-06-30": "$229", "2017-03-31": "$210", "2016-12-31": "$212", "2016-09-30": "$196", "2016-06-30": "$198", "2016-03-31": "$192", "2015-12-31": "$202", "2015-09-30": "$195", "2015-06-30": "$202", "2015-03-31": "$190", "2014-12-31": "$196", "2014-09-30": "$193", "2014-06-30": "$189", "2014-03-31": "$181", "2013-12-31": "$181", "2013-09-30": "$173", "2013-06-30": "$175", "2013-03-31": "$169", "2012-12-31": "$171", "2012-09-30": "$161", "2012-06-30": "$166", "2012-03-31": "$161", "2011-12-31": "$159", "2011-09-30": "$160", "2011-06-30": "$161", "2011-03-31": "$152", "2010-12-31": "$151", "2010-09-30": "$140", "2010-06-30": "$136", "2010-03-31": "$128", "2009-12-31": "$123", "2009-09-30": "$120", "2009-06-30": "$120", "2009-03-31": "$117", "2008-12-31": "$119", "2008-09-30": "$126", "2008-06-30": "$132", "2008-03-31": "$125", "2007-12-31": "$118", "2007-09-30": "$112", "2007-06-30": "$110", "2007-03-31": "$95", "2006-12-31": "$87", "2006-09-30": "$82", "2006-06-30": "$76", "2006-03-31": "$70", "2005-12-31": "$61", "2005-09-30": "$57", "2005-06-30": "$56", "2005-03-31": "$53"}}, "gross-profit": {"Morningstar Annual Gross Profit (Millions of US $)": {"2019": "$696", "2018": "$609", "2017": "$525", "2016": "$454", "2015": "$459", "2014": "$442", "2013": "$427", "2012": "$412", "2011": "$396", "2010": "$398", "2009": "$350", "2008": "$372", "2007": "$321", "2006": "$228", "2005": "$163"}, "Morningstar Quarterly Gross Profit (Millions of US $)": {"2020-09-30": "$219", "2020-06-30": "$197", "2020-03-31": "$187", "2019-12-31": "$190", "2019-09-30": "$185", "2019-06-30": "$166", "2019-03-31": "$154", "2018-12-31": "$154", "2018-09-30": "$161", "2018-06-30": "$153", "2018-03-31": "$141", "2017-12-31": "$140", "2017-09-30": "$139", "2017-06-30": "$134", "2017-03-31": "$113", "2016-12-31": "$124", "2016-09-30": "$111", "2016-06-30": "$112", "2016-03-31": "$107", "2015-12-31": "$117", "2015-09-30": "$112", "2015-06-30": "$119", "2015-03-31": "$111", "2014-12-31": "$115", "2014-09-30": "$113", "2014-06-30": "$108", "2014-03-31": "$105", "2013-12-31": "$108", "2013-09-30": "$101", "2013-06-30": "$111", "2013-03-31": "$107", "2012-12-31": "$84", "2012-09-30": "$100", "2012-06-30": "$117", "2012-03-31": "$110", "2011-12-31": "$57", "2011-09-30": "$112", "2011-06-30": "$116", "2011-03-31": "$111", "2010-12-31": "$109", "2010-09-30": "$99", "2010-06-30": "$96", "2010-03-31": "$94", "2009-12-31": "$87", "2009-09-30": "$88", "2009-06-30": "$89", "2009-03-31": "$86", "2008-12-31": "$88", "2008-09-30": "$93", "2008-06-30": "$99", "2008-03-31": "$93", "2007-12-31": "$88", "2007-09-30": "$83", "2007-06-30": "$81", "2007-03-31": "$70", "2006-12-31": "$63", "2006-09-30": "$59", "2006-06-30": "$54", "2006-03-31": "$51", "2005-12-31": "$44", "2005-09-30": "$41", "2005-06-30": "$41", "2005-03-31": "$37"}}, "operating-income": {"Morningstar Annual Operating Income (Millions of US $)": {"2019": "$190", "2018": "$216", "2017": "$170", "2016": "$181", "2015": "$191", "2014": "$106", "2013": "$171", "2012": "$151", "2011": "$138", "2010": "$121", "2009": "$125", "2008": "$139", "2007": "$117", "2006": "$78", "2005": "$46"}, "Morningstar Quarterly Operating Income (Millions of US $)": {"2020-09-30": "$44", "2020-06-30": "$61", "2020-03-31": "$45", "2019-12-31": "$40", "2019-09-30": "$50", "2019-06-30": "$51", "2019-03-31": "$50", "2018-12-31": "$49", "2018-09-30": "$65", "2018-06-30": "$54", "2018-03-31": "$48", "2017-12-31": "$43", "2017-09-30": "$53", "2017-06-30": "$46", "2017-03-31": "$28", "2016-12-31": "$50", "2016-09-30": "$44", "2016-06-30": "$44", "2016-03-31": "$42", "2015-12-31": "$50", "2015-09-30": "$46", "2015-06-30": "$50", "2015-03-31": "$45", "2014-12-31": "$47", "2014-09-30": "$45", "2014-06-30": "$-25", "2014-03-31": "$39", "2013-12-31": "$42", "2013-09-30": "$45", "2013-06-30": "$44", "2013-03-31": "$41", "2012-12-31": "$39", "2012-09-30": "$40", "2012-06-30": "$41", "2012-03-31": "$30", "2011-12-31": "$34", "2011-09-30": "$34", "2011-06-30": "$39", "2011-03-31": "$32", "2010-12-31": "$32", "2010-09-30": "$30", "2010-06-30": "$28", "2010-03-31": "$31", "2009-12-31": "$24", "2009-09-30": "$34", "2009-06-30": "$33", "2009-03-31": "$35", "2008-12-31": "$28", "2008-09-30": "$34", "2008-06-30": "$42", "2008-03-31": "$35", "2007-12-31": "$33", "2007-09-30": "$31", "2007-06-30": "$28", "2007-03-31": "$24", "2006-12-31": "$20", "2006-09-30": "$21", "2006-06-30": "$17", "2006-03-31": "$19", "2005-12-31": "$14", "2005-09-30": "$12", "2005-06-30": "$13", "2005-03-31": "$7"}}, "ebitda": {"Morningstar Annual EBITDA (Millions of US $)": {"2019": "$307", "2018": "$313", "2017": "$261", "2016": "$252", "2015": "$255", "2014": "$161", "2013": "$216", "2012": "$194", "2011": "$181", "2010": "$161", "2009": "$157", "2008": "$165", "2007": "$139", "2006": "$93", "2005": "$55"}, "Morningstar Quarterly EBITDA (Millions of US $)": {"2020-09-30": "$80", "2020-06-30": "$95", "2020-03-31": "$79", "2019-12-31": "$73", "2019-09-30": "$84", "2019-06-30": "$77", "2019-03-31": "$73", "2018-12-31": "$75", "2018-09-30": "$90", "2018-06-30": "$77", "2018-03-31": "$70", "2017-12-31": "$69", "2017-09-30": "$75", "2017-06-30": "$68", "2017-03-31": "$50", "2016-12-31": "$69", "2016-09-30": "$62", "2016-06-30": "$62", "2016-03-31": "$59", "2015-12-31": "$67", "2015-09-30": "$63", "2015-06-30": "$66", "2015-03-31": "$60", "2014-12-31": "$61", "2014-09-30": "$60", "2014-06-30": "$-11", "2014-03-31": "$51", "2013-12-31": "$54", "2013-09-30": "$56", "2013-06-30": "$55", "2013-03-31": "$52", "2012-12-31": "$51", "2012-09-30": "$51", "2012-06-30": "$52", "2012-03-31": "$41", "2011-12-31": "$45", "2011-09-30": "$45", "2011-06-30": "$49", "2011-03-31": "$42", "2010-12-31": "$44", "2010-09-30": "$40", "2010-06-30": "$37", "2010-03-31": "$40", "2009-12-31": "$32", "2009-09-30": "$40", "2009-06-30": "$42", "2009-03-31": "$42", "2008-12-31": "$36", "2008-09-30": "$40", "2008-06-30": "$48", "2008-03-31": "$41", "2007-12-31": "$39", "2007-09-30": "$37", "2007-06-30": "$34", "2007-03-31": "$29", "2006-12-31": "$25", "2006-09-30": "$25", "2006-06-30": "$21", "2006-03-31": "$22", "2005-12-31": "$16", "2005-09-30": "$15", "2005-06-30": "$15", "2005-03-31": "$9"}}, "net-income": {"Morningstar Annual Net Income (Millions of US $)": {"2019": "$152", "2018": "$183", "2017": "$137", "2016": "$161", "2015": "$133", "2014": "$78", "2013": "$124", "2012": "$108", "2011": "$98", "2010": "$86", "2009": "$82", "2008": "$90", "2007": "$74", "2006": "$52", "2005": "$31"}, "Morningstar Quarterly Net Income (Millions of US $)": {"2020-09-30": "$76", "2020-06-30": "$48", "2020-03-31": "$24", "2019-12-31": "$28", "2019-09-30": "$49", "2019-06-30": "$42", "2019-03-31": "$33", "2018-12-31": "$42", "2018-09-30": "$57", "2018-06-30": "$42", "2018-03-31": "$42", "2017-12-31": "$39", "2017-09-30": "$34", "2017-06-30": "$46", "2017-03-31": "$18", "2016-12-31": "$70", "2016-09-30": "$30", "2016-06-30": "$32", "2016-03-31": "$29", "2015-12-31": "$37", "2015-09-30": "$34", "2015-06-30": "$32", "2015-03-31": "$30", "2014-12-31": "$32", "2014-09-30": "$30", "2014-06-30": "$-10", "2014-03-31": "$26", "2013-12-31": "$31", "2013-09-30": "$31", "2013-06-30": "$31", "2013-03-31": "$30", "2012-12-31": "$33", "2012-09-30": "$27", "2012-06-30": "$28", "2012-03-31": "$20", "2011-12-31": "$28", "2011-09-30": "$21", "2011-06-30": "$26", "2011-03-31": "$23", "2010-12-31": "$24", "2010-09-30": "$25", "2010-06-30": "$18", "2010-03-31": "$20", "2009-12-31": "$14", "2009-09-30": "$23", "2009-06-30": "$21", "2009-03-31": "$25", "2008-12-31": "$16", "2008-09-30": "$22", "2008-06-30": "$28", "2008-03-31": "$23", "2007-12-31": "$20", "2007-09-30": "$20", "2007-06-30": "$18", "2007-03-31": "$16", "2006-12-31": "$14", "2006-09-30": "$14", "2006-06-30": "$11", "2006-03-31": "$13", "2005-12-31": "$10", "2005-09-30": "$8", "2005-06-30": "$9", "2005-03-31": "$4"}}, "eps-earnings-per-share-diluted": {"Morningstar Annual EPS": {"2019": "$3.52", "2018": "$4.25", "2017": "$3.18", "2016": "$3.72", "2015": "$3.00", "2014": "$1.74", "2013": "$2.66", "2012": "$2.20", "2011": "$1.92", "2010": "$1.70", "2009": "$1.65", "2008": "$1.82", "2007": "$1.53", "2006": "$1.11", "2005": "$0.70"}, "Morningstar Quarterly EPS": {"2020-09-30": "$1.76", "2020-06-30": "$1.12", "2020-03-31": "$0.55", "2019-12-31": "$0.63", "2019-09-30": "$1.14", "2019-06-30": "$0.98", "2019-03-31": "$0.77", "2018-12-31": "$0.98", "2018-09-30": "$1.32", "2018-06-30": "$0.97", "2018-03-31": "$0.98", "2017-12-31": "$0.90", "2017-09-30": "$0.79", "2017-06-30": "$1.07", "2017-03-31": "$0.42", "2016-12-31": "$1.62", "2016-09-30": "$0.70", "2016-06-30": "$0.73", "2016-03-31": "$0.67", "2015-12-31": "$0.85", "2015-09-30": "$0.76", "2015-06-30": "$0.72", "2015-03-31": "$0.67", "2014-12-31": "$0.71", "2014-09-30": "$0.67", "2014-06-30": "$-0.22", "2014-03-31": "$0.58", "2013-12-31": "$0.69", "2013-09-30": "$0.68", "2013-06-30": "$0.66", "2013-03-31": "$0.63", "2012-12-31": "$0.68", "2012-09-30": "$0.56", "2012-06-30": "$0.56", "2012-03-31": "$0.40", "2011-12-31": "$0.54", "2011-09-30": "$0.42", "2011-06-30": "$0.52", "2011-03-31": "$0.44", "2010-12-31": "$0.45", "2010-09-30": "$0.49", "2010-06-30": "$0.36", "2010-03-31": "$0.40", "2009-12-31": "$0.28", "2009-09-30": "$0.45", "2009-06-30": "$0.41", "2009-03-31": "$0.51", "2008-12-31": "$0.33", "2008-09-30": "$0.45", "2008-06-30": "$0.57", "2008-03-31": "$0.47", "2007-12-31": "$0.41", "2007-09-30": "$0.41", "2007-06-30": "$0.38", "2007-03-31": "$0.33", "2006-12-31": "$0.29", "2006-09-30": "$0.29", "2006-06-30": "$0.24", "2006-03-31": "$0.29", "2005-12-31": "$0.22", "2005-09-30": "$0.17", "2005-06-30": "$0.22", "2005-03-31": "$0.09"}}, "shares-outstanding": {"Morningstar Annual Shares Outstanding (Millions of Shares)": {"2019": "43", "2018": "43", "2017": "43", "2016": "43", "2015": "44", "2014": "45", "2013": "47", "2012": "49", "2011": "51", "2010": "51", "2009": "50", "2008": "49", "2007": "48", "2006": "47", "2005": "44"}, "Morningstar Quarterly Shares Outstanding (Millions of Shares)": {"2020-09-30": "43", "2020-06-30": "43", "2020-03-31": "43", "2019-12-31": "43", "2019-09-30": "43", "2019-06-30": "43", "2019-03-31": "43", "2018-12-31": "43", "2018-09-30": "43", "2018-06-30": "43", "2018-03-31": "43", "2017-12-31": "43", "2017-09-30": "43", "2017-06-30": "43", "2017-03-31": "43", "2016-12-31": "43", "2016-09-30": "43", "2016-06-30": "43", "2016-03-31": "43", "2015-12-31": "44", "2015-09-30": "44", "2015-06-30": "44", "2015-03-31": "45", "2014-12-31": "45", "2014-09-30": "45", "2014-06-30": "45", "2014-03-31": "45", "2013-12-31": "47", "2013-09-30": "47", "2013-06-30": "47", "2013-03-31": "47", "2012-12-31": "49", "2012-09-30": "48", "2012-06-30": "50", "2012-03-31": "51", "2011-12-31": "51", "2011-09-30": "51", "2011-06-30": "51", "2011-03-31": "51", "2010-12-31": "51", "2010-09-30": "51", "2010-06-30": "51", "2010-03-31": "50", "2009-12-31": "50", "2009-09-30": "50", "2009-06-30": "50", "2009-03-31": "49", "2008-12-31": "49", "2008-09-30": "49", "2008-06-30": "49", "2008-03-31": "49", "2007-12-31": "48", "2007-09-30": "48", "2007-06-30": "48", "2007-03-31": "47", "2006-12-31": "47", "2006-09-30": "47", "2006-06-30": "47", "2006-03-31": "46", "2005-12-31": "44", "2005-09-30": "45", "2005-06-30": "44", "2005-03-31": "43"}}, "total-assets": {"Morningstar Annual Total Assets (Millions of US $)": {"2019": "$2,371", "2018": "$1,454", "2017": "$1,406", "2016": "$1,351", "2015": "$1,029", "2014": "$1,010", "2013": "$1,031", "2012": "$1,042", "2011": "$1,172", "2010": "$1,086", "2009": "$919", "2008": "$804", "2007": "$649", "2006": "$448", "2005": "$296"}, "Morningstar Quarterly Total Assets (Millions of US $)": {"2020-09-30": "$2,563", "2020-06-30": "$2,351", "2020-03-31": "$2,292", "2019-12-31": "$2,371", "2019-09-30": "$2,283", "2019-06-30": "$1,572", "2019-03-31": "$1,552", "2018-12-31": "$1,454", "2018-09-30": "$1,440", "2018-06-30": "$1,427", "2018-03-31": "$1,437", "2017-12-31": "$1,406", "2017-09-30": "$1,384", "2017-06-30": "$1,376", "2017-03-31": "$1,356", "2016-12-31": "$1,351", "2016-09-30": "$1,060", "2016-06-30": "$1,052", "2016-03-31": "$1,033", "2015-12-31": "$1,029", "2015-09-30": "$1,024", "2015-06-30": "$1,048", "2015-03-31": "$1,026", "2014-12-31": "$1,010", "2014-09-30": "$1,020", "2014-06-30": "$1,051", "2014-03-31": "$1,007", "2013-12-31": "$1,031", "2013-09-30": "$1,074", "2013-06-30": "$1,039", "2013-03-31": "$1,046", "2012-12-31": "$1,042", "2012-09-30": "$1,061", "2012-06-30": "$1,106", "2012-03-31": "$1,166", "2011-12-31": "$1,172", "2011-09-30": "$1,134", "2011-06-30": "$1,153", "2011-03-31": "$1,110", "2010-12-31": "$1,086", "2010-09-30": "$1,026", "2010-06-30": "$963", "2010-03-31": "$930", "2009-12-31": "$919", "2009-09-30": "$879", "2009-06-30": "$843", "2009-03-31": "$776", "2008-12-31": "$804", "2008-09-30": "$775", "2008-06-30": "$736", "2008-03-31": "$669", "2007-12-31": "$649", "2007-09-30": "$565", "2007-06-30": "$532", "2007-03-31": "$492", "2006-12-31": "$448", "2006-09-30": "$397", "2006-06-30": "$360", "2006-03-31": "$324", "2005-12-31": "$296", "2005-09-30": "$264", "2005-06-30": "$250", "2005-03-31": "$219"}}, "cash-on-hand": {"Morningstar Annual Cash on Hand (Millions of US $)": {"2019": "$368", "2018": "$396", "2017": "$353", "2016": "$304", "2015": "$249", "2014": "$225", "2013": "$299", "2012": "$321", "2011": "$470", "2010": "$365", "2009": "$343", "2008": "$298", "2007": "$259", "2006": "$164", "2005": "$153"}, "Morningstar Quarterly Cash on Hand (Millions of US $)": {"2020-09-30": "$378", "2020-06-30": "$383", "2020-03-31": "$349", "2019-12-31": "$368", "2019-09-30": "$353", "2019-06-30": "$414", "2019-03-31": "$379", "2018-12-31": "$396", "2018-09-30": "$367", "2018-06-30": "$352", "2018-03-31": "$355", "2017-12-31": "$353", "2017-09-30": "$324", "2017-06-30": "$340", "2017-03-31": "$318", "2016-12-31": "$304", "2016-09-30": "$265", "2016-06-30": "$246", "2016-03-31": "$227", "2015-12-31": "$249", "2015-09-30": "$263", "2015-06-30": "$259", "2015-03-31": "$243", "2014-12-31": "$225", "2014-09-30": "$228", "2014-06-30": "$221", "2014-03-31": "$264", "2013-12-31": "$299", "2013-09-30": "$343", "2013-06-30": "$315", "2013-03-31": "$328", "2012-12-31": "$321", "2012-09-30": "$343", "2012-06-30": "$390", "2012-03-31": "$444", "2011-12-31": "$470", "2011-09-30": "$433", "2011-06-30": "$430", "2011-03-31": "$385", "2010-12-31": "$365", "2010-09-30": "$339", "2010-06-30": "$320", "2010-03-31": "$361", "2009-12-31": "$343", "2009-09-30": "$362", "2009-06-30": "$323", "2009-03-31": "$286", "2008-12-31": "$298", "2008-09-30": "$310", "2008-06-30": "$271", "2008-03-31": "$216", "2007-12-31": "$259", "2007-09-30": "$193", "2007-06-30": "$161", "2007-03-31": "$122", "2006-12-31": "$164", "2006-09-30": "$124", "2006-06-30": "$121", "2006-03-31": "$83", "2005-12-31": "$153", "2005-09-30": "$135", "2005-06-30": "$116", "2005-03-31": "$84"}}, "long-term-debt": {"Morningstar Annual Long Term Debt (Millions of US $)": {"2019": "$502", "2018": "$70", "2017": "$180", "2016": "$250", "2015": "$", "2014": "$", "2013": "$", "2012": "$", "2011": "$", "2010": "$", "2009": "$", "2008": "$", "2007": "$", "2006": "$", "2005": "$"}, "Morningstar Quarterly Long Term Debt (Millions of US $)": {"2020-09-30": "$474", "2020-06-30": "$477", "2020-03-31": "$519", "2019-12-31": "$502", "2019-09-30": "$535", "2019-06-30": "$15", "2019-03-31": "$30", "2018-12-31": "$70", "2018-09-30": "$90", "2018-06-30": "$125", "2018-03-31": "$150", "2017-12-31": "$180", "2017-09-30": "$205", "2017-06-30": "$230", "2017-03-31": "$235", "2016-12-31": "$250", "2016-09-30": "", "2016-06-30": "", "2016-03-31": "", "2015-12-31": "", "2015-09-30": "", "2015-06-30": "", "2015-03-31": "", "2014-12-31": "", "2014-09-30": "", "2014-06-30": "", "2014-03-31": "", "2013-12-31": "", "2013-09-30": "", "2013-06-30": "", "2013-03-31": "", "2012-12-31": "", "2012-09-30": "", "2012-06-30": "", "2012-03-31": "", "2011-12-31": "", "2011-09-30": "", "2011-06-30": "", "2011-03-31": "", "2010-12-31": "", "2010-09-30": "", "2010-06-30": "", "2010-03-31": "", "2009-12-31": "", "2009-09-30": "", "2009-06-30": "", "2009-03-31": "", "2008-12-31": "", "2008-09-30": "", "2008-06-30": "", "2008-03-31": "", "2007-12-31": "", "2007-09-30": "", "2007-06-30": "", "2007-03-31": "", "2006-12-31": "", "2006-09-30": "", "2006-06-30": "", "2006-03-31": "", "2005-12-31": "", "2005-09-30": "", "2005-06-30": "", "2005-03-31": ""}}, "total-liabilities": {"Morningstar Annual Total Liabilities (Millions of US $)": {"2019": "$1,287", "2018": "$519", "2017": "$601", "2016": "$654", "2015": "$388", "2014": "$356", "2013": "$339", "2012": "$315", "2011": "$315", "2010": "$305", "2009": "$253", "2008": "$268", "2007": "$241", "2006": "$178", "2005": "$123"}, "Morningstar Quarterly Total Liabilities (Millions of US $)": {"2020-09-30": "$1,386", "2020-06-30": "$1,264", "2020-03-31": "$1,259", "2019-12-31": "$1,287", "2019-09-30": "$1,241", "2019-06-30": "$569", "2019-03-31": "$583", "2018-12-31": "$519", "2018-09-30": "$512", "2018-06-30": "$556", "2018-03-31": "$578", "2017-12-31": "$601", "2017-09-30": "$605", "2017-06-30": "$637", "2017-03-31": "$637", "2016-12-31": "$654", "2016-09-30": "$398", "2016-06-30": "$413", "2016-03-31": "$402", "2015-12-31": "$388", "2015-09-30": "$344", "2015-06-30": "$378", "2015-03-31": "$365", "2014-12-31": "$356", "2014-09-30": "$350", "2014-06-30": "$383", "2014-03-31": "$311", "2013-12-31": "$339", "2013-09-30": "$316", "2013-06-30": "$322", "2013-03-31": "$306", "2012-12-31": "$315", "2012-09-30": "$305", "2012-06-30": "$309", "2012-03-31": "$302", "2011-12-31": "$315", "2011-09-30": "$298", "2011-06-30": "$297", "2011-03-31": "$286", "2010-12-31": "$305", "2010-09-30": "$271", "2010-06-30": "$246", "2010-03-31": "$228", "2009-12-31": "$253", "2009-09-30": "$226", "2009-06-30": "$224", "2009-03-31": "$211", "2008-12-31": "$268", "2008-09-30": "$249", "2008-06-30": "$238", "2008-03-31": "$220", "2007-12-31": "$241", "2007-09-30": "$209", "2007-06-30": "$212", "2007-03-31": "$203", "2006-12-31": "$178", "2006-09-30": "$157", "2006-06-30": "$140", "2006-03-31": "$128", "2005-12-31": "$123", "2005-09-30": "$107", "2005-06-30": "$106", "2005-03-31": "$149"}}, "total-share-holder-equity": {"Morningstar Annual Share Holder Equity (Millions of US $)": {"2019": "$1,084", "2018": "$935", "2017": "$805", "2016": "$697", "2015": "$641", "2014": "$654", "2013": "$691", "2012": "$727", "2011": "$857", "2010": "$781", "2009": "$666", "2008": "$536", "2007": "$408", "2006": "$269", "2005": "$174"}, "Morningstar Quarterly Share Holder Equity (Millions of US $)": {"2020-09-30": "$1,177", "2020-06-30": "$1,087", "2020-03-31": "$1,033", "2019-12-31": "$1,084", "2019-09-30": "$1,042", "2019-06-30": "$1,003", "2019-03-31": "$968", "2018-12-31": "$935", "2018-09-30": "$928", "2018-06-30": "$871", "2018-03-31": "$858", "2017-12-31": "$805", "2017-09-30": "$779", "2017-06-30": "$739", "2017-03-31": "$719", "2016-12-31": "$697", "2016-09-30": "$662", "2016-06-30": "$639", "2016-03-31": "$631", "2015-12-31": "$641", "2015-09-30": "$680", "2015-06-30": "$670", "2015-03-31": "$661", "2014-12-31": "$654", "2014-09-30": "$671", "2014-06-30": "$669", "2014-03-31": "$697", "2013-12-31": "$691", "2013-09-30": "$758", "2013-06-30": "$717", "2013-03-31": "$739", "2012-12-31": "$727", "2012-09-30": "$757", "2012-06-30": "$797", "2012-03-31": "$864", "2011-12-31": "$857", "2011-09-30": "$836", "2011-06-30": "$856", "2011-03-31": "$824", "2010-12-31": "$781", "2010-09-30": "$755", "2010-06-30": "$716", "2010-03-31": "$702", "2009-12-31": "$666", "2009-09-30": "$653", "2009-06-30": "$618", "2009-03-31": "$564", "2008-12-31": "$536", "2008-09-30": "$525", "2008-06-30": "$498", "2008-03-31": "$448", "2007-12-31": "$408", "2007-09-30": "$356", "2007-06-30": "$320", "2007-03-31": "$289", "2006-12-31": "$269", "2006-09-30": "$240", "2006-06-30": "$220", "2006-03-31": "$196", "2005-12-31": "$174", "2005-09-30": "$157", "2005-06-30": "$144", "2005-03-31": "$70"}}, "profit-margins": {"current": "13.11%"}, "gross margin": {"2020-09-30": "59.13%", "2020-06-30": "58.47%", "2020-03-31": "58.52%", "2019-12-31": "58.95%", "2019-09-30": "59.37%", "2019-06-30": "60.08%", "2019-03-31": "60.10%", "2018-12-31": "59.71%", "2018-09-30": "59.50%", "2018-06-30": "59.13%", "2018-03-31": "58.56%", "2017-12-31": "57.68%", "2017-09-30": "57.89%", "2017-06-30": "56.91%", "2017-03-31": "56.37%", "2016-12-31": "56.89%", "2016-09-30": "56.73%", "2016-06-30": "56.93%", "2016-03-31": "57.52%", "2015-12-31": "58.17%", "2015-09-30": "58.37%", "2015-06-30": "58.64%", "2015-03-31": "58.20%", "2014-12-31": "58.10%", "2014-09-30": "58.33%", "2014-06-30": "58.29%", "2014-03-31": "59.86%", "2013-12-31": "61.17%", "2013-09-30": "58.58%", "2013-06-30": "59.47%", "2013-03-31": "61.17%", "2012-12-31": "62.37%", "2012-09-30": "59.35%", "2012-06-30": "61.30%", "2012-03-31": "61.62%", "2011-12-31": "62.66%", "2011-09-30": "71.79%", "2011-06-30": "72.02%", "2011-03-31": "71.68%", "2010-12-31": "71.71%", "2010-09-30": "71.35%", "2010-06-30": "71.99%", "2010-03-31": "72.91%", "2009-12-31": "72.92%", "2009-09-30": "73.74%", "2009-06-30": "73.86%", "2009-03-31": "74.09%", "2008-12-31": "74.30%", "2008-09-30": "74.45%", "2008-06-30": "74.54%", "2008-03-31": "74.19%", "2007-12-31": "74.02%", "2007-09-30": "73.51%", "2007-06-30": "72.99%", "2007-03-31": "72.35%", "2006-12-31": "72.06%", "2006-09-30": "71.97%", "2006-06-30": "71.97%", "2006-03-31": "72.54%", "2005-12-31": "71.81%"}, "operating margin": {"2020-09-30": "14.17%", "2020-06-30": "15.10%", "2020-03-31": "14.95%", "2019-12-31": "16.20%", "2019-09-30": "18.02%", "2019-06-30": "20.34%", "2019-03-31": "21.06%", "2018-12-31": "21.18%", "2018-09-30": "21.00%", "2018-06-30": "20.43%", "2018-03-31": "20.08%", "2017-12-31": "18.64%", "2017-09-30": "20.09%", "2017-06-30": "19.83%", "2017-03-31": "20.34%", "2016-12-31": "22.56%", "2016-09-30": "22.84%", "2016-06-30": "23.13%", "2016-03-31": "23.77%", "2015-12-31": "24.21%", "2015-09-30": "24.01%", "2015-06-30": "23.94%", "2015-03-31": "14.58%", "2014-12-31": "13.97%", "2014-09-30": "13.58%", "2014-06-30": "13.95%", "2014-03-31": "23.94%", "2013-12-31": "24.64%", "2013-09-30": "24.56%", "2013-06-30": "24.26%", "2013-03-31": "24.14%", "2012-12-31": "22.76%", "2012-09-30": "22.41%", "2012-06-30": "21.52%", "2012-03-31": "21.37%", "2011-12-31": "21.99%", "2011-09-30": "21.96%", "2011-06-30": "22.02%", "2011-03-31": "21.07%", "2010-12-31": "21.80%", "2010-09-30": "21.44%", "2010-06-30": "23.08%", "2010-03-31": "24.85%", "2009-12-31": "26.25%", "2009-09-30": "27.31%", "2009-06-30": "26.97%", "2009-03-31": "28.14%", "2008-12-31": "27.69%", "2008-09-30": "28.74%", "2008-06-30": "28.95%", "2008-03-31": "27.31%", "2007-12-31": "26.67%", "2007-09-30": "25.50%", "2007-06-30": "24.87%", "2007-03-31": "24.12%", "2006-12-31": "24.44%", "2006-09-30": "24.57%", "2006-06-30": "23.48%", "2006-03-31": "23.77%", "2005-12-31": "20.26%"}, "ebitda margin": {"2020-09-30": "24.38%", "2020-06-30": "25.50%", "2020-03-31": "25.16%", "2019-12-31": "26.04%", "2019-09-30": "27.84%", "2019-06-30": "29.80%", "2019-03-31": "30.43%", "2018-12-31": "30.59%", "2018-09-30": "30.60%", "2018-06-30": "30.03%", "2018-03-31": "29.81%", "2017-12-31": "28.73%", "2017-09-30": "29.74%", "2017-06-30": "29.40%", "2017-03-31": "29.78%", "2016-12-31": "31.58%", "2016-09-30": "31.73%", "2016-06-30": "31.89%", "2016-03-31": "32.24%", "2015-12-31": "32.45%", "2015-09-30": "31.93%", "2015-06-30": "31.63%", "2015-03-31": "22.14%", "2014-12-31": "21.21%", "2014-09-30": "20.70%", "2014-06-30": "20.72%", "2014-03-31": "30.42%", "2013-12-31": "31.09%", "2013-09-30": "31.10%", "2013-06-30": "30.92%", "2013-03-31": "30.88%", "2012-12-31": "29.59%", "2012-09-30": "29.21%", "2012-06-30": "28.33%", "2012-03-31": "28.08%", "2011-12-31": "28.64%", "2011-09-30": "28.85%", "2011-06-30": "28.97%", "2011-03-31": "28.15%", "2010-12-31": "29.01%", "2010-09-30": "28.27%", "2010-06-30": "29.39%", "2010-03-31": "31.36%", "2009-12-31": "32.50%", "2009-09-30": "33.61%", "2009-06-30": "33.20%", "2009-03-31": "33.60%", "2008-12-31": "32.87%", "2008-09-30": "33.53%", "2008-06-30": "33.88%", "2008-03-31": "32.47%", "2007-12-31": "31.95%", "2007-09-30": "30.94%", "2007-06-30": "30.21%", "2007-03-31": "29.41%", "2006-12-31": "29.52%", "2006-09-30": "29.07%", "2006-06-30": "28.03%", "2006-03-31": "27.87%", "2005-12-31": "24.23%"}, "pre tax profit margin": {"2020-09-30": "16.85%", "2020-06-30": "15.18%", "2020-03-31": "14.95%", "2019-12-31": "16.88%", "2019-09-30": "19.01%", "2019-06-30": "20.81%", "2019-03-31": "21.45%", "2018-12-31": "22.84%", "2018-09-30": "22.70%", "2018-06-30": "21.16%", "2018-03-31": "22.30%", "2017-12-31": "19.85%", "2017-09-30": "25.77%", "2017-06-30": "26.21%", "2017-03-31": "25.49%", "2016-12-31": "28.07%", "2016-09-30": "23.86%", "2016-06-30": "24.14%", "2016-03-31": "24.40%", "2015-12-31": "24.59%", "2015-09-30": "24.39%", "2015-06-30": "24.07%", "2015-03-31": "15.49%", "2014-12-31": "15.02%", "2014-09-30": "14.65%", "2014-06-30": "15.06%", "2014-03-31": "24.65%", "2013-12-31": "25.50%", "2013-09-30": "25.15%", "2013-06-30": "25.15%", "2013-03-31": "24.74%", "2012-12-31": "23.37%", "2012-09-30": "23.34%", "2012-06-30": "21.98%", "2012-03-31": "21.68%", "2011-12-31": "22.31%", "2011-09-30": "22.12%", "2011-06-30": "23.34%", "2011-03-31": "22.45%", "2010-12-31": "23.06%", "2010-09-30": "22.39%", "2010-06-30": "22.88%", "2010-03-31": "25.05%", "2009-12-31": "26.46%", "2009-09-30": "27.73%", "2009-06-30": "27.80%", "2009-03-31": "28.74%", "2008-12-31": "28.49%", "2008-09-30": "29.74%", "2008-06-30": "30.18%", "2008-03-31": "28.82%", "2007-12-31": "28.51%", "2007-09-30": "27.72%", "2007-06-30": "26.74%", "2007-03-31": "25.88%", "2006-12-31": "26.03%", "2006-09-30": "25.95%", "2006-06-30": "25.00%", "2006-03-31": "25.41%", "2005-12-31": "22.03%"}, "net profit margin": {"2020-09-30": "13.12%", "2020-06-30": "11.48%", "2020-03-31": "11.50%", "2019-12-31": "12.89%", "2019-09-30": "14.95%", "2019-06-30": "16.46%", "2019-03-31": "16.81%", "2018-12-31": "17.94%", "2018-09-30": "18.00%", "2018-06-30": "16.20%", "2018-03-31": "17.02%", "2017-12-31": "15.02%", "2017-09-30": "19.07%", "2017-06-30": "19.36%", "2017-03-31": "18.38%", "2016-12-31": "20.18%", "2016-09-30": "16.24%", "2016-06-30": "16.77%", "2016-03-31": "16.69%", "2015-12-31": "16.86%", "2015-09-30": "16.35%", "2015-06-30": "15.88%", "2015-03-31": "10.68%", "2014-12-31": "10.28%", "2014-09-30": "10.35%", "2014-06-30": "10.77%", "2014-03-31": "16.76%", "2013-12-31": "17.62%", "2013-09-30": "18.17%", "2013-06-30": "17.90%", "2013-03-31": "17.69%", "2012-12-31": "16.39%", "2012-09-30": "15.92%", "2012-06-30": "15.02%", "2012-03-31": "14.82%", "2011-12-31": "15.51%", "2011-09-30": "15.06%", "2011-06-30": "16.23%", "2011-03-31": "15.54%", "2010-12-31": "15.68%", "2010-09-30": "14.61%", "2010-06-30": "14.79%", "2010-03-31": "15.89%", "2009-12-31": "17.29%", "2009-09-30": "17.86%", "2009-06-30": "17.43%", "2009-03-31": "18.42%", "2008-12-31": "17.73%", "2008-09-30": "18.56%", "2008-06-30": "18.69%", "2008-03-31": "17.42%", "2007-12-31": "17.01%", "2007-09-30": "16.83%", "2007-06-30": "16.58%", "2007-03-31": "16.18%", "2006-12-31": "16.51%", "2006-09-30": "16.61%", "2006-06-30": "15.91%", "2006-03-31": "16.39%", "2005-12-31": "13.66%"}, "pe ratio": {"current": "49.86", "2021-02-05": "58.32", "2020-09-30": "39.34", "2020-06-30": "40.66", "2020-03-31": "34.85", "2019-12-31": "42.45", "2019-09-30": "37.24", "2019-06-30": "35.15", "2019-03-31": "30.63", "2018-12-31": "25.32", "2018-09-30": "29.51", "2018-06-30": "34.37", "2018-03-31": "24.85", "2017-12-31": "29.58", "2017-09-30": "21.09", "2017-06-30": "19.84", "2017-03-31": "21.79", "2016-12-31": "18.97", "2016-09-30": "25.77", "2016-06-30": "25.98", "2016-03-31": "28.07", "2015-12-31": "25.50", "2015-09-30": "26.63", "2015-06-30": "27.19", "2015-03-31": "38.66", "2014-12-31": "35.02", "2014-09-30": "37.29", "2014-06-30": "39.11", "2014-03-31": "28.41", "2013-12-31": "27.49", "2013-09-30": "27.75", "2013-06-30": "28.40", "2013-03-31": "26.59", "2012-12-31": "26.38", "2012-09-30": "27.98", "2012-06-30": "27.67", "2012-03-31": "30.75", "2011-12-31": "28.34", "2011-09-30": "27.02", "2011-06-30": "29.23", "2011-03-31": "30.62", "2010-12-31": "28.49", "2010-09-30": "27.99", "2010-06-30": "25.99", "2010-03-31": "28.45", "2009-12-31": "26.70", "2009-09-30": "25.30", "2009-06-30": "21.48", "2009-03-31": "16.31", "2008-12-31": "17.31", "2008-09-30": "26.77", "2008-06-30": "35.51", "2008-03-31": "33.69", "2007-12-31": "46.60", "2007-09-30": "39.93", "2007-06-30": "33.43", "2007-03-31": "41.18", "2006-12-31": "37.22"}, "price sales": {"2021-02-05": "7.65", "2020-09-30": "5.16", "2020-06-30": "4.67", "2020-03-31": "4.01", "2019-12-31": "5.48", "2019-09-30": "5.61", "2019-06-30": "5.81", "2019-03-31": "5.16", "2018-12-31": "4.55", "2018-09-30": "5.30", "2018-06-30": "5.56", "2018-03-31": "4.23", "2017-12-31": "4.45", "2017-09-30": "4.03", "2017-06-30": "3.87", "2017-03-31": "4.02", "2016-12-31": "3.83", "2016-09-30": "4.20", "2016-06-30": "4.35", "2016-03-31": "4.69", "2015-12-31": "4.30", "2015-09-30": "4.33", "2015-06-30": "4.31", "2015-03-31": "4.12", "2014-12-31": "3.60", "2014-09-30": "3.88", "2014-06-30": "4.24", "2014-03-31": "4.80", "2013-12-31": "4.87", "2013-09-30": "5.07", "2013-06-30": "5.10", "2013-03-31": "4.73", "2012-12-31": "4.39", "2012-09-30": "4.48", "2012-06-30": "4.19", "2012-03-31": "4.63", "2011-12-31": "4.42", "2011-09-30": "4.24", "2011-06-30": "4.70", "2011-03-31": "4.69", "2010-12-31": "4.43", "2010-09-30": "3.90", "2010-06-30": "3.86", "2010-03-31": "4.49", "2009-12-31": "4.60", "2009-09-30": "4.64", "2009-06-30": "3.88", "2009-03-31": "3.13", "2008-12-31": "3.19", "2008-09-30": "4.97", "2008-06-30": "6.60", "2008-03-31": "5.85", "2007-12-31": "7.85", "2007-09-30": "6.63", "2007-06-30": "5.44", "2007-03-31": "6.52", "2006-12-31": "6.11"}, "price book": {"current": "8.64", "2021-02-05": "8.57", "2020-09-30": "5.78", "2020-06-30": "5.54", "2020-03-31": "4.78", "2019-12-31": "5.93", "2019-09-30": "5.94", "2019-06-30": "6.08", "2019-03-31": "5.47", "2018-12-31": "4.92", "2018-09-30": "5.68", "2018-06-30": "6.14", "2018-03-31": "4.62", "2017-12-31": "4.99", "2017-09-30": "4.50", "2017-06-30": "4.37", "2017-03-31": "4.53", "2016-12-31": "4.36", "2016-09-30": "4.94", "2016-06-30": "5.27", "2016-03-31": "5.73", "2015-12-31": "5.18", "2015-09-30": "4.95", "2015-06-30": "4.97", "2015-03-31": "4.75", "2014-12-31": "4.13", "2014-09-30": "4.25", "2014-06-30": "4.50", "2014-03-31": "4.74", "2013-12-31": "4.74", "2013-09-30": "4.48", "2013-06-30": "4.64", "2013-03-31": "4.08", "2012-12-31": "3.73", "2012-09-30": "3.63", "2012-06-30": "3.26", "2012-03-31": "3.35", "2011-12-31": "3.20", "2011-09-30": "3.11", "2011-06-30": "3.30", "2011-03-31": "3.27", "2010-12-31": "3.11", "2010-09-30": "2.69", "2010-06-30": "2.70", "2010-03-31": "3.08", "2009-12-31": "3.25", "2009-09-30": "3.31", "2009-06-30": "2.96", "2009-03-31": "2.64", "2008-12-31": "2.87", "2008-09-30": "4.52", "2008-06-30": "6.15", "2008-03-31": "5.72", "2007-12-31": "7.83", "2007-09-30": "6.86", "2007-06-30": "5.80", "2007-03-31": "6.94", "2006-12-31": "6.47", "2006-09-30": "5.87", "2006-06-30": "7.15", "2006-03-31": "8.52"}, "price fcf": {"2021-02-05": "", "2020-09-30": "$6.36", "2020-06-30": "$6.69", "2020-03-31": "$5.73", "2019-12-31": "$5.89", "2019-09-30": "$6.48", "2019-06-30": "$5.90", "2019-03-31": "$5.50", "2018-12-31": "$5.55", "2018-09-30": "$5.08", "2018-06-30": "$4.86", "2018-03-31": "$4.51", "2017-12-31": "$4.27", "2017-09-30": "$4.04", "2017-06-30": "$3.85", "2017-03-31": "$4.28", "2016-12-31": "$3.49", "2016-09-30": "$3.01", "2016-06-30": "$3.47", "2016-03-31": "$3.65", "2015-12-31": "$4.16", "2015-09-30": "$4.38", "2015-06-30": "$2.87", "2015-03-31": "$2.40", "2014-12-31": "$1.74", "2014-09-30": "$1.78", "2014-06-30": "$2.68", "2014-03-31": "$2.72", "2013-12-31": "$3.29", "2013-09-30": "$3.17", "2013-06-30": "$3.03", "2013-03-31": "$2.80", "2012-12-31": "$2.36", "2012-09-30": "$2.42", "2012-06-30": "$2.49", "2012-03-31": "$2.53", "2011-12-31": "$2.78", "2011-09-30": "$2.50", "2011-06-30": "$2.37", "2011-03-31": "$2.08", "2010-12-31": "$2.15", "2010-09-30": "$2.08", "2010-06-30": "$2.11", "2010-03-31": "$2.30", "2009-12-31": "$1.79", "2009-09-30": "$1.79", "2009-06-30": "$1.90", "2009-03-31": "$1.89", "2008-12-31": "$2.05", "2008-09-30": "$2.18", "2008-06-30": "$1.94", "2008-03-31": "$1.85", "2007-12-31": "$2.10", "2007-09-30": "$1.91", "2007-06-30": "$2.02", "2007-03-31": "$1.95", "2006-12-31": "$2.01"}, "net worth": {"value": "$10.17B"}, "current ratio": {"current": "1.11", "2020-09-30": "1.11", "2020-06-30": "1.25", "2020-03-31": "1.27", "2019-12-31": "1.22", "2019-09-30": "1.30", "2019-06-30": "1.63", "2019-03-31": "1.57", "2018-12-31": "1.66", "2018-09-30": "1.82", "2018-06-30": "1.71", "2018-03-31": "1.68", "2017-12-31": "1.64", "2017-09-30": "1.69", "2017-06-30": "1.68", "2017-03-31": "1.62", "2016-12-31": "1.60", "2016-09-30": "1.32", "2016-06-30": "1.25", "2016-03-31": "1.24", "2015-12-31": "1.35", "2015-09-30": "1.54", "2015-06-30": "1.43", "2015-03-31": "1.43", "2014-12-31": "1.33", "2014-09-30": "1.34", "2014-06-30": "1.25", "2014-03-31": "1.71", "2013-12-31": "1.66", "2013-09-30": "1.92", "2013-06-30": "1.83", "2013-03-31": "1.97", "2012-12-31": "1.84", "2012-09-30": "1.90", "2012-06-30": "2.07", "2012-03-31": "2.31", "2011-12-31": "2.26", "2011-09-30": "2.30", "2011-06-30": "2.34", "2011-03-31": "2.23", "2010-12-31": "2.01", "2010-09-30": "2.07", "2010-06-30": "2.05", "2010-03-31": "2.39", "2009-12-31": "2.14", "2009-09-30": "2.44", "2009-06-30": "2.26", "2009-03-31": "2.20", "2008-12-31": "1.77", "2008-09-30": "1.92", "2008-06-30": "1.83", "2008-03-31": "1.62", "2007-12-31": "1.69", "2007-09-30": "1.46", "2007-06-30": "1.24", "2007-03-31": "1.09", "2006-12-31": "1.42", "2006-09-30": "1.27", "2006-06-30": "1.42", "2006-03-31": "1.23", "2005-12-31": "1.78", "2005-09-30": "1.76", "2005-06-30": "1.61", "2005-03-31": "1.10"}, "quick ratio": {"2020-09-30": "0.00", "2020-06-30": "0.00", "2020-03-31": "0.00", "2019-12-31": "0.00", "2019-09-30": "0.00", "2019-06-30": "0.00", "2019-03-31": "0.00", "2018-12-31": "0.00", "2018-09-30": "0.00", "2018-06-30": "0.00", "2018-03-31": "0.00", "2017-12-31": "0.00", "2017-09-30": "0.00", "2017-06-30": "0.00", "2017-03-31": "0.00", "2016-12-31": "0.00", "2016-09-30": "0.00", "2016-06-30": "0.00", "2016-03-31": "0.00", "2015-12-31": "0.00", "2015-09-30": "0.00", "2015-06-30": "0.00", "2015-03-31": "0.00", "2014-12-31": "0.00", "2014-09-30": "0.00", "2014-06-30": "0.00", "2014-03-31": "0.00", "2013-12-31": "0.00", "2013-09-30": "0.00", "2013-06-30": "0.00", "2013-03-31": "0.00", "2012-12-31": "0.00", "2012-09-30": "0.00", "2012-06-30": "0.00", "2012-03-31": "0.00", "2011-12-31": "0.00", "2011-09-30": "0.00", "2011-06-30": "0.00", "2011-03-31": "0.00", "2010-12-31": "0.00", "2010-09-30": "0.00", "2010-06-30": "0.00", "2010-03-31": "0.00", "2009-12-31": "0.00", "2009-09-30": "0.00", "2009-06-30": "0.00", "2009-03-31": "0.00", "2008-12-31": "0.00", "2008-09-30": "0.00", "2008-06-30": "0.00", "2008-03-31": "0.00", "2007-12-31": "0.00", "2007-09-30": "0.00", "2007-06-30": "0.00", "2007-03-31": "0.00", "2006-12-31": "0.00", "2006-09-30": "0.00", "2006-06-30": "0.00", "2006-03-31": "0.00", "2005-12-31": "0.00", "2005-09-30": "0.00", "2005-06-30": "0.00", "2005-03-31": "0.00"}, "debt equity ratio": {"current": "0.40", "2020-09-30": "1.18", "2020-06-30": "1.16", "2020-03-31": "1.22", "2019-12-31": "1.19", "2019-09-30": "1.19", "2019-06-30": "0.57", "2019-03-31": "0.60", "2018-12-31": "0.56", "2018-09-30": "0.55", "2018-06-30": "0.64", "2018-03-31": "0.67", "2017-12-31": "0.75", "2017-09-30": "0.78", "2017-06-30": "0.86", "2017-03-31": "0.89", "2016-12-31": "0.94", "2016-09-30": "0.60", "2016-06-30": "0.65", "2016-03-31": "0.64", "2015-12-31": "0.61", "2015-09-30": "0.51", "2015-06-30": "0.56", "2015-03-31": "0.55", "2014-12-31": "0.54", "2014-09-30": "0.52", "2014-06-30": "0.57", "2014-03-31": "0.45", "2013-12-31": "0.49", "2013-09-30": "0.42", "2013-06-30": "0.45", "2013-03-31": "0.42", "2012-12-31": "0.43", "2012-09-30": "0.40", "2012-06-30": "0.39", "2012-03-31": "0.35", "2011-12-31": "0.37", "2011-09-30": "0.36", "2011-06-30": "0.35", "2011-03-31": "0.35", "2010-12-31": "0.39", "2010-09-30": "0.36", "2010-06-30": "0.34", "2010-03-31": "0.33", "2009-12-31": "0.38", "2009-09-30": "0.35", "2009-06-30": "0.36", "2009-03-31": "0.37", "2008-12-31": "0.50", "2008-09-30": "0.48", "2008-06-30": "0.48", "2008-03-31": "0.49", "2007-12-31": "0.59", "2007-09-30": "0.59", "2007-06-30": "0.66", "2007-03-31": "0.70", "2006-12-31": "0.66", "2006-09-30": "0.65", "2006-06-30": "0.64", "2006-03-31": "0.65", "2005-12-31": "0.71", "2005-09-30": "0.68", "2005-06-30": "0.73", "2005-03-31": "2.11"}, "return on equity": {"2020-09-30": "16.07%", "2020-06-30": "14.04%", "2020-03-31": "13.74%", "2019-12-31": "14.84%", "2019-09-30": "16.82%", "2019-06-30": "18.15%", "2019-03-31": "18.80%", "2018-12-31": "20.38%", "2018-09-30": "20.80%", "2018-06-30": "18.96%", "2018-03-31": "20.25%", "2017-12-31": "18.01%", "2017-09-30": "22.90%", "2017-06-30": "23.29%", "2017-03-31": "22.08%", "2016-12-31": "24.50%", "2016-09-30": "19.90%", "2016-06-30": "20.38%", "2016-03-31": "20.14%", "2015-12-31": "20.06%", "2015-09-30": "19.21%", "2015-06-30": "18.67%", "2015-03-31": "12.35%", "2014-12-31": "11.59%", "2014-09-30": "11.29%", "2014-06-30": "11.08%", "2014-03-31": "16.63%", "2013-12-31": "16.94%", "2013-09-30": "17.00%", "2013-06-30": "16.46%", "2013-03-31": "15.63%", "2012-12-31": "13.74%", "2012-09-30": "12.58%", "2012-06-30": "11.57%", "2012-03-31": "11.13%", "2011-12-31": "11.62%", "2011-09-30": "11.40%", "2011-06-30": "12.19%", "2011-03-31": "11.70%", "2010-12-31": "11.78%", "2010-09-30": "10.85%", "2010-06-30": "10.96%", "2010-03-31": "11.82%", "2009-12-31": "13.27%", "2009-09-30": "14.34%", "2009-06-30": "14.98%", "2009-03-31": "17.15%", "2008-12-31": "17.74%", "2008-09-30": "19.80%", "2008-06-30": "21.29%", "2008-03-31": "21.15%", "2007-12-31": "21.56%", "2007-09-30": "22.04%", "2007-06-30": "22.18%", "2007-03-31": "21.61%", "2006-12-31": "22.49%", "2006-09-30": "23.13%", "2006-06-30": "22.49%", "2006-03-31": "23.85%", "2005-12-31": "22.75%"}, "return on assets": {"2020-09-30": "7.35%", "2020-06-30": "6.41%", "2020-03-31": "6.72%", "2019-12-31": "7.82%", "2019-09-30": "9.68%", "2019-06-30": "11.57%", "2019-03-31": "11.85%", "2018-12-31": "12.71%", "2018-09-30": "12.61%", "2018-06-30": "11.11%", "2018-03-31": "11.49%", "2017-12-31": "9.92%", "2017-09-30": "12.29%", "2017-06-30": "12.76%", "2017-03-31": "12.45%", "2016-12-31": "14.32%", "2016-09-30": "12.27%", "2016-06-30": "12.76%", "2016-03-31": "12.77%", "2015-12-31": "12.89%", "2015-09-30": "12.46%", "2015-06-30": "12.09%", "2015-03-31": "7.99%", "2014-12-31": "7.63%", "2014-09-30": "7.50%", "2014-06-30": "7.49%", "2014-03-31": "11.47%", "2013-12-31": "11.74%", "2013-09-30": "11.90%", "2013-06-30": "11.56%", "2013-03-31": "11.09%", "2012-12-31": "9.87%", "2012-09-30": "9.15%", "2012-06-30": "8.48%", "2012-03-31": "8.22%", "2011-12-31": "8.58%", "2011-09-30": "8.39%", "2011-06-30": "8.96%", "2011-03-31": "8.60%", "2010-12-31": "8.69%", "2010-09-30": "8.03%", "2010-06-30": "8.13%", "2010-03-31": "8.74%", "2009-12-31": "9.72%", "2009-09-30": "10.30%", "2009-06-30": "10.51%", "2009-03-31": "11.78%", "2008-12-31": "11.93%", "2008-09-30": "13.15%", "2008-06-30": "13.90%", "2008-03-31": "13.42%", "2007-12-31": "13.23%", "2007-09-30": "13.35%", "2007-06-30": "13.27%", "2007-03-31": "12.96%", "2006-12-31": "13.60%", "2006-09-30": "13.94%", "2006-06-30": "13.50%", "2006-03-31": "14.11%", "2005-12-31": "12.05%"}, "return on investments": {"2020-09-30": "11.96%", "2020-06-30": "12.49%", "2020-03-31": "12.98%", "2019-12-31": "14.75%", "2019-09-30": "17.40%", "2019-06-30": "21.29%", "2019-03-31": "21.71%", "2018-12-31": "21.46%", "2018-09-30": "20.96%", "2018-06-30": "19.93%", "2018-03-31": "19.26%", "2017-12-31": "17.47%", "2017-09-30": "18.37%", "2017-06-30": "23.41%", "2017-03-31": "34.93%", "2016-12-31": "76.03%", "2016-09-30": "inf%", "2016-06-30": "inf%", "2016-03-31": "inf%", "2015-12-31": "inf%", "2015-09-30": "inf%", "2015-06-30": "inf%", "2015-03-31": "inf%", "2014-12-31": "inf%", "2014-09-30": "inf%", "2014-06-30": "inf%", "2014-03-31": "inf%", "2013-12-31": "inf%", "2013-09-30": "inf%", "2013-06-30": "inf%", "2013-03-31": "inf%", "2012-12-31": "inf%", "2012-09-30": "inf%", "2012-06-30": "inf%", "2012-03-31": "inf%", "2011-12-31": "inf%", "2011-09-30": "inf%", "2011-06-30": "inf%", "2011-03-31": "inf%", "2010-12-31": "inf%", "2010-09-30": "inf%", "2010-06-30": "inf%", "2010-03-31": "inf%", "2009-12-31": "inf%", "2009-09-30": "inf%", "2009-06-30": "inf%", "2009-03-31": "inf%", "2008-12-31": "inf%", "2008-09-30": "inf%", "2008-06-30": "inf%", "2008-03-31": "inf%", "2007-12-31": "inf%", "2007-09-30": "inf%", "2007-06-30": "inf%", "2007-03-31": "inf%", "2006-12-31": "inf%", "2006-09-30": "inf%", "2006-06-30": "inf%", "2006-03-31": "inf%", "2005-12-31": "inf%"}, "return on tangible equity": {"2020-09-30": "-58.23%", "2020-06-30": "-52.51%", "2020-03-31": "-113.49%", "2019-12-31": "486.40%", "2019-09-30": "92.48%", "2019-06-30": "52.85%", "2019-03-31": "59.95%", "2018-12-31": "71.76%", "2018-09-30": "83.62%", "2018-06-30": "91.68%", "2018-03-31": "121.28%", "2017-12-31": "145.74%", "2017-09-30": "268.80%", "2017-06-30": "180.72%", "2017-03-31": "122.70%", "2016-12-31": "101.42%", "2016-09-30": "62.59%", "2016-06-30": "63.23%", "2016-03-31": "61.47%", "2015-12-31": "60.45%", "2015-09-30": "59.12%", "2015-06-30": "61.16%", "2015-03-31": "43.33%", "2014-12-31": "38.33%", "2014-09-30": "34.72%", "2014-06-30": "30.56%", "2014-03-31": "41.86%", "2013-12-31": "41.66%", "2013-09-30": "41.36%", "2013-06-30": "40.33%", "2013-03-31": "37.19%", "2012-12-31": "31.72%", "2012-09-30": "27.99%", "2012-06-30": "25.39%", "2012-03-31": "24.55%", "2011-12-31": "26.54%", "2011-09-30": "27.39%", "2011-06-30": "30.60%", "2011-03-31": "30.38%", "2010-12-31": "29.64%", "2010-09-30": "26.55%", "2010-06-30": "24.90%", "2010-03-31": "25.66%", "2009-12-31": "28.74%", "2009-09-30": "30.83%", "2009-06-30": "32.40%", "2009-03-31": "37.37%", "2008-12-31": "40.32%", "2008-09-30": "44.39%", "2008-06-30": "50.91%", "2008-03-31": "55.48%", "2007-12-31": "62.71%", "2007-09-30": "68.34%", "2007-06-30": "72.30%", "2007-03-31": "63.95%", "2006-12-31": "59.43%", "2006-09-30": "49.36%", "2006-06-30": "37.84%", "2006-03-31": "34.12%", "2005-12-31": "27.74%"}, "dividend yield history": {"last payout": "$1.26", "last yield": "0.53%"}}