{"ticker": "MRO", "price": {"title": "Marathon Oil Historical Annual Stock Price Data", "value": 8.75, "historical": {"2021": {"Average Stock Price": "7.9718", "Year Open": "6.8300", "Year High": "9.0900", "Year Low": "6.8300", "Year Close": "8.7500", "Annual % Change": "31.18%"}, "2020": {"Average Stock Price": "6.3312", "Year Open": "13.6800", "Year High": "13.9600", "Year Low": "3.1200", "Year Close": "6.6700", "Annual % Change": "-50.88%"}, "2019": {"Average Stock Price": "14.2005", "Year Open": "14.7200", "Year High": "18.7800", "Year Low": "11.0900", "Year Close": "13.5800", "Annual % Change": "-5.30%"}, "2018": {"Average Stock Price": "18.7970", "Year Open": "17.3800", "Year High": "23.9900", "Year Low": "12.6600", "Year Close": "14.3400", "Annual % Change": "-15.30%"}, "2017": {"Average Stock Price": "14.2707", "Year Open": "17.7600", "Year High": "18.1800", "Year Low": "10.7700", "Year Close": "16.9300", "Annual % Change": "-2.20%"}, "2016": {"Average Stock Price": "13.4033", "Year Open": "12.8200", "Year High": "18.8000", "Year Low": "6.7300", "Year Close": "17.3100", "Annual % Change": "37.49%"}, "2015": {"Average Stock Price": "22.7185", "Year Open": "28.6000", "Year High": "31.1900", "Year Low": "12.3800", "Year Close": "12.5900", "Annual % Change": "-55.50%"}, "2014": {"Average Stock Price": "35.5281", "Year Open": "34.9100", "Year High": "41.6900", "Year Low": "24.8000", "Year Close": "28.2900", "Annual % Change": "-19.86%"}, "2013": {"Average Stock Price": "34.6777", "Year Open": "31.6500", "Year High": "37.9300", "Year Low": "29.8500", "Year Close": "35.3000", "Annual % Change": "15.13%"}, "2012": {"Average Stock Price": "29.2763", "Year Open": "30.9600", "Year High": "35.0600", "Year Low": "23.3200", "Year Close": "30.6600", "Annual % Change": "4.75%"}, "2011": {"Average Stock Price": "38.0260", "Year Open": "37.5900", "Year High": "54.1700", "Year Low": "20.2700", "Year Close": "29.2700", "Annual % Change": "-20.96%"}, "2010": {"Average Stock Price": "32.5181", "Year Open": "32.1100", "Year High": "37.0300", "Year Low": "28.0400", "Year Close": "37.0300", "Annual % Change": "18.61%"}, "2009": {"Average Stock Price": "30.0990", "Year Open": "28.9800", "Year High": "35.2700", "Year Low": "20.9200", "Year Close": "31.2200", "Annual % Change": "14.11%"}, "2008": {"Average Stock Price": "42.9686", "Year Open": "61.4000", "Year High": "61.8800", "Year Low": "19.5800", "Year Close": "27.3600", "Annual % Change": "-55.04%"}, "2007": {"Average Stock Price": "54.3146", "Year Open": "43.6750", "Year High": "66.2550", "Year Low": "41.7150", "Year Close": "60.8600", "Annual % Change": "31.59%"}, "2006": {"Average Stock Price": "40.3136", "Year Open": "32.6200", "Year High": "48.7850", "Year Low": "32.6200", "Year Close": "46.2500", "Annual % Change": "51.71%"}, "2005": {"Average Stock Price": "26.8132", "Year Open": "18.2900", "Year High": "35.4150", "Year Low": "17.8650", "Year Close": "30.4850", "Annual % Change": "62.11%"}, "2004": {"Average Stock Price": "17.9623", "Year Open": "16.6250", "Year High": "21.0650", "Year Low": "15.3900", "Year Close": "18.8050", "Annual % Change": "13.66%"}, "2003": {"Average Stock Price": "13.0365", "Year Open": "10.8650", "Year High": "16.6850", "Year Low": "10.1000", "Year Close": "16.5450", "Annual % Change": "55.43%"}, "2002": {"Average Stock Price": "12.6442", "Year Open": "14.8750", "Year High": "15.0100", "Year Low": "9.5000", "Year Close": "10.6450", "Annual % Change": "-29.03%"}, "2001": {"Average Stock Price": "14.5123", "Year Open": "13.9700", "Year High": "16.7200", "Year Low": "12.6400", "Year Close": "15.0000", "Annual % Change": "8.11%"}, "2000": {"Average Stock Price": "12.9804", "Year Open": "12.1250", "Year High": "14.9050", "Year Low": "10.6250", "Year Close": "13.8750", "Annual % Change": "12.39%"}, "1999": {"Average Stock Price": "14.1971", "Year Open": "14.6850", "Year High": "16.6250", "Year Low": "10.0000", "Year Close": "12.3450", "Annual % Change": "-18.03%"}, "1998": {"Average Stock Price": "16.6578", "Year Open": "16.9700", "Year High": "19.2800", "Year Low": "13.0000", "Year Close": "15.0600", "Annual % Change": "-10.76%"}, "1997": {"Average Stock Price": "15.4123", "Year Open": "12.2500", "Year High": "19.3750", "Year Low": "11.9350", "Year Close": "16.8750", "Annual % Change": "41.39%"}, "1996": {"Average Stock Price": "10.5496", "Year Open": "9.6250", "Year High": "12.5600", "Year Low": "9.0600", "Year Close": "11.9350", "Annual % Change": "22.41%"}, "1995": {"Average Stock Price": "9.3009", "Year Open": "8.3150", "Year High": "10.6850", "Year Low": "7.9350", "Year Close": "9.7500", "Annual % Change": "19.12%"}, "1994": {"Average Stock Price": "8.6927", "Year Open": "8.2500", "Year High": "9.5000", "Year Low": "7.8750", "Year Close": "8.1850", "Annual % Change": "-0.79%"}, "1993": {"Average Stock Price": "9.1501", "Year Open": "8.8150", "Year High": "10.1250", "Year Low": "8.1850", "Year Close": "8.2500", "Annual % Change": "-4.35%"}, "1992": {"Average Stock Price": "10.2052", "Year Open": "12.1250", "Year High": "12.1850", "Year Low": "8.0600", "Year Close": "8.6250", "Annual % Change": "-29.59%"}, "1991": {"Average Stock Price": "14.1983", "Year Open": "14.8750", "Year High": "17.3150", "Year Low": "10.6250", "Year Close": "12.2500", "Annual % Change": "-19.67%"}, "1990": {"Average Stock Price": "16.6552", "Year Open": "18.0000", "Year High": "18.5600", "Year Low": "15.0000", "Year Close": "15.2500", "Annual % Change": "-14.69%"}, "1989": {"Average Stock Price": "17.0258", "Year Open": "14.6250", "Year High": "19.3750", "Year Low": "14.6250", "Year Close": "17.8750", "Annual % Change": "22.22%"}, "1988": {"Average Stock Price": "15.0080", "Year Open": "15.7500", "Year High": "17.1250", "Year Low": "13.0600", "Year Close": "14.6250", "Annual % Change": "-1.68%"}, "1987": {"Average Stock Price": "15.2092", "Year Open": "10.9400", "Year High": "19.3750", "Year Low": "10.7500", "Year Close": "14.8750", "Annual % Change": "38.37%"}, "1986": {"Average Stock Price": "10.8804", "Year Open": "13.2500", "Year High": "14.0000", "Year Low": "7.7500", "Year Close": "10.7500", "Annual % Change": "-19.23%"}, "1985": {"Average Stock Price": "13.9989", "Year Open": "12.8750", "Year High": "16.3100", "Year Low": "12.3150", "Year Close": "13.3100", "Annual % Change": "1.91%"}, "1984": {"Average Stock Price": "13.2418", "Year Open": "15.5000", "Year High": "16.4400", "Year Low": "11.1250", "Year Close": "13.0600", "Annual % Change": "-13.99%"}, "1983": {"Average Stock Price": "12.7185", "Year Open": "10.3750", "Year High": "15.1850", "Year Low": "9.8750", "Year Close": "15.1850", "Annual % Change": "44.62%"}, "1982": {"Average Stock Price": "10.5595", "Year Open": "15.0000", "Year High": "15.0000", "Year Low": "8.0600", "Year Close": "10.5000", "Annual % Change": "-29.70%"}, "1981": {"Average Stock Price": "14.8089", "Year Open": "12.8100", "Year High": "17.5650", "Year Low": "11.6850", "Year Close": "14.9350", "Annual % Change": "20.69%"}, "1980": {"Average Stock Price": "10.3696", "Year Open": "9.0000", "Year High": "12.8100", "Year Low": "8.1250", "Year Close": "12.3750", "Annual % Change": "41.43%"}, "1979": {"Average Stock Price": "11.1624", "Year Open": "11.0600", "Year High": "12.9400", "Year Low": "8.5000", "Year Close": "8.7500", "Annual % Change": "-17.65%"}, "1978": {"Average Stock Price": "13.2890", "Year Open": "15.6850", "Year High": "16.1900", "Year Low": "10.6250", "Year Close": "10.6250", "Annual % Change": "-32.54%"}, "1977": {"Average Stock Price": "19.3008", "Year Open": "24.6850", "Year High": "24.6850", "Year Low": "13.7500", "Year Close": "15.7500", "Annual % Change": "-36.68%"}, "1976": {"Average Stock Price": "31.2609", "Year Open": "32.6850", "Year High": "43.8100", "Year Low": "23.0600", "Year Close": "24.8750", "Annual % Change": "-23.46%"}, "1975": {"Average Stock Price": "29.3038", "Year Open": "19.2500", "Year High": "35.1250", "Year Low": "19.2500", "Year Close": "32.5000", "Annual % Change": "71.05%"}, "1974": {"Average Stock Price": "20.9054", "Year Open": "18.6250", "Year High": "24.0650", "Year Low": "17.8750", "Year Close": "19.0000", "Annual % Change": "1.01%"}, "1973": {"Average Stock Price": "15.9222", "Year Open": "15.5600", "Year High": "18.9400", "Year Low": "13.4400", "Year Close": "18.8100", "Annual % Change": "23.34%"}, "1972": {"Average Stock Price": "15.4615", "Year Open": "15.2500", "Year High": "17.3750", "Year Low": "13.7500", "Year Close": "15.2500", "Annual % Change": "0.83%"}, "1971": {"Average Stock Price": "15.6150", "Year Open": "16.1250", "Year High": "17.8150", "Year Low": "12.6850", "Year Close": "15.1250", "Annual % Change": "-7.27%"}}}, "market cap": {"value": "$7.02B"}, "income statement": {"Revenue": {"2019-12-31": "5063.00000", "2018-12-31": "5902.00000", "2017-12-31": "4409.00000", "2016-12-31": "3236.00000", "2015-12-31": "4635.00000", "2014-12-31": "10846.00000", "2013-12-31": "11325.00000", "2012-12-31": "11966.00000", "2011-12-31": "14669.00000", "2010-12-31": "11690.00000", "2009-12-31": "8524.00000", "2008-12-31": "76589.00000", "2007-12-31": "64096.00000", "2006-12-31": "64896.00000", "2005-12-31": "62986.00000"}, "Cost Of Goods Sold": {"2019-12-31": "712.00000", "2018-12-31": "842.00000", "2017-12-31": "884.00000", "2016-12-31": "965.00000", "2015-12-31": "1479.00000", "2014-12-31": "4351.00000", "2013-12-31": "4232.00000", "2012-12-31": "4813.00000", "2011-12-31": "5849.00000", "2010-12-31": "4958.00000", "2009-12-31": "3316.00000", "2008-12-31": "60227.00000", "2007-12-31": "49492.00000", "2006-12-31": "48021.00000", "2005-12-31": "50395.00000"}, "Gross Profit": {"2019-12-31": "4351.00000", "2018-12-31": "5060.00000", "2017-12-31": "3525.00000", "2016-12-31": "2271.00000", "2015-12-31": "3156.00000", "2014-12-31": "6495.00000", "2013-12-31": "7093.00000", "2012-12-31": "7153.00000", "2011-12-31": "8820.00000", "2010-12-31": "6732.00000", "2009-12-31": "5208.00000", "2008-12-31": "16362.00000", "2007-12-31": "14604.00000", "2006-12-31": "16875.00000", "2005-12-31": "12591.00000"}, "Research And Development Expenses": {"2019-12-31": "", "2018-12-31": "", "2017-12-31": "", "2016-12-31": "", "2015-12-31": "", "2014-12-31": "", "2013-12-31": "", "2012-12-31": "", "2011-12-31": "", "2010-12-31": "", "2009-12-31": "", "2008-12-31": "", "2007-12-31": "", "2006-12-31": "", "2005-12-31": ""}, "SG&A Expenses": {"2019-12-31": "667.00000", "2018-12-31": "693.00000", "2017-12-31": "554.00000", "2016-12-31": "522.00000", "2015-12-31": "804.00000", "2014-12-31": "1060.00000", "2013-12-31": "1004.00000", "2012-12-31": "919.00000", "2011-12-31": "856.00000", "2010-12-31": "690.00000", "2009-12-31": "624.00000", "2008-12-31": "6929.00000", "2007-12-31": "6871.00000", "2006-12-31": "6578.00000", "2005-12-31": "6188.00000"}, "Other Operating Income Or Expenses": {"2019-12-31": "-651.00000", "2018-12-31": "-259.00000", "2017-12-31": "-713.00000", "2016-12-31": "-323.00000", "2015-12-31": "-1784.00000", "2014-12-31": "-975.00000", "2013-12-31": "-918.00000", "2012-12-31": "-900.00000", "2011-12-31": "-871.00000", "2010-12-31": "238.00000", "2009-12-31": "235.00000", "2008-12-31": "-546.00000", "2007-12-31": "-454.00000", "2006-12-31": "-365.00000", "2005-12-31": "-217.00000"}, "Operating Expenses": {"2019-12-31": "4427.00000", "2018-12-31": "4235.00000", "2017-12-31": "4523.00000", "2016-12-31": "3966.00000", "2015-12-31": "6788.00000", "2014-12-31": "9247.00000", "2013-12-31": "8654.00000", "2012-12-31": "8640.00000", "2011-12-31": "9839.00000", "2010-12-31": "7466.00000", "2009-12-31": "5639.00000", "2008-12-31": "69810.00000", "2007-12-31": "58381.00000", "2006-12-31": "56482.00000", "2005-12-31": "58103.00000"}, "Operating Income": {"2019-12-31": "636.00000", "2018-12-31": "1667.00000", "2017-12-31": "-114.00000", "2016-12-31": "-730.00000", "2015-12-31": "-2153.00000", "2014-12-31": "1599.00000", "2013-12-31": "2671.00000", "2012-12-31": "3326.00000", "2011-12-31": "4830.00000", "2010-12-31": "4224.00000", "2009-12-31": "2885.00000", "2008-12-31": "6779.00000", "2007-12-31": "5715.00000", "2006-12-31": "8414.00000", "2005-12-31": "4883.00000"}, "Total Non-Operating Income/Expense": {"2019-12-31": "-244.00000", "2018-12-31": "-240.00000", "2017-12-31": "-340.00000", "2016-12-31": "-434.00000", "2015-12-31": "-286.00000", "2014-12-31": "-238.00000", "2013-12-31": "-278.00000", "2012-12-31": "-222.00000", "2011-12-31": "-386.00000", "2010-12-31": "-167.00000", "2009-12-31": "-122.00000", "2008-12-31": "-28.00000", "2007-12-31": "853.00000", "2006-12-31": "565.00000", "2005-12-31": "-163.00000"}, "Pre-Tax Income": {"2019-12-31": "392.00000", "2018-12-31": "1427.00000", "2017-12-31": "-454.00000", "2016-12-31": "-1164.00000", "2015-12-31": "-2439.00000", "2014-12-31": "1361.00000", "2013-12-31": "2393.00000", "2012-12-31": "3104.00000", "2011-12-31": "4444.00000", "2010-12-31": "4057.00000", "2009-12-31": "2763.00000", "2008-12-31": "6751.00000", "2007-12-31": "6568.00000", "2006-12-31": "8979.00000", "2005-12-31": "4720.00000"}, "Income Taxes": {"2019-12-31": "-88.00000", "2018-12-31": "331.00000", "2017-12-31": "376.00000", "2016-12-31": "923.00000", "2015-12-31": "-738.00000", "2014-12-31": "392.00000", "2013-12-31": "1462.00000", "2012-12-31": "2248.00000", "2011-12-31": "2726.00000", "2010-12-31": "2175.00000", "2009-12-31": "2047.00000", "2008-12-31": "3367.00000", "2007-12-31": "2802.00000", "2006-12-31": "4022.00000", "2005-12-31": "1714.00000"}, "Income After Taxes": {"2019-12-31": "480.00000", "2018-12-31": "1096.00000", "2017-12-31": "-830.00000", "2016-12-31": "-2087.00000", "2015-12-31": "-1701.00000", "2014-12-31": "969.00000", "2013-12-31": "931.00000", "2012-12-31": "856.00000", "2011-12-31": "1718.00000", "2010-12-31": "1882.00000", "2009-12-31": "716.00000", "2008-12-31": "3384.00000", "2007-12-31": "3766.00000", "2006-12-31": "4957.00000", "2005-12-31": "3006.00000"}, "Other Income": {"2019-12-31": "", "2018-12-31": "", "2017-12-31": "", "2016-12-31": "", "2015-12-31": "", "2014-12-31": "", "2013-12-31": "", "2012-12-31": "", "2011-12-31": "", "2010-12-31": "", "2009-12-31": "", "2008-12-31": "", "2007-12-31": "", "2006-12-31": "", "2005-12-31": ""}, "Income From Continuous Operations": {"2019-12-31": "480.00000", "2018-12-31": "1096.00000", "2017-12-31": "-830.00000", "2016-12-31": "-2087.00000", "2015-12-31": "-1701.00000", "2014-12-31": "969.00000", "2013-12-31": "931.00000", "2012-12-31": "856.00000", "2011-12-31": "1718.00000", "2010-12-31": "1882.00000", "2009-12-31": "716.00000", "2008-12-31": "3384.00000", "2007-12-31": "3766.00000", "2006-12-31": "4957.00000", "2005-12-31": "3006.00000"}, "Income From Discontinued Operations": {"2019-12-31": "", "2018-12-31": "", "2017-12-31": "-4893.00000", "2016-12-31": "-53.00000", "2015-12-31": "-503.00000", "2014-12-31": "2077.00000", "2013-12-31": "822.00000", "2012-12-31": "726.00000", "2011-12-31": "1228.00000", "2010-12-31": "686.00000", "2009-12-31": "747.00000", "2008-12-31": "144.00000", "2007-12-31": "190.00000", "2006-12-31": "277.00000", "2005-12-31": "45.00000"}, "Net Income": {"2019-12-31": "480.00000", "2018-12-31": "1096.00000", "2017-12-31": "-5723.00000", "2016-12-31": "-2140.00000", "2015-12-31": "-2204.00000", "2014-12-31": "3046.00000", "2013-12-31": "1753.00000", "2012-12-31": "1582.00000", "2011-12-31": "2946.00000", "2010-12-31": "2568.00000", "2009-12-31": "1463.00000", "2008-12-31": "3528.00000", "2007-12-31": "3956.00000", "2006-12-31": "5234.00000", "2005-12-31": "3032.00000"}, "EBITDA": {"2019-12-31": "3033.00000", "2018-12-31": "4108.00000", "2017-12-31": "2258.00000", "2016-12-31": "1426.00000", "2015-12-31": "568.00000", "2014-12-31": "4592.00000", "2013-12-31": "5267.00000", "2012-12-31": "5334.00000", "2011-12-31": "7093.00000", "2010-12-31": "6280.00000", "2009-12-31": "4819.00000", "2008-12-31": "10299.00000", "2007-12-31": "7279.00000", "2006-12-31": "9932.00000", "2005-12-31": "6186.00000"}, "EBIT": {"2019-12-31": "636.00000", "2018-12-31": "1667.00000", "2017-12-31": "-114.00000", "2016-12-31": "-730.00000", "2015-12-31": "-2153.00000", "2014-12-31": "1599.00000", "2013-12-31": "2671.00000", "2012-12-31": "3326.00000", "2011-12-31": "4830.00000", "2010-12-31": "4224.00000", "2009-12-31": "2885.00000", "2008-12-31": "6779.00000", "2007-12-31": "5715.00000", "2006-12-31": "8414.00000", "2005-12-31": "4883.00000"}, "Basic Shares Outstanding": {"2019-12-31": "810.00000", "2018-12-31": "846.00000", "2017-12-31": "850.00000", "2016-12-31": "819.00000", "2015-12-31": "677.00000", "2014-12-31": "680.00000", "2013-12-31": "705.00000", "2012-12-31": "706.00000", "2011-12-31": "710.00000", "2010-12-31": "710.00000", "2009-12-31": "709.00000", "2008-12-31": "709.00000", "2007-12-31": "690.00000", "2006-12-31": "716.00000", "2005-12-31": "712.00000"}, "Shares Outstanding": {"2019-12-31": "810.00000", "2018-12-31": "847.00000", "2017-12-31": "850.00000", "2016-12-31": "819.00000", "2015-12-31": "677.00000", "2014-12-31": "683.00000", "2013-12-31": "709.00000", "2012-12-31": "710.00000", "2011-12-31": "714.00000", "2010-12-31": "712.00000", "2009-12-31": "711.00000", "2008-12-31": "713.00000", "2007-12-31": "695.00000", "2006-12-31": "722.00000", "2005-12-31": "718.00000"}, "Basic EPS": {"2019-12-31": "0.59000", "2018-12-31": "1.30000", "2017-12-31": "-6.73000", "2016-12-31": "-2.61000", "2015-12-31": "-3.26000", "2014-12-31": "4.48000", "2013-12-31": "2.49000", "2012-12-31": "2.24000", "2011-12-31": "4.15000", "2010-12-31": "3.62000", "2009-12-31": "2.06000", "2008-12-31": "4.97000", "2007-12-31": "5.73000", "2006-12-31": "7.31000", "2005-12-31": "4.26000"}, "EPS - Earnings Per Share": {"2019-12-31": "0.59000", "2018-12-31": "1.29000", "2017-12-31": "-6.73000", "2016-12-31": "-2.61000", "2015-12-31": "-3.26000", "2014-12-31": "4.46000", "2013-12-31": "2.47000", "2012-12-31": "2.23000", "2011-12-31": "4.13000", "2010-12-31": "3.61000", "2009-12-31": "2.06000", "2008-12-31": "4.95000", "2007-12-31": "5.69000", "2006-12-31": "7.25000", "2005-12-31": "4.22000"}}, "income statement, quarterly": {"Revenue": {"2020-09-30": "761.00000", "2020-06-30": "490.00000", "2020-03-31": "1024.00000", "2019-12-31": "1233.00000", "2019-09-30": "1249.00000", "2019-06-30": "1381.00000", "2019-03-31": "1200.00000", "2018-12-31": "1380.00000", "2018-09-30": "1538.00000", "2018-06-30": "1447.00000", "2018-03-31": "1537.00000", "2017-12-31": "1381.00000", "2017-09-30": "1184.00000", "2017-06-30": "937.00000", "2017-03-31": "907.00000", "2016-12-31": "1002.00000", "2016-09-30": "861.00000", "2016-06-30": "761.00000", "2016-03-31": "612.00000", "2015-12-31": "277.00000", "2015-09-30": "1384.00000", "2015-06-30": "1490.00000", "2015-03-31": "1484.00000", "2014-12-31": "2398.00000", "2014-09-30": "2870.00000", "2014-06-30": "2888.00000", "2014-03-31": "2690.00000", "2013-12-31": "1531.00000", "2013-09-30": "3000.00000", "2013-06-30": "3010.00000", "2013-03-31": "3784.00000", "2012-12-31": "405.00000", "2012-09-30": "4036.00000", "2012-06-30": "3732.00000", "2012-03-31": "3793.00000", "2011-12-31": "3655.00000", "2011-09-30": "3649.00000", "2011-06-30": "3694.00000", "2011-03-31": "3671.00000", "2010-12-31": "3362.00000", "2010-09-30": "2854.00000", "2010-06-30": "2807.00000", "2010-03-31": "15714.00000", "2009-12-31": "15817.00000", "2009-09-30": "14362.00000", "2009-06-30": "13039.00000", "2009-03-31": "10176.00000", "2008-12-31": "13909.00000", "2008-09-30": "22969.00000", "2008-06-30": "21889.00000", "2008-03-31": "17822.00000", "2007-12-31": "17729.00000", "2007-09-30": "16762.00000", "2007-06-30": "16736.00000", "2007-03-31": "12869.00000", "2006-12-31": "13807.00000", "2006-09-30": "16492.00000", "2006-06-30": "18179.00000", "2006-03-31": "16418.00000", "2005-12-31": "17035.00000", "2005-09-30": "17077.00000", "2005-06-30": "15942.00000", "2005-03-31": "12932.00000"}, "Cost Of Goods Sold": {"2020-09-30": "129.00000", "2020-06-30": "129.00000", "2020-03-31": "160.00000", "2019-12-31": "169.00000", "2019-09-30": "163.00000", "2019-06-30": "193.00000", "2019-03-31": "187.00000", "2018-12-31": "205.00000", "2018-09-30": "215.00000", "2018-06-30": "205.00000", "2018-03-31": "217.00000", "2017-12-31": "235.00000", "2017-09-30": "246.00000", "2017-06-30": "216.00000", "2017-03-31": "187.00000", "2016-12-31": "232.00000", "2016-09-30": "240.00000", "2016-06-30": "260.00000", "2016-03-31": "233.00000", "2015-12-31": "-292.00000", "2015-09-30": "490.00000", "2015-06-30": "632.00000", "2015-03-31": "649.00000", "2014-12-31": "944.00000", "2014-09-30": "1147.00000", "2014-06-30": "1176.00000", "2014-03-31": "1084.00000", "2013-12-31": "990.00000", "2013-09-30": "1203.00000", "2013-06-30": "1046.00000", "2013-03-31": "993.00000", "2012-12-31": "987.00000", "2012-09-30": "1230.00000", "2012-06-30": "1240.00000", "2012-03-31": "1356.00000", "2011-12-31": "994.00000", "2011-09-30": "1657.00000", "2011-06-30": "1738.00000", "2011-03-31": "1460.00000", "2010-12-31": "1442.00000", "2010-09-30": "1164.00000", "2010-06-30": "1265.00000", "2010-03-31": "12859.00000", "2009-12-31": "12551.00000", "2009-09-30": "11096.00000", "2009-06-30": "9870.00000", "2009-03-31": "7452.00000", "2008-12-31": "10203.00000", "2008-09-30": "17222.00000", "2008-06-30": "18211.00000", "2008-03-31": "14591.00000", "2007-12-31": "14894.00000", "2007-09-30": "13055.00000", "2007-06-30": "11893.00000", "2007-03-31": "9650.00000", "2006-12-31": "10010.00000", "2006-09-30": "11543.00000", "2006-06-30": "13425.00000", "2006-03-31": "13043.00000", "2005-12-31": "13148.00000", "2005-09-30": "13907.00000", "2005-06-30": "12760.00000", "2005-03-31": "10580.00000"}, "Gross Profit": {"2020-09-30": "632.00000", "2020-06-30": "361.00000", "2020-03-31": "864.00000", "2019-12-31": "1064.00000", "2019-09-30": "1086.00000", "2019-06-30": "1188.00000", "2019-03-31": "1013.00000", "2018-12-31": "1175.00000", "2018-09-30": "1323.00000", "2018-06-30": "1242.00000", "2018-03-31": "1320.00000", "2017-12-31": "1146.00000", "2017-09-30": "938.00000", "2017-06-30": "721.00000", "2017-03-31": "720.00000", "2016-12-31": "770.00000", "2016-09-30": "621.00000", "2016-06-30": "501.00000", "2016-03-31": "379.00000", "2015-12-31": "569.00000", "2015-09-30": "894.00000", "2015-06-30": "858.00000", "2015-03-31": "835.00000", "2014-12-31": "1454.00000", "2014-09-30": "1723.00000", "2014-06-30": "1712.00000", "2014-03-31": "1606.00000", "2013-12-31": "541.00000", "2013-09-30": "1797.00000", "2013-06-30": "1964.00000", "2013-03-31": "2791.00000", "2012-12-31": "-582.00000", "2012-09-30": "2806.00000", "2012-06-30": "2492.00000", "2012-03-31": "2437.00000", "2011-12-31": "2661.00000", "2011-09-30": "1992.00000", "2011-06-30": "1956.00000", "2011-03-31": "2211.00000", "2010-12-31": "1920.00000", "2010-09-30": "1690.00000", "2010-06-30": "1542.00000", "2010-03-31": "2855.00000", "2009-12-31": "3266.00000", "2009-09-30": "3266.00000", "2009-06-30": "3169.00000", "2009-03-31": "2724.00000", "2008-12-31": "3706.00000", "2008-09-30": "5747.00000", "2008-06-30": "3678.00000", "2008-03-31": "3231.00000", "2007-12-31": "2835.00000", "2007-09-30": "3707.00000", "2007-06-30": "4843.00000", "2007-03-31": "3219.00000", "2006-12-31": "3797.00000", "2006-09-30": "4949.00000", "2006-06-30": "4754.00000", "2006-03-31": "3375.00000", "2005-12-31": "3887.00000", "2005-09-30": "3170.00000", "2005-06-30": "3182.00000", "2005-03-31": "2352.00000"}, "Research And Development Expenses": {"2020-09-30": "", "2020-06-30": "", "2020-03-31": "", "2019-12-31": "", "2019-09-30": "", "2019-06-30": "", "2019-03-31": "", "2018-12-31": "", "2018-09-30": "", "2018-06-30": "", "2018-03-31": "", "2017-12-31": "", "2017-09-30": "", "2017-06-30": "", "2017-03-31": "", "2016-12-31": "", "2016-09-30": "", "2016-06-30": "", "2016-03-31": "", "2015-12-31": "", "2015-09-30": "", "2015-06-30": "", "2015-03-31": "", "2014-12-31": "", "2014-09-30": "", "2014-06-30": "", "2014-03-31": "", "2013-12-31": "", "2013-09-30": "", "2013-06-30": "", "2013-03-31": "", "2012-12-31": "", "2012-09-30": "", "2012-06-30": "", "2012-03-31": "", "2011-12-31": "", "2011-09-30": "", "2011-06-30": "", "2011-03-31": "", "2010-12-31": "", "2010-09-30": "", "2010-06-30": "", "2010-03-31": "", "2009-12-31": "", "2009-09-30": "", "2009-06-30": "", "2009-03-31": "", "2008-12-31": "", "2008-09-30": "", "2008-06-30": "", "2008-03-31": "", "2007-12-31": "", "2007-09-30": "", "2007-06-30": "", "2007-03-31": "", "2006-12-31": "", "2006-09-30": "", "2006-06-30": "", "2006-03-31": "", "2005-12-31": "", "2005-09-30": "", "2005-06-30": "", "2005-03-31": ""}, "SG&A Expenses": {"2020-09-30": "102.00000", "2020-06-30": "118.00000", "2020-03-31": "142.00000", "2019-12-31": "172.00000", "2019-09-30": "163.00000", "2019-06-30": "166.00000", "2019-03-31": "166.00000", "2018-12-31": "172.00000", "2018-09-30": "187.00000", "2018-06-30": "170.00000", "2018-03-31": "164.00000", "2017-12-31": "150.00000", "2017-09-30": "133.00000", "2017-06-30": "135.00000", "2017-03-31": "136.00000", "2016-12-31": "23.00000", "2016-09-30": "139.00000", "2016-06-30": "166.00000", "2016-03-31": "194.00000", "2015-12-31": "149.00000", "2015-09-30": "171.00000", "2015-06-30": "246.00000", "2015-03-31": "238.00000", "2014-12-31": "255.00000", "2014-09-30": "275.00000", "2014-06-30": "248.00000", "2014-03-31": "282.00000", "2013-12-31": "264.00000", "2013-09-30": "232.00000", "2013-06-30": "252.00000", "2013-03-31": "256.00000", "2012-12-31": "249.00000", "2012-09-30": "234.00000", "2012-06-30": "209.00000", "2012-03-31": "227.00000", "2011-12-31": "315.00000", "2011-09-30": "163.00000", "2011-06-30": "183.00000", "2011-03-31": "195.00000", "2010-12-31": "217.00000", "2010-09-30": "152.00000", "2010-06-30": "170.00000", "2010-03-31": "1625.00000", "2009-12-31": "1685.00000", "2009-09-30": "1679.00000", "2009-06-30": "1643.00000", "2009-03-31": "1567.00000", "2008-12-31": "1759.00000", "2008-09-30": "1748.00000", "2008-06-30": "1783.00000", "2008-03-31": "1639.00000", "2007-12-31": "1779.00000", "2007-09-30": "1783.00000", "2007-06-30": "1727.00000", "2007-03-31": "1582.00000", "2006-12-31": "1664.00000", "2006-09-30": "1689.00000", "2006-06-30": "1676.00000", "2006-03-31": "1549.00000", "2005-12-31": "1558.00000", "2005-09-30": "1625.00000", "2005-06-30": "1556.00000", "2005-03-31": "1449.00000"}, "Other Operating Income Or Expenses": {"2020-09-30": "-218.00000", "2020-06-30": "-349.00000", "2020-03-31": "-63.00000", "2019-12-31": "-203.00000", "2019-09-30": "-64.00000", "2019-06-30": "-162.00000", "2019-03-31": "-222.00000", "2018-12-31": "77.00000", "2018-09-30": "-87.00000", "2018-06-30": "-255.00000", "2018-03-31": "6.00000", "2017-12-31": "-202.00000", "2017-09-30": "-536.00000", "2017-06-30": "-19.00000", "2017-03-31": "44.00000", "2016-12-31": "-42.00000", "2016-09-30": "-184.00000", "2016-06-30": "73.00000", "2016-03-31": "-170.00000", "2015-12-31": "-364.00000", "2015-09-30": "-1076.00000", "2015-06-30": "-195.00000", "2015-03-31": "-149.00000", "2014-12-31": "-541.00000", "2014-09-30": "-203.00000", "2014-06-30": "-197.00000", "2014-03-31": "-34.00000", "2013-12-31": "-245.00000", "2013-09-30": "-82.00000", "2013-06-30": "-215.00000", "2013-03-31": "-376.00000", "2012-12-31": "-265.00000", "2012-09-30": "-165.00000", "2012-06-30": "-228.00000", "2012-03-31": "-242.00000", "2011-12-31": "-519.00000", "2011-09-30": "21.00000", "2011-06-30": "-281.00000", "2011-03-31": "-92.00000", "2010-12-31": "-160.00000", "2010-09-30": "42.00000", "2010-06-30": "-34.00000", "2010-03-31": "419.00000", "2009-12-31": "46.00000", "2009-09-30": "-58.00000", "2009-06-30": "-79.00000", "2009-03-31": "-62.00000", "2008-12-31": "-179.00000", "2008-09-30": "-108.00000", "2008-06-30": "-130.00000", "2008-03-31": "-129.00000", "2007-12-31": "-190.00000", "2007-09-30": "-88.00000", "2007-06-30": "-115.00000", "2007-03-31": "-61.00000", "2006-12-31": "-131.00000", "2006-09-30": "-97.00000", "2006-06-30": "-66.00000", "2006-03-31": "-71.00000", "2005-12-31": "-83.00000", "2005-09-30": "-64.00000", "2005-06-30": "-36.00000", "2005-03-31": "-34.00000"}, "Operating Expenses": {"2020-09-30": "1003.00000", "2020-06-30": "1193.00000", "2020-03-31": "1009.00000", "2019-12-31": "1160.00000", "2019-09-30": "1012.00000", "2019-06-30": "1126.00000", "2019-03-31": "1129.00000", "2018-12-31": "913.00000", "2018-09-30": "1115.00000", "2018-06-30": "1242.00000", "2018-03-31": "965.00000", "2017-12-31": "1170.00000", "2017-09-30": "1556.00000", "2017-06-30": "962.00000", "2017-03-31": "835.00000", "2016-12-31": "870.00000", "2016-09-30": "1085.00000", "2016-06-30": "865.00000", "2016-03-31": "1146.00000", "2015-12-31": "653.00000", "2015-09-30": "2454.00000", "2015-06-30": "1824.00000", "2015-03-31": "1857.00000", "2014-12-31": "2541.00000", "2014-09-30": "2362.00000", "2014-06-30": "2301.00000", "2014-03-31": "2043.00000", "2013-12-31": "1996.00000", "2013-09-30": "2174.00000", "2013-06-30": "2139.00000", "2013-03-31": "2345.00000", "2012-12-31": "1730.00000", "2012-09-30": "2254.00000", "2012-06-30": "2257.00000", "2012-03-31": "2399.00000", "2011-12-31": "2375.00000", "2011-09-30": "2316.00000", "2011-06-30": "2766.00000", "2011-03-31": "2382.00000", "2010-12-31": "2499.00000", "2010-09-30": "1804.00000", "2010-06-30": "1885.00000", "2010-03-31": "14714.00000", "2009-12-31": "14824.00000", "2009-09-30": "13460.00000", "2009-06-30": "12275.00000", "2009-03-31": "9741.00000", "2008-12-31": "12721.00000", "2008-09-30": "19662.00000", "2008-06-30": "20617.00000", "2008-03-31": "16810.00000", "2007-12-31": "17229.00000", "2007-09-30": "15335.00000", "2007-06-30": "14131.00000", "2007-03-31": "11686.00000", "2006-12-31": "12193.00000", "2006-09-30": "13690.00000", "2006-06-30": "15536.00000", "2006-03-31": "15063.00000", "2005-12-31": "15129.00000", "2005-09-30": "15915.00000", "2005-06-30": "14673.00000", "2005-03-31": "12386.00000"}, "Operating Income": {"2020-09-30": "-242.00000", "2020-06-30": "-703.00000", "2020-03-31": "15.00000", "2019-12-31": "73.00000", "2019-09-30": "237.00000", "2019-06-30": "255.00000", "2019-03-31": "71.00000", "2018-12-31": "467.00000", "2018-09-30": "423.00000", "2018-06-30": "205.00000", "2018-03-31": "572.00000", "2017-12-31": "211.00000", "2017-09-30": "-372.00000", "2017-06-30": "-25.00000", "2017-03-31": "72.00000", "2016-12-31": "132.00000", "2016-09-30": "-224.00000", "2016-06-30": "-104.00000", "2016-03-31": "-534.00000", "2015-12-31": "-376.00000", "2015-09-30": "-1070.00000", "2015-06-30": "-334.00000", "2015-03-31": "-373.00000", "2014-12-31": "-143.00000", "2014-09-30": "508.00000", "2014-06-30": "587.00000", "2014-03-31": "647.00000", "2013-12-31": "-465.00000", "2013-09-30": "826.00000", "2013-06-30": "871.00000", "2013-03-31": "1439.00000", "2012-12-31": "-1325.00000", "2012-09-30": "1782.00000", "2012-06-30": "1475.00000", "2012-03-31": "1394.00000", "2011-12-31": "1280.00000", "2011-09-30": "1333.00000", "2011-06-30": "928.00000", "2011-03-31": "1289.00000", "2010-12-31": "863.00000", "2010-09-30": "1050.00000", "2010-06-30": "922.00000", "2010-03-31": "1000.00000", "2009-12-31": "993.00000", "2009-09-30": "902.00000", "2009-06-30": "764.00000", "2009-03-31": "435.00000", "2008-12-31": "1188.00000", "2008-09-30": "3307.00000", "2008-06-30": "1272.00000", "2008-03-31": "1012.00000", "2007-12-31": "500.00000", "2007-09-30": "1427.00000", "2007-06-30": "2605.00000", "2007-03-31": "1183.00000", "2006-12-31": "1614.00000", "2006-09-30": "2802.00000", "2006-06-30": "2643.00000", "2006-03-31": "1355.00000", "2005-12-31": "1906.00000", "2005-09-30": "1162.00000", "2005-06-30": "1269.00000", "2005-03-31": "546.00000"}, "Total Non-Operating Income/Expense": {"2020-09-30": "-68.00000", "2020-06-30": "-62.00000", "2020-03-31": "-64.00000", "2019-12-31": "-76.00000", "2019-09-30": "-62.00000", "2019-06-30": "-62.00000", "2019-03-31": "-44.00000", "2018-12-31": "-61.00000", "2018-09-30": "-66.00000", "2018-06-30": "-65.00000", "2018-03-31": "-48.00000", "2017-12-31": "-79.00000", "2017-09-30": "-86.00000", "2017-06-30": "-87.00000", "2017-03-31": "-88.00000", "2016-12-31": "-178.00000", "2016-09-30": "-89.00000", "2016-06-30": "-88.00000", "2016-03-31": "-79.00000", "2015-12-31": "-106.00000", "2015-09-30": "-75.00000", "2015-06-30": "-58.00000", "2015-03-31": "-47.00000", "2014-12-31": "-58.00000", "2014-09-30": "-55.00000", "2014-06-30": "-76.00000", "2014-03-31": "-49.00000", "2013-12-31": "-68.00000", "2013-09-30": "-71.00000", "2013-06-30": "-67.00000", "2013-03-31": "-72.00000", "2012-12-31": "-62.00000", "2012-09-30": "-53.00000", "2012-06-30": "-57.00000", "2012-03-31": "-50.00000", "2011-12-31": "-45.00000", "2011-09-30": "-30.00000", "2011-06-30": "-13.00000", "2011-03-31": "-298.00000", "2010-12-31": "-22.00000", "2010-09-30": "-16.00000", "2010-06-30": "-107.00000", "2010-03-31": "-30.00000", "2009-12-31": "-86.00000", "2009-09-30": "80.00000", "2009-06-30": "266.00000", "2009-03-31": "87.00000", "2008-12-31": "-903.00000", "2008-09-30": "286.00000", "2008-06-30": "302.00000", "2008-03-31": "287.00000", "2007-12-31": "210.00000", "2007-09-30": "320.00000", "2007-06-30": "171.00000", "2007-03-31": "152.00000", "2006-12-31": "191.00000", "2006-09-30": "151.00000", "2006-06-30": "122.00000", "2006-03-31": "101.00000", "2005-12-31": "81.00000", "2005-09-30": "46.00000", "2005-06-30": "-267.00000", "2005-03-31": "-23.00000"}, "Pre-Tax Income": {"2020-09-30": "-310.00000", "2020-06-30": "-765.00000", "2020-03-31": "-49.00000", "2019-12-31": "-3.00000", "2019-09-30": "175.00000", "2019-06-30": "193.00000", "2019-03-31": "27.00000", "2018-12-31": "406.00000", "2018-09-30": "357.00000", "2018-06-30": "140.00000", "2018-03-31": "524.00000", "2017-12-31": "132.00000", "2017-09-30": "-458.00000", "2017-06-30": "-112.00000", "2017-03-31": "-16.00000", "2016-12-31": "-46.00000", "2016-09-30": "-313.00000", "2016-06-30": "-192.00000", "2016-03-31": "-613.00000", "2015-12-31": "-482.00000", "2015-09-30": "-1145.00000", "2015-06-30": "-392.00000", "2015-03-31": "-420.00000", "2014-12-31": "-201.00000", "2014-09-30": "453.00000", "2014-06-30": "511.00000", "2014-03-31": "598.00000", "2013-12-31": "-533.00000", "2013-09-30": "755.00000", "2013-06-30": "804.00000", "2013-03-31": "1367.00000", "2012-12-31": "-1387.00000", "2012-09-30": "1729.00000", "2012-06-30": "1418.00000", "2012-03-31": "1344.00000", "2011-12-31": "1235.00000", "2011-09-30": "1303.00000", "2011-06-30": "915.00000", "2011-03-31": "991.00000", "2010-12-31": "841.00000", "2010-09-30": "1034.00000", "2010-06-30": "815.00000", "2010-03-31": "970.00000", "2009-12-31": "907.00000", "2009-09-30": "982.00000", "2009-06-30": "1030.00000", "2009-03-31": "522.00000", "2008-12-31": "285.00000", "2008-09-30": "3593.00000", "2008-06-30": "1574.00000", "2008-03-31": "1299.00000", "2007-12-31": "710.00000", "2007-09-30": "1747.00000", "2007-06-30": "2776.00000", "2007-03-31": "1335.00000", "2006-12-31": "1805.00000", "2006-09-30": "2953.00000", "2006-06-30": "2765.00000", "2006-03-31": "1456.00000", "2005-12-31": "1987.00000", "2005-09-30": "1208.00000", "2005-06-30": "1002.00000", "2005-03-31": "523.00000"}, "Income Taxes": {"2020-09-30": "7.00000", "2020-06-30": "-15.00000", "2020-03-31": "-3.00000", "2019-12-31": "17.00000", "2019-09-30": "10.00000", "2019-06-30": "32.00000", "2019-03-31": "-147.00000", "2018-12-31": "16.00000", "2018-09-30": "103.00000", "2018-06-30": "44.00000", "2018-03-31": "168.00000", "2017-12-31": "160.00000", "2017-09-30": "141.00000", "2017-06-30": "41.00000", "2017-03-31": "34.00000", "2016-12-31": "1337.00000", "2016-09-30": "-107.00000", "2016-06-30": "-54.00000", "2016-03-31": "-253.00000", "2015-12-31": "-192.00000", "2015-09-30": "-396.00000", "2015-06-30": "-6.00000", "2015-03-31": "-144.00000", "2014-12-31": "-108.00000", "2014-09-30": "149.00000", "2014-06-30": "151.00000", "2014-03-31": "200.00000", "2013-12-31": "-447.00000", "2013-09-30": "359.00000", "2013-06-30": "563.00000", "2013-03-31": "987.00000", "2012-12-31": "-983.00000", "2012-09-30": "1279.00000", "2012-06-30": "1025.00000", "2012-03-31": "927.00000", "2011-12-31": "675.00000", "2011-09-30": "898.00000", "2011-06-30": "617.00000", "2011-03-31": "536.00000", "2010-12-31": "417.00000", "2010-09-30": "567.00000", "2010-06-30": "441.00000", "2010-03-31": "513.00000", "2009-12-31": "708.00000", "2009-09-30": "590.00000", "2009-06-30": "702.00000", "2009-03-31": "257.00000", "2008-12-31": "392.00000", "2008-09-30": "1601.00000", "2008-06-30": "806.00000", "2008-03-31": "568.00000", "2007-12-31": "224.00000", "2007-09-30": "726.00000", "2007-06-30": "1234.00000", "2007-03-31": "618.00000", "2006-12-31": "726.00000", "2006-09-30": "1330.00000", "2006-06-30": "1281.00000", "2006-03-31": "685.00000", "2005-12-31": "723.00000", "2005-09-30": "458.00000", "2005-06-30": "334.00000", "2005-03-31": "199.00000"}, "Income After Taxes": {"2020-09-30": "-317.00000", "2020-06-30": "-750.00000", "2020-03-31": "-46.00000", "2019-12-31": "-20.00000", "2019-09-30": "165.00000", "2019-06-30": "161.00000", "2019-03-31": "174.00000", "2018-12-31": "390.00000", "2018-09-30": "254.00000", "2018-06-30": "96.00000", "2018-03-31": "356.00000", "2017-12-31": "-28.00000", "2017-09-30": "-599.00000", "2017-06-30": "-153.00000", "2017-03-31": "-50.00000", "2016-12-31": "-1383.00000", "2016-09-30": "-206.00000", "2016-06-30": "-138.00000", "2016-03-31": "-360.00000", "2015-12-31": "-290.00000", "2015-09-30": "-749.00000", "2015-06-30": "-386.00000", "2015-03-31": "-276.00000", "2014-12-31": "-93.00000", "2014-09-30": "304.00000", "2014-06-30": "360.00000", "2014-03-31": "398.00000", "2013-12-31": "-86.00000", "2013-09-30": "396.00000", "2013-06-30": "241.00000", "2013-03-31": "380.00000", "2012-12-31": "-404.00000", "2012-09-30": "450.00000", "2012-06-30": "393.00000", "2012-03-31": "417.00000", "2011-12-31": "560.00000", "2011-09-30": "405.00000", "2011-06-30": "298.00000", "2011-03-31": "455.00000", "2010-12-31": "424.00000", "2010-09-30": "467.00000", "2010-06-30": "374.00000", "2010-03-31": "457.00000", "2009-12-31": "199.00000", "2009-09-30": "392.00000", "2009-06-30": "328.00000", "2009-03-31": "265.00000", "2008-12-31": "-107.00000", "2008-09-30": "1992.00000", "2008-06-30": "768.00000", "2008-03-31": "731.00000", "2007-12-31": "486.00000", "2007-09-30": "1021.00000", "2007-06-30": "1542.00000", "2007-03-31": "717.00000", "2006-12-31": "1079.00000", "2006-09-30": "1623.00000", "2006-06-30": "1484.00000", "2006-03-31": "771.00000", "2005-12-31": "1264.00000", "2005-09-30": "750.00000", "2005-06-30": "668.00000", "2005-03-31": "324.00000"}, "Other Income": {"2020-09-30": "", "2020-06-30": "", "2020-03-31": "", "2019-12-31": "", "2019-09-30": "", "2019-06-30": "", "2019-03-31": "", "2018-12-31": "", "2018-09-30": "", "2018-06-30": "", "2018-03-31": "", "2017-12-31": "", "2017-09-30": "", "2017-06-30": "", "2017-03-31": "", "2016-12-31": "", "2016-09-30": "", "2016-06-30": "", "2016-03-31": "", "2015-12-31": "", "2015-09-30": "", "2015-06-30": "", "2015-03-31": "", "2014-12-31": "", "2014-09-30": "", "2014-06-30": "", "2014-03-31": "", "2013-12-31": "", "2013-09-30": "", "2013-06-30": "", "2013-03-31": "", "2012-12-31": "", "2012-09-30": "", "2012-06-30": "", "2012-03-31": "", "2011-12-31": "", "2011-09-30": "", "2011-06-30": "", "2011-03-31": "", "2010-12-31": "", "2010-09-30": "", "2010-06-30": "", "2010-03-31": "", "2009-12-31": "", "2009-09-30": "", "2009-06-30": "", "2009-03-31": "", "2008-12-31": "", "2008-09-30": "", "2008-06-30": "", "2008-03-31": "", "2007-12-31": "", "2007-09-30": "", "2007-06-30": "", "2007-03-31": "", "2006-12-31": "", "2006-09-30": "", "2006-06-30": "", "2006-03-31": "", "2005-12-31": "", "2005-09-30": "", "2005-06-30": "", "2005-03-31": ""}, "Income From Continuous Operations": {"2020-09-30": "-317.00000", "2020-06-30": "-750.00000", "2020-03-31": "-46.00000", "2019-12-31": "-20.00000", "2019-09-30": "165.00000", "2019-06-30": "161.00000", "2019-03-31": "174.00000", "2018-12-31": "390.00000", "2018-09-30": "254.00000", "2018-06-30": "96.00000", "2018-03-31": "356.00000", "2017-12-31": "-28.00000", "2017-09-30": "-599.00000", "2017-06-30": "-153.00000", "2017-03-31": "-50.00000", "2016-12-31": "-1383.00000", "2016-09-30": "-206.00000", "2016-06-30": "-138.00000", "2016-03-31": "-360.00000", "2015-12-31": "-290.00000", "2015-09-30": "-749.00000", "2015-06-30": "-386.00000", "2015-03-31": "-276.00000", "2014-12-31": "-93.00000", "2014-09-30": "304.00000", "2014-06-30": "360.00000", "2014-03-31": "398.00000", "2013-12-31": "-86.00000", "2013-09-30": "396.00000", "2013-06-30": "241.00000", "2013-03-31": "380.00000", "2012-12-31": "-404.00000", "2012-09-30": "450.00000", "2012-06-30": "393.00000", "2012-03-31": "417.00000", "2011-12-31": "560.00000", "2011-09-30": "405.00000", "2011-06-30": "298.00000", "2011-03-31": "455.00000", "2010-12-31": "424.00000", "2010-09-30": "467.00000", "2010-06-30": "374.00000", "2010-03-31": "457.00000", "2009-12-31": "199.00000", "2009-09-30": "392.00000", "2009-06-30": "328.00000", "2009-03-31": "265.00000", "2008-12-31": "-107.00000", "2008-09-30": "1992.00000", "2008-06-30": "768.00000", "2008-03-31": "731.00000", "2007-12-31": "486.00000", "2007-09-30": "1021.00000", "2007-06-30": "1542.00000", "2007-03-31": "717.00000", "2006-12-31": "1079.00000", "2006-09-30": "1623.00000", "2006-06-30": "1484.00000", "2006-03-31": "771.00000", "2005-12-31": "1264.00000", "2005-09-30": "750.00000", "2005-06-30": "668.00000", "2005-03-31": "324.00000"}, "Income From Discontinued Operations": {"2020-09-30": "", "2020-06-30": "", "2020-03-31": "", "2019-12-31": "", "2019-09-30": "", "2019-06-30": "", "2019-03-31": "", "2018-12-31": "", "2018-09-30": "", "2018-06-30": "", "2018-03-31": "", "2017-12-31": "", "2017-09-30": "", "2017-06-30": "14.00000", "2017-03-31": "-4907.00000", "2016-12-31": "12.00000", "2016-09-30": "14.00000", "2016-06-30": "-32.00000", "2016-03-31": "-47.00000", "2015-12-31": "", "2015-09-30": "", "2015-06-30": "", "2015-03-31": "", "2014-12-31": "1019.00000", "2014-09-30": "127.00000", "2014-06-30": "180.00000", "2014-03-31": "751.00000", "2013-12-31": "461.00000", "2013-09-30": "173.00000", "2013-06-30": "185.00000", "2013-03-31": "3.00000", "2012-12-31": "", "2012-09-30": "", "2012-06-30": "", "2012-03-31": "", "2011-12-31": "-11.00000", "2011-09-30": "0.00000", "2011-06-30": "698.00000", "2011-03-31": "541.00000", "2010-12-31": "282.00000", "2010-09-30": "229.00000", "2010-06-30": "335.00000", "2010-03-31": "", "2009-12-31": "156.00000", "2009-09-30": "21.00000", "2009-06-30": "85.00000", "2009-03-31": "17.00000", "2008-12-31": "66.00000", "2008-09-30": "72.00000", "2008-06-30": "6.00000", "2008-03-31": "", "2007-12-31": "182.00000", "2007-09-30": "", "2007-06-30": "8.00000", "2007-03-31": "", "2006-12-31": "", "2006-09-30": "", "2006-06-30": "264.00000", "2006-03-31": "13.00000", "2005-12-31": "20.00000", "2005-09-30": "20.00000", "2005-06-30": "5.00000", "2005-03-31": ""}, "Net Income": {"2020-09-30": "-317.00000", "2020-06-30": "-750.00000", "2020-03-31": "-46.00000", "2019-12-31": "-20.00000", "2019-09-30": "165.00000", "2019-06-30": "161.00000", "2019-03-31": "174.00000", "2018-12-31": "390.00000", "2018-09-30": "254.00000", "2018-06-30": "96.00000", "2018-03-31": "356.00000", "2017-12-31": "-28.00000", "2017-09-30": "-599.00000", "2017-06-30": "-139.00000", "2017-03-31": "-4957.00000", "2016-12-31": "-1371.00000", "2016-09-30": "-192.00000", "2016-06-30": "-170.00000", "2016-03-31": "-407.00000", "2015-12-31": "-793.00000", "2015-09-30": "-749.00000", "2015-06-30": "-386.00000", "2015-03-31": "-276.00000", "2014-12-31": "926.00000", "2014-09-30": "431.00000", "2014-06-30": "540.00000", "2014-03-31": "1149.00000", "2013-12-31": "375.00000", "2013-09-30": "569.00000", "2013-06-30": "426.00000", "2013-03-31": "383.00000", "2012-12-31": "322.00000", "2012-09-30": "450.00000", "2012-06-30": "393.00000", "2012-03-31": "417.00000", "2011-12-31": "549.00000", "2011-09-30": "405.00000", "2011-06-30": "996.00000", "2011-03-31": "996.00000", "2010-12-31": "706.00000", "2010-09-30": "696.00000", "2010-06-30": "709.00000", "2010-03-31": "457.00000", "2009-12-31": "355.00000", "2009-09-30": "413.00000", "2009-06-30": "413.00000", "2009-03-31": "282.00000", "2008-12-31": "-41.00000", "2008-09-30": "2064.00000", "2008-06-30": "774.00000", "2008-03-31": "731.00000", "2007-12-31": "668.00000", "2007-09-30": "1021.00000", "2007-06-30": "1550.00000", "2007-03-31": "717.00000", "2006-12-31": "1079.00000", "2006-09-30": "1623.00000", "2006-06-30": "1748.00000", "2006-03-31": "784.00000", "2005-12-31": "1265.00000", "2005-09-30": "770.00000", "2005-06-30": "673.00000", "2005-03-31": "324.00000"}, "EBITDA": {"2020-09-30": "312.00000", "2020-06-30": "-106.00000", "2020-03-31": "659.00000", "2019-12-31": "689.00000", "2019-09-30": "859.00000", "2019-06-30": "860.00000", "2019-03-31": "625.00000", "2018-12-31": "1080.00000", "2018-09-30": "1049.00000", "2018-06-30": "817.00000", "2018-03-31": "1162.00000", "2017-12-31": "794.00000", "2017-09-30": "269.00000", "2017-06-30": "567.00000", "2017-03-31": "628.00000", "2016-12-31": "705.00000", "2016-09-30": "298.00000", "2016-06-30": "408.00000", "2016-03-31": "15.00000", "2015-12-31": "-325.00000", "2015-09-30": "28.00000", "2015-06-30": "417.00000", "2015-03-31": "448.00000", "2014-12-31": "790.00000", "2014-09-30": "1224.00000", "2014-06-30": "1288.00000", "2014-03-31": "1290.00000", "2013-12-31": "217.00000", "2013-09-30": "1445.00000", "2013-06-30": "1446.00000", "2013-03-31": "2159.00000", "2012-12-31": "-1096.00000", "2012-09-30": "2144.00000", "2012-06-30": "2056.00000", "2012-03-31": "2230.00000", "2011-12-31": "1827.00000", "2011-09-30": "1850.00000", "2011-06-30": "1492.00000", "2011-03-31": "1924.00000", "2010-12-31": "1543.00000", "2010-09-30": "1141.00000", "2010-06-30": "1558.00000", "2010-03-31": "1649.00000", "2009-12-31": "957.00000", "2009-09-30": "1529.00000", "2009-06-30": "1447.00000", "2009-03-31": "1095.00000", "2008-12-31": "3195.00000", "2008-09-30": "3887.00000", "2008-06-30": "1754.00000", "2008-03-31": "1463.00000", "2007-12-31": "866.00000", "2007-09-30": "1836.00000", "2007-06-30": "3001.00000", "2007-03-31": "1576.00000", "2006-12-31": "2002.00000", "2006-09-30": "3163.00000", "2006-06-30": "3012.00000", "2006-03-31": "1755.00000", "2005-12-31": "2259.00000", "2005-09-30": "1481.00000", "2005-06-30": "1577.00000", "2005-03-31": "869.00000"}, "EBIT": {"2020-09-30": "-242.00000", "2020-06-30": "-703.00000", "2020-03-31": "15.00000", "2019-12-31": "73.00000", "2019-09-30": "237.00000", "2019-06-30": "255.00000", "2019-03-31": "71.00000", "2018-12-31": "467.00000", "2018-09-30": "423.00000", "2018-06-30": "205.00000", "2018-03-31": "572.00000", "2017-12-31": "211.00000", "2017-09-30": "-372.00000", "2017-06-30": "-25.00000", "2017-03-31": "72.00000", "2016-12-31": "132.00000", "2016-09-30": "-224.00000", "2016-06-30": "-104.00000", "2016-03-31": "-534.00000", "2015-12-31": "-376.00000", "2015-09-30": "-1070.00000", "2015-06-30": "-334.00000", "2015-03-31": "-373.00000", "2014-12-31": "-143.00000", "2014-09-30": "508.00000", "2014-06-30": "587.00000", "2014-03-31": "647.00000", "2013-12-31": "-465.00000", "2013-09-30": "826.00000", "2013-06-30": "871.00000", "2013-03-31": "1439.00000", "2012-12-31": "-1325.00000", "2012-09-30": "1782.00000", "2012-06-30": "1475.00000", "2012-03-31": "1394.00000", "2011-12-31": "1280.00000", "2011-09-30": "1333.00000", "2011-06-30": "928.00000", "2011-03-31": "1289.00000", "2010-12-31": "863.00000", "2010-09-30": "1050.00000", "2010-06-30": "922.00000", "2010-03-31": "1000.00000", "2009-12-31": "993.00000", "2009-09-30": "902.00000", "2009-06-30": "764.00000", "2009-03-31": "435.00000", "2008-12-31": "1188.00000", "2008-09-30": "3307.00000", "2008-06-30": "1272.00000", "2008-03-31": "1012.00000", "2007-12-31": "500.00000", "2007-09-30": "1427.00000", "2007-06-30": "2605.00000", "2007-03-31": "1183.00000", "2006-12-31": "1614.00000", "2006-09-30": "2802.00000", "2006-06-30": "2643.00000", "2006-03-31": "1355.00000", "2005-12-31": "1906.00000", "2005-09-30": "1162.00000", "2005-06-30": "1269.00000", "2005-03-31": "546.00000"}, "Basic Shares Outstanding": {"2020-09-30": "790.00000", "2020-06-30": "790.00000", "2020-03-31": "794.00000", "2019-12-31": "810.00000", "2019-09-30": "802.00000", "2019-06-30": "813.00000", "2019-03-31": "819.00000", "2018-12-31": "846.00000", "2018-09-30": "848.00000", "2018-06-30": "854.00000", "2018-03-31": "851.00000", "2017-12-31": "850.00000", "2017-09-30": "850.00000", "2017-06-30": "850.00000", "2017-03-31": "849.00000", "2016-12-31": "819.00000", "2016-09-30": "847.00000", "2016-06-30": "848.00000", "2016-03-31": "730.00000", "2015-12-31": "677.00000", "2015-09-30": "677.00000", "2015-06-30": "677.00000", "2015-03-31": "675.00000", "2014-12-31": "680.00000", "2014-09-30": "675.00000", "2014-06-30": "676.00000", "2014-03-31": "693.00000", "2013-12-31": "705.00000", "2013-09-30": "707.00000", "2013-06-30": "710.00000", "2013-03-31": "708.00000", "2012-12-31": "706.00000", "2012-09-30": "706.00000", "2012-06-30": "706.00000", "2012-03-31": "706.00000", "2011-12-31": "710.00000", "2011-09-30": "711.00000", "2011-06-30": "713.00000", "2011-03-31": "711.00000", "2010-12-31": "710.00000", "2010-09-30": "710.00000", "2010-06-30": "710.00000", "2010-03-31": "711.00000", "2009-12-31": "709.00000", "2009-09-30": "709.00000", "2009-06-30": "710.00000", "2009-03-31": "709.00000", "2008-12-31": "709.00000", "2008-09-30": "707.00000", "2008-06-30": "709.00000", "2008-03-31": "713.00000", "2007-12-31": "690.00000", "2007-09-30": "680.00000", "2007-06-30": "683.00000", "2007-03-31": "689.00000", "2006-12-31": "716.00000", "2006-09-30": "713.00000", "2006-06-30": "722.00000", "2006-03-31": "730.00000", "2005-12-31": "712.00000", "2005-09-30": "730.27400", "2005-06-30": "694.15000", "2005-03-31": "692.01200"}, "Shares Outstanding": {"2020-09-30": "790.00000", "2020-06-30": "790.00000", "2020-03-31": "794.00000", "2019-12-31": "810.00000", "2019-09-30": "803.00000", "2019-06-30": "814.00000", "2019-03-31": "820.00000", "2018-12-31": "847.00000", "2018-09-30": "849.00000", "2018-06-30": "855.00000", "2018-03-31": "852.00000", "2017-12-31": "850.00000", "2017-09-30": "850.00000", "2017-06-30": "850.00000", "2017-03-31": "849.00000", "2016-12-31": "819.00000", "2016-09-30": "847.00000", "2016-06-30": "848.00000", "2016-03-31": "730.00000", "2015-12-31": "677.00000", "2015-09-30": "677.00000", "2015-06-30": "677.00000", "2015-03-31": "675.00000", "2014-12-31": "683.00000", "2014-09-30": "678.00000", "2014-06-30": "679.00000", "2014-03-31": "696.00000", "2013-12-31": "709.00000", "2013-09-30": "711.00000", "2013-06-30": "714.00000", "2013-03-31": "712.00000", "2012-12-31": "710.00000", "2012-09-30": "709.00000", "2012-06-30": "709.00000", "2012-03-31": "710.00000", "2011-12-31": "714.00000", "2011-09-30": "714.00000", "2011-06-30": "717.00000", "2011-03-31": "715.00000", "2010-12-31": "713.00000", "2010-09-30": "712.00000", "2010-06-30": "712.00000", "2010-03-31": "715.00000", "2009-12-31": "711.00000", "2009-09-30": "711.00000", "2009-06-30": "712.00000", "2009-03-31": "712.00000", "2008-12-31": "713.00000", "2008-09-30": "711.00000", "2008-06-30": "711.00000", "2008-03-31": "717.00000", "2007-12-31": "695.00000", "2007-09-30": "685.00000", "2007-06-30": "689.00000", "2007-03-31": "694.00000", "2006-12-31": "722.00000", "2006-09-30": "719.00000", "2006-06-30": "728.00000", "2006-03-31": "736.00000", "2005-12-31": "718.00000", "2005-09-30": "737.12800", "2005-06-30": "699.83600", "2005-03-31": "697.29000"}, "Basic EPS": {"2020-09-30": "-0.40000", "2020-06-30": "-0.95000", "2020-03-31": "-0.06000", "2019-12-31": "-0.03000", "2019-09-30": "0.21000", "2019-06-30": "0.20000", "2019-03-31": "0.21000", "2018-12-31": "0.47000", "2018-09-30": "0.30000", "2018-06-30": "0.11000", "2018-03-31": "0.42000", "2017-12-31": "-0.03000", "2017-09-30": "-0.70000", "2017-06-30": "-0.16000", "2017-03-31": "-5.84000", "2016-12-31": "-1.62000", "2016-09-30": "-0.23000", "2016-06-30": "-0.20000", "2016-03-31": "-0.56000", "2015-12-31": "-1.17000", "2015-09-30": "-1.11000", "2015-06-30": "-0.57000", "2015-03-31": "-0.41000", "2014-12-31": "1.38000", "2014-09-30": "0.64000", "2014-06-30": "0.80000", "2014-03-31": "1.66000", "2013-12-31": "0.55000", "2013-09-30": "0.80000", "2013-06-30": "0.60000", "2013-03-31": "0.54000", "2012-12-31": "0.45000", "2012-09-30": "0.64000", "2012-06-30": "0.56000", "2012-03-31": "0.59000", "2011-12-31": "0.78000", "2011-09-30": "0.57000", "2011-06-30": "1.40000", "2011-03-31": "1.40000", "2010-12-31": "0.99000", "2010-09-30": "0.98000", "2010-06-30": "1.00000", "2010-03-31": "0.64000", "2009-12-31": "0.50000", "2009-09-30": "0.58000", "2009-06-30": "0.58000", "2009-03-31": "0.40000", "2008-12-31": "-0.07000", "2008-09-30": "2.92000", "2008-06-30": "1.09000", "2008-03-31": "1.03000", "2007-12-31": "0.92000", "2007-09-30": "1.50000", "2007-06-30": "2.27000", "2007-03-31": "1.04000", "2006-12-31": "1.53500", "2006-09-30": "2.28000", "2006-06-30": "2.42000", "2006-03-31": "1.07500", "2005-12-31": "1.76500", "2005-09-30": "1.05500", "2005-06-30": "0.97000", "2005-03-31": "0.47000"}, "EPS - Earnings Per Share": {"2020-09-30": "-0.40000", "2020-06-30": "-0.95000", "2020-03-31": "-0.06000", "2019-12-31": "-0.03000", "2019-09-30": "0.21000", "2019-06-30": "0.20000", "2019-03-31": "0.21000", "2018-12-31": "0.46000", "2018-09-30": "0.30000", "2018-06-30": "0.11000", "2018-03-31": "0.42000", "2017-12-31": "-0.03000", "2017-09-30": "-0.70000", "2017-06-30": "-0.16000", "2017-03-31": "-5.84000", "2016-12-31": "-1.62000", "2016-09-30": "-0.23000", "2016-06-30": "-0.20000", "2016-03-31": "-0.56000", "2015-12-31": "-1.17000", "2015-09-30": "-1.11000", "2015-06-30": "-0.57000", "2015-03-31": "-0.41000", "2014-12-31": "1.37000", "2014-09-30": "0.64000", "2014-06-30": "0.80000", "2014-03-31": "1.65000", "2013-12-31": "0.53000", "2013-09-30": "0.80000", "2013-06-30": "0.60000", "2013-03-31": "0.54000", "2012-12-31": "0.45000", "2012-09-30": "0.63000", "2012-06-30": "0.56000", "2012-03-31": "0.59000", "2011-12-31": "0.78000", "2011-09-30": "0.57000", "2011-06-30": "1.39000", "2011-03-31": "1.39000", "2010-12-31": "0.99000", "2010-09-30": "0.98000", "2010-06-30": "1.00000", "2010-03-31": "0.64000", "2009-12-31": "0.50000", "2009-09-30": "0.58000", "2009-06-30": "0.58000", "2009-03-31": "0.40000", "2008-12-31": "-0.05000", "2008-09-30": "2.90000", "2008-06-30": "1.08000", "2008-03-31": "1.02000", "2007-12-31": "0.92000", "2007-09-30": "1.49000", "2007-06-30": "2.25000", "2007-03-31": "1.03000", "2006-12-31": "1.52500", "2006-09-30": "2.26000", "2006-06-30": "2.40000", "2006-03-31": "1.06500", "2005-12-31": "1.75000", "2005-09-30": "1.04500", "2005-06-30": "0.96000", "2005-03-31": "0.46500"}}, "balance sheet": {"Cash On Hand": {"2019-12-31": "858.00000", "2018-12-31": "1462.00000", "2017-12-31": "563.00000", "2016-12-31": "2488.00000", "2015-12-31": "1221.00000", "2014-12-31": "2398.00000", "2013-12-31": "264.00000", "2012-12-31": "684.00000", "2011-12-31": "493.00000", "2010-12-31": "3951.00000", "2009-12-31": "2057.00000", "2008-12-31": "1285.00000", "2007-12-31": "1199.00000", "2006-12-31": "2585.00000", "2005-12-31": "2617.00000"}, "Receivables": {"2019-12-31": "1122.00000", "2018-12-31": "1079.00000", "2017-12-31": "1082.00000", "2016-12-31": "748.00000", "2015-12-31": "912.00000", "2014-12-31": "1729.00000", "2013-12-31": "2134.00000", "2012-12-31": "2418.00000", "2011-12-31": "1952.00000", "2010-12-31": "6030.00000", "2009-12-31": "4737.00000", "2008-12-31": "3150.00000", "2007-12-31": "5773.00000", "2006-12-31": "4209.00000", "2005-12-31": "3534.00000"}, "Inventory": {"2019-12-31": "72.00000", "2018-12-31": "96.00000", "2017-12-31": "126.00000", "2016-12-31": "136.00000", "2015-12-31": "313.00000", "2014-12-31": "357.00000", "2013-12-31": "364.00000", "2012-12-31": "361.00000", "2011-12-31": "361.00000", "2010-12-31": "3453.00000", "2009-12-31": "3622.00000", "2008-12-31": "3507.00000", "2007-12-31": "3277.00000", "2006-12-31": "3173.00000", "2005-12-31": "3041.00000"}, "Pre-Paid Expenses": {"2019-12-31": "", "2018-12-31": "", "2017-12-31": "", "2016-12-31": "", "2015-12-31": "", "2014-12-31": "", "2013-12-31": "", "2012-12-31": "", "2011-12-31": "", "2010-12-31": "92.00000", "2009-12-31": "", "2008-12-31": "", "2007-12-31": "", "2006-12-31": "", "2005-12-31": ""}, "Other Current Assets": {"2019-12-31": "83.00000", "2018-12-31": "284.00000", "2017-12-31": "47.00000", "2016-12-31": "293.00000", "2015-12-31": "144.00000", "2014-12-31": "109.00000", "2013-12-31": "213.00000", "2012-12-31": "299.00000", "2011-12-31": "418.00000", "2010-12-31": "303.00000", "2009-12-31": "221.00000", "2008-12-31": "461.00000", "2007-12-31": "338.00000", "2006-12-31": "129.00000", "2005-12-31": "191.00000"}, "Total Current Assets": {"2019-12-31": "2135.00000", "2018-12-31": "2921.00000", "2017-12-31": "2566.00000", "2016-12-31": "3665.00000", "2015-12-31": "2590.00000", "2014-12-31": "4593.00000", "2013-12-31": "2975.00000", "2012-12-31": "3762.00000", "2011-12-31": "3224.00000", "2010-12-31": "13829.00000", "2009-12-31": "10637.00000", "2008-12-31": "8403.00000", "2007-12-31": "10587.00000", "2006-12-31": "10096.00000", "2005-12-31": "9383.00000"}, "Property, Plant, And Equipment": {"2019-12-31": "17000.00000", "2018-12-31": "16804.00000", "2017-12-31": "17665.00000", "2016-12-31": "16727.00000", "2015-12-31": "27061.00000", "2014-12-31": "29040.00000", "2013-12-31": "28145.00000", "2012-12-31": "28272.00000", "2011-12-31": "25324.00000", "2010-12-31": "32222.00000", "2009-12-31": "32121.00000", "2008-12-31": "29414.00000", "2007-12-31": "24675.00000", "2006-12-31": "16653.00000", "2005-12-31": "15011.00000"}, "Long-Term Investments": {"2019-12-31": "663.00000", "2018-12-31": "745.00000", "2017-12-31": "847.00000", "2016-12-31": "931.00000", "2015-12-31": "1003.00000", "2014-12-31": "1113.00000", "2013-12-31": "1201.00000", "2012-12-31": "1279.00000", "2011-12-31": "1383.00000", "2010-12-31": "1802.00000", "2009-12-31": "1970.00000", "2008-12-31": "2080.00000", "2007-12-31": "2630.00000", "2006-12-31": "1539.00000", "2005-12-31": "1864.00000"}, "Goodwill And Intangible Assets": {"2019-12-31": "95.00000", "2018-12-31": "97.00000", "2017-12-31": "115.00000", "2016-12-31": "115.00000", "2015-12-31": "115.00000", "2014-12-31": "459.00000", "2013-12-31": "499.00000", "2012-12-31": "525.00000", "2011-12-31": "536.00000", "2010-12-31": "1380.00000", "2009-12-31": "1422.00000", "2008-12-31": "1447.00000", "2007-12-31": "2899.00000", "2006-12-31": "1578.00000", "2005-12-31": "1507.00000"}, "Other Long-Term Assets": {"2019-12-31": "352.00000", "2018-12-31": "754.00000", "2017-12-31": "819.00000", "2016-12-31": "9656.00000", "2015-12-31": "1542.00000", "2014-12-31": "778.00000", "2013-12-31": "2800.00000", "2012-12-31": "1468.00000", "2011-12-31": "904.00000", "2010-12-31": "781.00000", "2009-12-31": "902.00000", "2008-12-31": "873.00000", "2007-12-31": "1470.00000", "2006-12-31": "467.00000", "2005-12-31": "201.00000"}, "Total Long-Term Assets": {"2019-12-31": "18110.00000", "2018-12-31": "18400.00000", "2017-12-31": "19446.00000", "2016-12-31": "27429.00000", "2015-12-31": "29721.00000", "2014-12-31": "31390.00000", "2013-12-31": "32645.00000", "2012-12-31": "31544.00000", "2011-12-31": "28147.00000", "2010-12-31": "36185.00000", "2009-12-31": "36415.00000", "2008-12-31": "34283.00000", "2007-12-31": "32159.00000", "2006-12-31": "20735.00000", "2005-12-31": "19115.00000"}, "Total Assets": {"2019-12-31": "20245.00000", "2018-12-31": "21321.00000", "2017-12-31": "22012.00000", "2016-12-31": "31094.00000", "2015-12-31": "32311.00000", "2014-12-31": "35983.00000", "2013-12-31": "35620.00000", "2012-12-31": "35306.00000", "2011-12-31": "31371.00000", "2010-12-31": "50014.00000", "2009-12-31": "47052.00000", "2008-12-31": "42686.00000", "2007-12-31": "42746.00000", "2006-12-31": "30831.00000", "2005-12-31": "28498.00000"}, "Total Current Liabilities": {"2019-12-31": "1745.00000", "2018-12-31": "1832.00000", "2017-12-31": "1968.00000", "2016-12-31": "2240.00000", "2015-12-31": "1729.00000", "2014-12-31": "4379.00000", "2013-12-31": "4333.00000", "2012-12-31": "5081.00000", "2011-12-31": "4394.00000", "2010-12-31": "11113.00000", "2009-12-31": "9057.00000", "2008-12-31": "7753.00000", "2007-12-31": "11260.00000", "2006-12-31": "8061.00000", "2005-12-31": "8154.00000"}, "Long Term Debt": {"2019-12-31": "5501.00000", "2018-12-31": "5499.00000", "2017-12-31": "5494.00000", "2016-12-31": "6581.00000", "2015-12-31": "7276.00000", "2014-12-31": "5295.00000", "2013-12-31": "6394.00000", "2012-12-31": "6512.00000", "2011-12-31": "4674.00000", "2010-12-31": "7601.00000", "2009-12-31": "8436.00000", "2008-12-31": "7087.00000", "2007-12-31": "6084.00000", "2006-12-31": "3061.00000", "2005-12-31": "3698.00000"}, "Other Non-Current Liabilities": {"2019-12-31": "243.00000", "2018-12-31": "1189.00000", "2017-12-31": "1430.00000", "2016-12-31": "3393.00000", "2015-12-31": "1601.00000", "2014-12-31": "1917.00000", "2013-12-31": "2009.00000", "2012-12-31": "1749.00000", "2011-12-31": "1510.00000", "2010-12-31": "1354.00000", "2009-12-31": "1099.00000", "2008-12-31": "967.00000", "2007-12-31": "1136.00000", "2006-12-31": "1051.00000", "2005-12-31": "717.00000"}, "Total Long Term Liabilities": {"2019-12-31": "6347.00000", "2018-12-31": "7361.00000", "2017-12-31": "8336.00000", "2016-12-31": "11313.00000", "2015-12-31": "12029.00000", "2014-12-31": "10584.00000", "2013-12-31": "11943.00000", "2012-12-31": "11942.00000", "2011-12-31": "9818.00000", "2010-12-31": "15130.00000", "2009-12-31": "16085.00000", "2008-12-31": "13524.00000", "2007-12-31": "12263.00000", "2006-12-31": "8163.00000", "2005-12-31": "8639.00000"}, "Total Liabilities": {"2019-12-31": "8092.00000", "2018-12-31": "9193.00000", "2017-12-31": "10304.00000", "2016-12-31": "13553.00000", "2015-12-31": "13758.00000", "2014-12-31": "14963.00000", "2013-12-31": "16276.00000", "2012-12-31": "17023.00000", "2011-12-31": "14212.00000", "2010-12-31": "26243.00000", "2009-12-31": "25142.00000", "2008-12-31": "21277.00000", "2007-12-31": "23523.00000", "2006-12-31": "16224.00000", "2005-12-31": "16793.00000"}, "Common Stock Net": {"2019-12-31": "937.00000", "2018-12-31": "937.00000", "2017-12-31": "937.00000", "2016-12-31": "937.00000", "2015-12-31": "770.00000", "2014-12-31": "770.00000", "2013-12-31": "770.00000", "2012-12-31": "770.00000", "2011-12-31": "770.00000", "2010-12-31": "770.00000", "2009-12-31": "769.00000", "2008-12-31": "767.00000", "2007-12-31": "765.00000", "2006-12-31": "736.00000", "2005-12-31": "367.00000"}, "Retained Earnings (Accumulated Deficit)": {"2019-12-31": "7993.00000", "2018-12-31": "7706.00000", "2017-12-31": "6779.00000", "2016-12-31": "12672.00000", "2015-12-31": "14974.00000", "2014-12-31": "17638.00000", "2013-12-31": "15135.00000", "2012-12-31": "13890.00000", "2011-12-31": "12788.00000", "2010-12-31": "19907.00000", "2009-12-31": "18043.00000", "2008-12-31": "17259.00000", "2007-12-31": "14412.00000", "2006-12-31": "11093.00000", "2005-12-31": "6406.00000"}, "Comprehensive Income": {"2019-12-31": "105.00000", "2018-12-31": "63.00000", "2017-12-31": "-62.00000", "2016-12-31": "-83.00000", "2015-12-31": "-135.00000", "2014-12-31": "-277.00000", "2013-12-31": "-250.00000", "2012-12-31": "-433.00000", "2011-12-31": "-370.00000", "2010-12-31": "-997.00000", "2009-12-31": "-934.00000", "2008-12-31": "-593.00000", "2007-12-31": "-249.00000", "2006-12-31": "-368.00000", "2005-12-31": "-151.00000"}, "Other Share Holders Equity": {"2019-12-31": "", "2018-12-31": "", "2017-12-31": "", "2016-12-31": "", "2015-12-31": "", "2014-12-31": "", "2013-12-31": "", "2012-12-31": "", "2011-12-31": "", "2010-12-31": "", "2009-12-31": "", "2008-12-31": "", "2007-12-31": "", "2006-12-31": "", "2005-12-31": ""}, "Share Holder Equity": {"2019-12-31": "12153.00000", "2018-12-31": "12128.00000", "2017-12-31": "11708.00000", "2016-12-31": "17541.00000", "2015-12-31": "18553.00000", "2014-12-31": "21020.00000", "2013-12-31": "19344.00000", "2012-12-31": "18283.00000", "2011-12-31": "17159.00000", "2010-12-31": "23771.00000", "2009-12-31": "21910.00000", "2008-12-31": "21409.00000", "2007-12-31": "19223.00000", "2006-12-31": "14607.00000", "2005-12-31": "11705.00000"}, "Total Liabilities And Share Holders Equity": {"2019-12-31": "20245.00000", "2018-12-31": "21321.00000", "2017-12-31": "22012.00000", "2016-12-31": "31094.00000", "2015-12-31": "32311.00000", "2014-12-31": "35983.00000", "2013-12-31": "35620.00000", "2012-12-31": "35306.00000", "2011-12-31": "31371.00000", "2010-12-31": "50014.00000", "2009-12-31": "47052.00000", "2008-12-31": "42686.00000", "2007-12-31": "42746.00000", "2006-12-31": "30831.00000", "2005-12-31": "28498.00000"}}, "balance sheet, quarterly": {"Cash On Hand": {"2020-09-30": "1119.00000", "2020-06-30": "522.00000", "2020-03-31": "817.00000", "2019-12-31": "858.00000", "2019-09-30": "1165.00000", "2019-06-30": "961.00000", "2019-03-31": "1019.00000", "2018-12-31": "1462.00000", "2018-09-30": "1564.00000", "2018-06-30": "1667.00000", "2018-03-31": "1613.00000", "2017-12-31": "563.00000", "2017-09-30": "1795.00000", "2017-06-30": "2614.00000", "2017-03-31": "2490.00000", "2016-12-31": "2488.00000", "2016-09-30": "1953.00000", "2016-06-30": "2584.00000", "2016-03-31": "2072.00000", "2015-12-31": "1221.00000", "2015-09-30": "2380.00000", "2015-06-30": "2497.00000", "2015-03-31": "1126.00000", "2014-12-31": "2398.00000", "2014-09-30": "761.00000", "2014-06-30": "1169.00000", "2014-03-31": "1964.00000", "2013-12-31": "264.00000", "2013-09-30": "354.00000", "2013-06-30": "246.00000", "2013-03-31": "768.00000", "2012-12-31": "684.00000", "2012-09-30": "671.00000", "2012-06-30": "452.00000", "2012-03-31": "513.00000", "2011-12-31": "493.00000", "2011-09-30": "4633.00000", "2011-06-30": "4711.00000", "2011-03-31": "5716.00000", "2010-12-31": "3951.00000", "2010-09-30": "1643.00000", "2010-06-30": "2062.00000", "2010-03-31": "2718.00000", "2009-12-31": "2057.00000", "2009-09-30": "1370.00000", "2009-06-30": "1496.00000", "2009-03-31": "1869.00000", "2008-12-31": "1285.00000", "2008-09-30": "1479.00000", "2008-06-30": "1270.00000", "2008-03-31": "1189.00000", "2007-12-31": "1199.00000", "2007-09-30": "3269.00000", "2007-06-30": "2331.00000", "2007-03-31": "2347.00000", "2006-12-31": "2585.00000", "2006-09-30": "2797.00000", "2006-06-30": "3026.00000", "2006-03-31": "1269.00000", "2005-12-31": "2617.00000", "2005-09-30": "1043.00000", "2005-06-30": "3462.00000", "2005-03-31": "3191.00000"}, "Receivables": {"2020-09-30": "643.00000", "2020-06-30": "620.00000", "2020-03-31": "703.00000", "2019-12-31": "1122.00000", "2019-09-30": "1148.00000", "2019-06-30": "1144.00000", "2019-03-31": "1086.00000", "2018-12-31": "1079.00000", "2018-09-30": "1335.00000", "2018-06-30": "1176.00000", "2018-03-31": "1100.00000", "2017-12-31": "1082.00000", "2017-09-30": "945.00000", "2017-06-30": "767.00000", "2017-03-31": "751.00000", "2016-12-31": "748.00000", "2016-09-30": "783.00000", "2016-06-30": "822.00000", "2016-03-31": "779.00000", "2015-12-31": "912.00000", "2015-09-30": "991.00000", "2015-06-30": "1195.00000", "2015-03-31": "1341.00000", "2014-12-31": "1729.00000", "2014-09-30": "2048.00000", "2014-06-30": "2042.00000", "2014-03-31": "2222.00000", "2013-12-31": "2134.00000", "2013-09-30": "2562.00000", "2013-06-30": "2443.00000", "2013-03-31": "2466.00000", "2012-12-31": "2418.00000", "2012-09-30": "2575.00000", "2012-06-30": "2064.00000", "2012-03-31": "2233.00000", "2011-12-31": "1952.00000", "2011-09-30": "1721.00000", "2011-06-30": "1843.00000", "2011-03-31": "6557.00000", "2010-12-31": "6030.00000", "2010-09-30": "5416.00000", "2010-06-30": "5028.00000", "2010-03-31": "4952.00000", "2009-12-31": "4737.00000", "2009-09-30": "4368.00000", "2009-06-30": "3929.00000", "2009-03-31": "2939.00000", "2008-12-31": "3150.00000", "2008-09-30": "6232.00000", "2008-06-30": "7624.00000", "2008-03-31": "6144.00000", "2007-12-31": "5773.00000", "2007-09-30": "5423.00000", "2007-06-30": "4867.00000", "2007-03-31": "4237.00000", "2006-12-31": "4209.00000", "2006-09-30": "3950.00000", "2006-06-30": "4289.00000", "2006-03-31": "3689.00000", "2005-12-31": "3534.00000", "2005-09-30": "3931.00000", "2005-06-30": "2695.00000", "2005-03-31": "3210.00000"}, "Inventory": {"2020-09-30": "77.00000", "2020-06-30": "77.00000", "2020-03-31": "78.00000", "2019-12-31": "72.00000", "2019-09-30": "71.00000", "2019-06-30": "72.00000", "2019-03-31": "83.00000", "2018-12-31": "96.00000", "2018-09-30": "110.00000", "2018-06-30": "117.00000", "2018-03-31": "110.00000", "2017-12-31": "126.00000", "2017-09-30": "132.00000", "2017-06-30": "140.00000", "2017-03-31": "145.00000", "2016-12-31": "136.00000", "2016-09-30": "221.00000", "2016-06-30": "272.00000", "2016-03-31": "306.00000", "2015-12-31": "313.00000", "2015-09-30": "324.00000", "2015-06-30": "336.00000", "2015-03-31": "379.00000", "2014-12-31": "357.00000", "2014-09-30": "379.00000", "2014-06-30": "404.00000", "2014-03-31": "405.00000", "2013-12-31": "364.00000", "2013-09-30": "360.00000", "2013-06-30": "368.00000", "2013-03-31": "368.00000", "2012-12-31": "361.00000", "2012-09-30": "324.00000", "2012-06-30": "335.00000", "2012-03-31": "296.00000", "2011-12-31": "361.00000", "2011-09-30": "342.00000", "2011-06-30": "343.00000", "2011-03-31": "3088.00000", "2010-12-31": "3453.00000", "2010-09-30": "3969.00000", "2010-06-30": "3586.00000", "2010-03-31": "3848.00000", "2009-12-31": "3622.00000", "2009-09-30": "3680.00000", "2009-06-30": "3498.00000", "2009-03-31": "3496.00000", "2008-12-31": "3507.00000", "2008-09-30": "4446.00000", "2008-06-30": "5015.00000", "2008-03-31": "3892.00000", "2007-12-31": "3277.00000", "2007-09-30": "4604.00000", "2007-06-30": "4310.00000", "2007-03-31": "3536.00000", "2006-12-31": "3173.00000", "2006-09-30": "4039.00000", "2006-06-30": "3817.00000", "2006-03-31": "3409.00000", "2005-12-31": "3041.00000", "2005-09-30": "3338.00000", "2005-06-30": "3523.00000", "2005-03-31": "2273.00000"}, "Pre-Paid Expenses": {"2020-09-30": "", "2020-06-30": "", "2020-03-31": "", "2019-12-31": "", "2019-09-30": "", "2019-06-30": "", "2019-03-31": "", "2018-12-31": "", "2018-09-30": "", "2018-06-30": "", "2018-03-31": "", "2017-12-31": "", "2017-09-30": "", "2017-06-30": "", "2017-03-31": "", "2016-12-31": "", "2016-09-30": "", "2016-06-30": "", "2016-03-31": "", "2015-12-31": "", "2015-09-30": "", "2015-06-30": "", "2015-03-31": "", "2014-12-31": "", "2014-09-30": "", "2014-06-30": "", "2014-03-31": "", "2013-12-31": "", "2013-09-30": "", "2013-06-30": "", "2013-03-31": "", "2012-12-31": "", "2012-09-30": "111.00000", "2012-06-30": "101.00000", "2012-03-31": "83.00000", "2011-12-31": "", "2011-09-30": "", "2011-06-30": "", "2011-03-31": "", "2010-12-31": "92.00000", "2010-09-30": "", "2010-06-30": "", "2010-03-31": "", "2009-12-31": "", "2009-09-30": "", "2009-06-30": "", "2009-03-31": "", "2008-12-31": "", "2008-09-30": "", "2008-06-30": "", "2008-03-31": "", "2007-12-31": "", "2007-09-30": "", "2007-06-30": "", "2007-03-31": "", "2006-12-31": "", "2006-09-30": "", "2006-06-30": "", "2006-03-31": "", "2005-12-31": "", "2005-09-30": "", "2005-06-30": "", "2005-03-31": ""}, "Other Current Assets": {"2020-09-30": "83.00000", "2020-06-30": "186.00000", "2020-03-31": "311.00000", "2019-12-31": "83.00000", "2019-09-30": "136.00000", "2019-06-30": "511.00000", "2019-03-31": "588.00000", "2018-12-31": "284.00000", "2018-09-30": "56.00000", "2018-06-30": "127.00000", "2018-03-31": "79.00000", "2017-12-31": "47.00000", "2017-09-30": "73.00000", "2017-06-30": "161.00000", "2017-03-31": "357.00000", "2016-12-31": "293.00000", "2016-09-30": "85.00000", "2016-06-30": "76.00000", "2016-03-31": "111.00000", "2015-12-31": "144.00000", "2015-09-30": "163.00000", "2015-06-30": "102.00000", "2015-03-31": "122.00000", "2014-12-31": "109.00000", "2014-09-30": "1016.00000", "2014-06-30": "603.00000", "2014-03-31": "196.00000", "2013-12-31": "213.00000", "2013-09-30": "179.00000", "2013-06-30": "224.00000", "2013-03-31": "175.00000", "2012-12-31": "299.00000", "2012-09-30": "269.00000", "2012-06-30": "215.00000", "2012-03-31": "233.00000", "2011-12-31": "418.00000", "2011-09-30": "458.00000", "2011-06-30": "417.00000", "2011-03-31": "414.00000", "2010-12-31": "303.00000", "2010-09-30": "572.00000", "2010-06-30": "584.00000", "2010-03-31": "221.00000", "2009-12-31": "221.00000", "2009-09-30": "208.00000", "2009-06-30": "191.00000", "2009-03-31": "279.00000", "2008-12-31": "461.00000", "2008-09-30": "216.00000", "2008-06-30": "145.00000", "2008-03-31": "189.00000", "2007-12-31": "338.00000", "2007-09-30": "167.00000", "2007-06-30": "191.00000", "2007-03-31": "217.00000", "2006-12-31": "129.00000", "2006-09-30": "160.00000", "2006-06-30": "173.00000", "2006-03-31": "218.00000", "2005-12-31": "191.00000", "2005-09-30": "211.00000", "2005-06-30": "256.00000", "2005-03-31": "308.00000"}, "Total Current Assets": {"2020-09-30": "1922.00000", "2020-06-30": "1405.00000", "2020-03-31": "1909.00000", "2019-12-31": "2135.00000", "2019-09-30": "2520.00000", "2019-06-30": "2688.00000", "2019-03-31": "2776.00000", "2018-12-31": "2921.00000", "2018-09-30": "3065.00000", "2018-06-30": "3087.00000", "2018-03-31": "2902.00000", "2017-12-31": "2566.00000", "2017-09-30": "3690.00000", "2017-06-30": "4424.00000", "2017-03-31": "3743.00000", "2016-12-31": "3665.00000", "2016-09-30": "3042.00000", "2016-06-30": "3754.00000", "2016-03-31": "3268.00000", "2015-12-31": "2590.00000", "2015-09-30": "3858.00000", "2015-06-30": "4130.00000", "2015-03-31": "2968.00000", "2014-12-31": "4593.00000", "2014-09-30": "4204.00000", "2014-06-30": "4218.00000", "2014-03-31": "4787.00000", "2013-12-31": "2975.00000", "2013-09-30": "3455.00000", "2013-06-30": "3281.00000", "2013-03-31": "3777.00000", "2012-12-31": "3762.00000", "2012-09-30": "4037.00000", "2012-06-30": "3254.00000", "2012-03-31": "3445.00000", "2011-12-31": "3224.00000", "2011-09-30": "7154.00000", "2011-06-30": "7314.00000", "2011-03-31": "15775.00000", "2010-12-31": "13829.00000", "2010-09-30": "11600.00000", "2010-06-30": "11260.00000", "2010-03-31": "11739.00000", "2009-12-31": "10637.00000", "2009-09-30": "9626.00000", "2009-06-30": "9114.00000", "2009-03-31": "8583.00000", "2008-12-31": "8403.00000", "2008-09-30": "12373.00000", "2008-06-30": "14054.00000", "2008-03-31": "11414.00000", "2007-12-31": "10587.00000", "2007-09-30": "13463.00000", "2007-06-30": "11699.00000", "2007-03-31": "10337.00000", "2006-12-31": "10096.00000", "2006-09-30": "10946.00000", "2006-06-30": "11305.00000", "2006-03-31": "8585.00000", "2005-12-31": "9383.00000", "2005-09-30": "8523.00000", "2005-06-30": "9936.00000", "2005-03-31": "8982.00000"}, "Property, Plant, And Equipment": {"2020-09-30": "16029.00000", "2020-06-30": "16424.00000", "2020-03-31": "16903.00000", "2019-12-31": "17000.00000", "2019-09-30": "16717.00000", "2019-06-30": "16730.00000", "2019-03-31": "16714.00000", "2018-12-31": "16804.00000", "2018-09-30": "16899.00000", "2018-06-30": "16881.00000", "2018-03-31": "16931.00000", "2017-12-31": "17665.00000", "2017-09-30": "17645.00000", "2017-06-30": "18337.00000", "2017-03-31": "16533.00000", "2016-12-31": "16727.00000", "2016-09-30": "25976.00000", "2016-06-30": "25657.00000", "2016-03-31": "26737.00000", "2015-12-31": "27061.00000", "2015-09-30": "27920.00000", "2015-06-30": "29121.00000", "2015-03-31": "29291.00000", "2014-12-31": "29040.00000", "2014-09-30": "28658.00000", "2014-06-30": "27824.00000", "2014-03-31": "28426.00000", "2013-12-31": "28145.00000", "2013-09-30": "27822.00000", "2013-06-30": "27457.00000", "2013-03-31": "28382.00000", "2012-12-31": "28272.00000", "2012-09-30": "27446.00000", "2012-06-30": "26001.00000", "2012-03-31": "25365.00000", "2011-12-31": "25324.00000", "2011-09-30": "20318.00000", "2011-06-30": "20140.00000", "2011-03-31": "32189.00000", "2010-12-31": "32222.00000", "2010-09-30": "31987.00000", "2010-06-30": "31703.00000", "2010-03-31": "31674.00000", "2009-12-31": "32121.00000", "2009-09-30": "31115.00000", "2009-06-30": "30452.00000", "2009-03-31": "30066.00000", "2008-12-31": "29414.00000", "2008-09-30": "28129.00000", "2008-06-30": "27071.00000", "2008-03-31": "25753.00000", "2007-12-31": "24675.00000", "2007-09-30": "16655.00000", "2007-06-30": "16037.00000", "2007-03-31": "16963.00000", "2006-12-31": "16653.00000", "2006-09-30": "15806.00000", "2006-06-30": "15110.00000", "2006-03-31": "15186.00000", "2005-12-31": "15011.00000", "2005-09-30": "13704.00000", "2005-06-30": "13280.00000", "2005-03-31": "12019.00000"}, "Long-Term Investments": {"2020-09-30": "467.00000", "2020-06-30": "476.00000", "2020-03-31": "628.00000", "2019-12-31": "663.00000", "2019-09-30": "667.00000", "2019-06-30": "684.00000", "2019-03-31": "719.00000", "2018-12-31": "745.00000", "2018-09-30": "757.00000", "2018-06-30": "788.00000", "2018-03-31": "806.00000", "2017-12-31": "847.00000", "2017-09-30": "836.00000", "2017-06-30": "821.00000", "2017-03-31": "906.00000", "2016-12-31": "931.00000", "2016-09-30": "931.00000", "2016-06-30": "944.00000", "2016-03-31": "959.00000", "2015-12-31": "1003.00000", "2015-09-30": "1012.00000", "2015-06-30": "1045.00000", "2015-03-31": "1100.00000", "2014-12-31": "1113.00000", "2014-09-30": "1103.00000", "2014-06-30": "1184.00000", "2014-03-31": "1223.00000", "2013-12-31": "1201.00000", "2013-09-30": "1216.00000", "2013-06-30": "1244.00000", "2013-03-31": "1304.00000", "2012-12-31": "1279.00000", "2012-09-30": "1319.00000", "2012-06-30": "1319.00000", "2012-03-31": "1353.00000", "2011-12-31": "1383.00000", "2011-09-30": "1431.00000", "2011-06-30": "1475.00000", "2011-03-31": "1846.00000", "2010-12-31": "1802.00000", "2010-09-30": "1844.00000", "2010-06-30": "1868.00000", "2010-03-31": "2004.00000", "2009-12-31": "1970.00000", "2009-09-30": "1991.00000", "2009-06-30": "2035.00000", "2009-03-31": "2046.00000", "2008-12-31": "2080.00000", "2008-09-30": "2827.00000", "2008-06-30": "2825.00000", "2008-03-31": "2733.00000", "2007-12-31": "2630.00000", "2007-09-30": "2650.00000", "2007-06-30": "2583.00000", "2007-03-31": "1954.00000", "2006-12-31": "1539.00000", "2006-09-30": "1921.00000", "2006-06-30": "1882.00000", "2006-03-31": "1841.00000", "2005-12-31": "1864.00000", "2005-09-30": "1830.00000", "2005-06-30": "1832.00000", "2005-03-31": "1536.00000"}, "Goodwill And Intangible Assets": {"2020-09-30": "", "2020-06-30": "", "2020-03-31": "", "2019-12-31": "95.00000", "2019-09-30": "95.00000", "2019-06-30": "95.00000", "2019-03-31": "97.00000", "2018-12-31": "97.00000", "2018-09-30": "97.00000", "2018-06-30": "98.00000", "2018-03-31": "98.00000", "2017-12-31": "115.00000", "2017-09-30": "115.00000", "2017-06-30": "115.00000", "2017-03-31": "115.00000", "2016-12-31": "115.00000", "2016-09-30": "115.00000", "2016-06-30": "115.00000", "2016-03-31": "115.00000", "2015-12-31": "115.00000", "2015-09-30": "457.00000", "2015-06-30": "459.00000", "2015-03-31": "459.00000", "2014-12-31": "459.00000", "2014-09-30": "457.00000", "2014-06-30": "457.00000", "2014-03-31": "499.00000", "2013-12-31": "499.00000", "2013-09-30": "499.00000", "2013-06-30": "499.00000", "2013-03-31": "528.00000", "2012-12-31": "525.00000", "2012-09-30": "525.00000", "2012-06-30": "525.00000", "2012-03-31": "525.00000", "2011-12-31": "536.00000", "2011-09-30": "537.00000", "2011-06-30": "537.00000", "2011-03-31": "1376.00000", "2010-12-31": "1380.00000", "2010-09-30": "1383.00000", "2010-06-30": "1383.00000", "2010-03-31": "1414.00000", "2009-12-31": "1422.00000", "2009-09-30": "1424.00000", "2009-06-30": "1423.00000", "2009-03-31": "1445.00000", "2008-12-31": "1447.00000", "2008-09-30": "3166.00000", "2008-06-30": "3169.00000", "2008-03-31": "3167.00000", "2007-12-31": "2899.00000", "2007-09-30": "1566.00000", "2007-06-30": "1569.00000", "2007-03-31": "1575.00000", "2006-12-31": "1578.00000", "2006-09-30": "1522.00000", "2006-06-30": "1478.00000", "2006-03-31": "1503.00000", "2005-12-31": "1507.00000", "2005-09-30": "1134.00000", "2005-06-30": "1231.00000", "2005-03-31": "358.00000"}, "Other Long-Term Assets": {"2020-09-30": "245.00000", "2020-06-30": "262.00000", "2020-03-31": "275.00000", "2019-12-31": "352.00000", "2019-09-30": "374.00000", "2019-06-30": "1085.00000", "2019-03-31": "1104.00000", "2018-12-31": "754.00000", "2018-09-30": "960.00000", "2018-06-30": "1017.00000", "2018-03-31": "897.00000", "2017-12-31": "819.00000", "2017-09-30": "661.00000", "2017-06-30": "544.00000", "2017-03-31": "3240.00000", "2016-12-31": "9656.00000", "2016-09-30": "2246.00000", "2016-06-30": "2057.00000", "2016-03-31": "1789.00000", "2015-12-31": "1542.00000", "2015-09-30": "1427.00000", "2015-06-30": "1015.00000", "2015-03-31": "918.00000", "2014-12-31": "778.00000", "2014-09-30": "2278.00000", "2014-06-30": "2252.00000", "2014-03-31": "1216.00000", "2013-12-31": "2800.00000", "2013-09-30": "2784.00000", "2013-06-30": "2567.00000", "2013-03-31": "1118.00000", "2012-12-31": "1468.00000", "2012-09-30": "1231.00000", "2012-06-30": "1151.00000", "2012-03-31": "1163.00000", "2011-12-31": "904.00000", "2011-09-30": "1101.00000", "2011-06-30": "1024.00000", "2011-03-31": "679.00000", "2010-12-31": "781.00000", "2010-09-30": "1309.00000", "2010-06-30": "1282.00000", "2010-03-31": "574.00000", "2009-12-31": "902.00000", "2009-09-30": "806.00000", "2009-06-30": "960.00000", "2009-03-31": "706.00000", "2008-12-31": "873.00000", "2008-09-30": "1942.00000", "2008-06-30": "1098.00000", "2008-03-31": "1217.00000", "2007-12-31": "1470.00000", "2007-09-30": "1140.00000", "2007-06-30": "1229.00000", "2007-03-31": "72.00000", "2006-12-31": "467.00000", "2006-09-30": "127.00000", "2006-06-30": "165.00000", "2006-03-31": "160.00000", "2005-12-31": "201.00000", "2005-09-30": "116.00000", "2005-06-30": "127.00000", "2005-03-31": "115.00000"}, "Total Long-Term Assets": {"2020-09-30": "16741.00000", "2020-06-30": "17162.00000", "2020-03-31": "17806.00000", "2019-12-31": "18110.00000", "2019-09-30": "17853.00000", "2019-06-30": "18594.00000", "2019-03-31": "18634.00000", "2018-12-31": "18400.00000", "2018-09-30": "18713.00000", "2018-06-30": "18784.00000", "2018-03-31": "18732.00000", "2017-12-31": "19446.00000", "2017-09-30": "19257.00000", "2017-06-30": "19817.00000", "2017-03-31": "20794.00000", "2016-12-31": "27429.00000", "2016-09-30": "29268.00000", "2016-06-30": "28773.00000", "2016-03-31": "29600.00000", "2015-12-31": "29721.00000", "2015-09-30": "30816.00000", "2015-06-30": "31640.00000", "2015-03-31": "31768.00000", "2014-12-31": "31390.00000", "2014-09-30": "32496.00000", "2014-06-30": "31717.00000", "2014-03-31": "31364.00000", "2013-12-31": "32645.00000", "2013-09-30": "32321.00000", "2013-06-30": "31767.00000", "2013-03-31": "31332.00000", "2012-12-31": "31544.00000", "2012-09-30": "30521.00000", "2012-06-30": "28996.00000", "2012-03-31": "28406.00000", "2011-12-31": "28147.00000", "2011-09-30": "23387.00000", "2011-06-30": "23176.00000", "2011-03-31": "36090.00000", "2010-12-31": "36185.00000", "2010-09-30": "36523.00000", "2010-06-30": "36236.00000", "2010-03-31": "35986.00000", "2009-12-31": "36415.00000", "2009-09-30": "35789.00000", "2009-06-30": "35327.00000", "2009-03-31": "34729.00000", "2008-12-31": "34283.00000", "2008-09-30": "36533.00000", "2008-06-30": "34636.00000", "2008-03-31": "33351.00000", "2007-12-31": "32159.00000", "2007-09-30": "22496.00000", "2007-06-30": "21906.00000", "2007-03-31": "21059.00000", "2006-12-31": "20735.00000", "2006-09-30": "19883.00000", "2006-06-30": "19145.00000", "2006-03-31": "19219.00000", "2005-12-31": "19115.00000", "2005-09-30": "17462.00000", "2005-06-30": "17160.00000", "2005-03-31": "14732.00000"}, "Total Assets": {"2020-09-30": "18663.00000", "2020-06-30": "18567.00000", "2020-03-31": "19715.00000", "2019-12-31": "20245.00000", "2019-09-30": "20373.00000", "2019-06-30": "21282.00000", "2019-03-31": "21410.00000", "2018-12-31": "21321.00000", "2018-09-30": "21778.00000", "2018-06-30": "21871.00000", "2018-03-31": "21634.00000", "2017-12-31": "22012.00000", "2017-09-30": "22947.00000", "2017-06-30": "24241.00000", "2017-03-31": "24537.00000", "2016-12-31": "31094.00000", "2016-09-30": "32310.00000", "2016-06-30": "32527.00000", "2016-03-31": "32868.00000", "2015-12-31": "32311.00000", "2015-09-30": "34674.00000", "2015-06-30": "35770.00000", "2015-03-31": "34736.00000", "2014-12-31": "35983.00000", "2014-09-30": "36700.00000", "2014-06-30": "35935.00000", "2014-03-31": "36151.00000", "2013-12-31": "35620.00000", "2013-09-30": "35776.00000", "2013-06-30": "35048.00000", "2013-03-31": "35109.00000", "2012-12-31": "35306.00000", "2012-09-30": "34558.00000", "2012-06-30": "32250.00000", "2012-03-31": "31851.00000", "2011-12-31": "31371.00000", "2011-09-30": "30541.00000", "2011-06-30": "30490.00000", "2011-03-31": "51865.00000", "2010-12-31": "50014.00000", "2010-09-30": "48123.00000", "2010-06-30": "47496.00000", "2010-03-31": "47725.00000", "2009-12-31": "47052.00000", "2009-09-30": "45415.00000", "2009-06-30": "44441.00000", "2009-03-31": "43312.00000", "2008-12-31": "42686.00000", "2008-09-30": "48906.00000", "2008-06-30": "48690.00000", "2008-03-31": "44765.00000", "2007-12-31": "42746.00000", "2007-09-30": "35959.00000", "2007-06-30": "33605.00000", "2007-03-31": "31396.00000", "2006-12-31": "30831.00000", "2006-09-30": "30829.00000", "2006-06-30": "30450.00000", "2006-03-31": "27804.00000", "2005-12-31": "28498.00000", "2005-09-30": "25985.00000", "2005-06-30": "27096.00000", "2005-03-31": "23714.00000"}, "Total Current Liabilities": {"2020-09-30": "1566.00000", "2020-06-30": "1065.00000", "2020-03-31": "1442.00000", "2019-12-31": "1745.00000", "2019-09-30": "2379.00000", "2019-06-30": "2471.00000", "2019-03-31": "1858.00000", "2018-12-31": "1832.00000", "2018-09-30": "2142.00000", "2018-06-30": "2044.00000", "2018-03-31": "1909.00000", "2017-12-31": "1968.00000", "2017-09-30": "1762.00000", "2017-06-30": "2082.00000", "2017-03-31": "3099.00000", "2016-12-31": "2240.00000", "2016-09-30": "1408.00000", "2016-06-30": "1382.00000", "2016-03-31": "1526.00000", "2015-12-31": "1729.00000", "2015-09-30": "2848.00000", "2015-06-30": "3052.00000", "2015-03-31": "3561.00000", "2014-12-31": "4379.00000", "2014-09-30": "4176.00000", "2014-06-30": "3974.00000", "2014-03-31": "4314.00000", "2013-12-31": "4333.00000", "2013-09-30": "4673.00000", "2013-06-30": "4008.00000", "2013-03-31": "4629.00000", "2012-12-31": "5081.00000", "2012-09-30": "6782.00000", "2012-06-30": "4691.00000", "2012-03-31": "4673.00000", "2011-12-31": "4394.00000", "2011-09-30": "4125.00000", "2011-06-30": "4161.00000", "2011-03-31": "11782.00000", "2010-12-31": "11113.00000", "2010-09-30": "9604.00000", "2010-06-30": "9302.00000", "2010-03-31": "9385.00000", "2009-12-31": "9057.00000", "2009-09-30": "8244.00000", "2009-06-30": "7773.00000", "2009-03-31": "6928.00000", "2008-12-31": "7753.00000", "2008-09-30": "12277.00000", "2008-06-30": "14827.00000", "2008-03-31": "11636.00000", "2007-12-31": "11260.00000", "2007-09-30": "8821.00000", "2007-06-30": "8813.00000", "2007-03-31": "8849.00000", "2006-12-31": "8061.00000", "2006-09-30": "8191.00000", "2006-06-30": "8776.00000", "2006-03-31": "7176.00000", "2005-12-31": "8154.00000", "2005-09-30": "7256.00000", "2005-06-30": "9306.00000", "2005-03-31": "5210.00000"}, "Long Term Debt": {"2020-09-30": "5405.00000", "2020-06-30": "5503.00000", "2020-03-31": "5502.00000", "2019-12-31": "5501.00000", "2019-09-30": "4903.00000", "2019-06-30": "4902.00000", "2019-03-31": "5501.00000", "2018-12-31": "5499.00000", "2018-09-30": "5498.00000", "2018-06-30": "5497.00000", "2018-03-31": "5495.00000", "2017-12-31": "5494.00000", "2017-09-30": "6488.00000", "2017-06-30": "6715.00000", "2017-03-31": "5723.00000", "2016-12-31": "6581.00000", "2016-09-30": "7277.00000", "2016-06-30": "7280.00000", "2016-03-31": "7280.00000", "2015-12-31": "7276.00000", "2015-09-30": "7323.00000", "2015-06-30": "7321.00000", "2015-03-31": "5326.00000", "2014-12-31": "5295.00000", "2014-09-30": "6355.00000", "2014-06-30": "6362.00000", "2014-03-31": "6392.00000", "2013-12-31": "6394.00000", "2013-09-30": "6433.00000", "2013-06-30": "6428.00000", "2013-03-31": "6476.00000", "2012-12-31": "6512.00000", "2012-09-30": "4518.00000", "2012-06-30": "4513.00000", "2012-03-31": "4559.00000", "2011-12-31": "4674.00000", "2011-09-30": "4705.00000", "2011-06-30": "4684.00000", "2011-03-31": "7992.00000", "2010-12-31": "7601.00000", "2010-09-30": "7844.00000", "2010-06-30": "7829.00000", "2010-03-31": "8440.00000", "2009-12-31": "8436.00000", "2009-09-30": "8581.00000", "2009-06-30": "8518.00000", "2009-03-31": "8590.00000", "2008-12-31": "7087.00000", "2008-09-30": "7074.00000", "2008-06-30": "7059.00000", "2008-03-31": "7098.00000", "2007-12-31": "6084.00000", "2007-09-30": "5678.00000", "2007-06-30": "4237.00000", "2007-03-31": "2654.00000", "2006-12-31": "3061.00000", "2006-09-30": "3230.00000", "2006-06-30": "3224.00000", "2006-03-31": "3687.00000", "2005-12-31": "3698.00000", "2005-09-30": "3728.00000", "2005-06-30": "3743.00000", "2005-03-31": "4032.00000"}, "Other Non-Current Liabilities": {"2020-09-30": "236.00000", "2020-06-30": "242.00000", "2020-03-31": "236.00000", "2019-12-31": "243.00000", "2019-09-30": "198.00000", "2019-06-30": "1153.00000", "2019-03-31": "1155.00000", "2018-12-31": "1189.00000", "2018-09-30": "1253.00000", "2018-06-30": "1456.00000", "2018-03-31": "1447.00000", "2017-12-31": "1430.00000", "2017-09-30": "1531.00000", "2017-06-30": "1649.00000", "2017-03-31": "1745.00000", "2016-12-31": "3393.00000", "2016-09-30": "1607.00000", "2016-06-30": "1597.00000", "2016-03-31": "1614.00000", "2015-12-31": "1601.00000", "2015-09-30": "1965.00000", "2015-06-30": "1963.00000", "2015-03-31": "1949.00000", "2014-12-31": "1917.00000", "2014-09-30": "2357.00000", "2014-06-30": "2146.00000", "2014-03-31": "2062.00000", "2013-12-31": "2009.00000", "2013-09-30": "2027.00000", "2013-06-30": "2039.00000", "2013-03-31": "1795.00000", "2012-12-31": "1749.00000", "2012-09-30": "1516.00000", "2012-06-30": "1489.00000", "2012-03-31": "1437.00000", "2011-12-31": "1510.00000", "2011-09-30": "1337.00000", "2011-06-30": "1336.00000", "2011-03-31": "1368.00000", "2010-12-31": "1354.00000", "2010-09-30": "1166.00000", "2010-06-30": "1148.00000", "2010-03-31": "1126.00000", "2009-12-31": "1099.00000", "2009-09-30": "969.00000", "2009-06-30": "986.00000", "2009-03-31": "981.00000", "2008-12-31": "967.00000", "2008-09-30": "1139.00000", "2008-06-30": "1178.00000", "2008-03-31": "1147.00000", "2007-12-31": "1136.00000", "2007-09-30": "1105.00000", "2007-06-30": "1084.00000", "2007-03-31": "1066.00000", "2006-12-31": "1051.00000", "2006-09-30": "768.00000", "2006-06-30": "759.00000", "2006-03-31": "756.00000", "2005-12-31": "717.00000", "2005-09-30": "510.00000", "2005-06-30": "500.00000", "2005-03-31": "488.00000"}, "Total Long Term Liabilities": {"2020-09-30": "6205.00000", "2020-06-30": "6327.00000", "2020-03-31": "6315.00000", "2019-12-31": "6347.00000", "2019-09-30": "5723.00000", "2019-06-30": "6710.00000", "2019-03-31": "7344.00000", "2018-12-31": "7361.00000", "2018-09-30": "7592.00000", "2018-06-30": "7695.00000", "2018-03-31": "7691.00000", "2017-12-31": "8336.00000", "2017-09-30": "9410.00000", "2017-06-30": "9754.00000", "2017-03-31": "8854.00000", "2016-12-31": "11313.00000", "2016-09-30": "11980.00000", "2016-06-30": "11992.00000", "2016-03-31": "11991.00000", "2015-12-31": "12029.00000", "2015-09-30": "12491.00000", "2015-06-30": "12500.00000", "2015-03-31": "10515.00000", "2014-12-31": "10584.00000", "2014-09-30": "12298.00000", "2014-06-30": "12093.00000", "2014-03-31": "12032.00000", "2013-12-31": "11943.00000", "2013-09-30": "12109.00000", "2013-06-30": "12019.00000", "2013-03-31": "11892.00000", "2012-12-31": "11942.00000", "2012-09-30": "9712.00000", "2012-06-30": "9774.00000", "2012-03-31": "9672.00000", "2011-12-31": "9818.00000", "2011-09-30": "9660.00000", "2011-06-30": "9622.00000", "2011-03-31": "15378.00000", "2010-12-31": "15130.00000", "2010-09-30": "15163.00000", "2010-06-30": "15353.00000", "2010-03-31": "16113.00000", "2009-12-31": "16085.00000", "2009-09-30": "15080.00000", "2009-06-30": "14855.00000", "2009-03-31": "14873.00000", "2008-12-31": "13524.00000", "2008-09-30": "14702.00000", "2008-06-30": "13754.00000", "2008-03-31": "13461.00000", "2007-12-31": "12263.00000", "2007-09-30": "10456.00000", "2007-06-30": "8977.00000", "2007-03-31": "7755.00000", "2006-12-31": "8163.00000", "2006-09-30": "8186.00000", "2006-06-30": "8185.00000", "2006-03-31": "8463.00000", "2005-12-31": "8639.00000", "2005-09-30": "8087.00000", "2005-06-30": "7833.00000", "2005-03-31": "10127.00000"}, "Total Liabilities": {"2020-09-30": "7771.00000", "2020-06-30": "7392.00000", "2020-03-31": "7757.00000", "2019-12-31": "8092.00000", "2019-09-30": "8102.00000", "2019-06-30": "9181.00000", "2019-03-31": "9202.00000", "2018-12-31": "9193.00000", "2018-09-30": "9734.00000", "2018-06-30": "9739.00000", "2018-03-31": "9600.00000", "2017-12-31": "10304.00000", "2017-09-30": "11172.00000", "2017-06-30": "11836.00000", "2017-03-31": "11953.00000", "2016-12-31": "13553.00000", "2016-09-30": "13388.00000", "2016-06-30": "13374.00000", "2016-03-31": "13517.00000", "2015-12-31": "13758.00000", "2015-09-30": "15339.00000", "2015-06-30": "15552.00000", "2015-03-31": "14076.00000", "2014-12-31": "14963.00000", "2014-09-30": "16474.00000", "2014-06-30": "16067.00000", "2014-03-31": "16346.00000", "2013-12-31": "16276.00000", "2013-09-30": "16782.00000", "2013-06-30": "16027.00000", "2013-03-31": "16521.00000", "2012-12-31": "17023.00000", "2012-09-30": "16494.00000", "2012-06-30": "14465.00000", "2012-03-31": "14345.00000", "2011-12-31": "14212.00000", "2011-09-30": "13785.00000", "2011-06-30": "13783.00000", "2011-03-31": "27160.00000", "2010-12-31": "26243.00000", "2010-09-30": "24767.00000", "2010-06-30": "24655.00000", "2010-03-31": "25498.00000", "2009-12-31": "25142.00000", "2009-09-30": "23324.00000", "2009-06-30": "22628.00000", "2009-03-31": "21801.00000", "2008-12-31": "21277.00000", "2008-09-30": "26979.00000", "2008-06-30": "28581.00000", "2008-03-31": "25097.00000", "2007-12-31": "23523.00000", "2007-09-30": "19277.00000", "2007-06-30": "17790.00000", "2007-03-31": "16604.00000", "2006-12-31": "16224.00000", "2006-09-30": "16377.00000", "2006-06-30": "16961.00000", "2006-03-31": "15639.00000", "2005-12-31": "16793.00000", "2005-09-30": "15343.00000", "2005-06-30": "17139.00000", "2005-03-31": "15337.00000"}, "Common Stock Net": {"2020-09-30": "937.00000", "2020-06-30": "937.00000", "2020-03-31": "937.00000", "2019-12-31": "937.00000", "2019-09-30": "937.00000", "2019-06-30": "937.00000", "2019-03-31": "937.00000", "2018-12-31": "937.00000", "2018-09-30": "937.00000", "2018-06-30": "937.00000", "2018-03-31": "937.00000", "2017-12-31": "937.00000", "2017-09-30": "937.00000", "2017-06-30": "937.00000", "2017-03-31": "937.00000", "2016-12-31": "937.00000", "2016-09-30": "937.00000", "2016-06-30": "937.00000", "2016-03-31": "937.00000", "2015-12-31": "770.00000", "2015-09-30": "770.00000", "2015-06-30": "770.00000", "2015-03-31": "770.00000", "2014-12-31": "770.00000", "2014-09-30": "770.00000", "2014-06-30": "770.00000", "2014-03-31": "770.00000", "2013-12-31": "770.00000", "2013-09-30": "770.00000", "2013-06-30": "770.00000", "2013-03-31": "770.00000", "2012-12-31": "770.00000", "2012-09-30": "770.00000", "2012-06-30": "770.00000", "2012-03-31": "770.00000", "2011-12-31": "770.00000", "2011-09-30": "770.00000", "2011-06-30": "770.00000", "2011-03-31": "770.00000", "2010-12-31": "770.00000", "2010-09-30": "770.00000", "2010-06-30": "770.00000", "2010-03-31": "769.00000", "2009-12-31": "769.00000", "2009-09-30": "769.00000", "2009-06-30": "769.00000", "2009-03-31": "769.00000", "2008-12-31": "767.00000", "2008-09-30": "767.00000", "2008-06-30": "767.00000", "2008-03-31": "766.00000", "2007-12-31": "765.00000", "2007-09-30": "736.00000", "2007-06-30": "736.00000", "2007-03-31": "368.00000", "2006-12-31": "736.00000", "2006-09-30": "368.00000", "2006-06-30": "368.00000", "2006-03-31": "367.00000", "2005-12-31": "367.00000", "2005-09-30": "367.00000", "2005-06-30": "366.00000", "2005-03-31": "348.00000"}, "Retained Earnings (Accumulated Deficit)": {"2020-09-30": "6828.00000", "2020-06-30": "7145.00000", "2020-03-31": "7895.00000", "2019-12-31": "7993.00000", "2019-09-30": "8053.00000", "2019-06-30": "7928.00000", "2019-03-31": "7808.00000", "2018-12-31": "7706.00000", "2018-09-30": "7357.00000", "2018-06-30": "7146.00000", "2018-03-31": "7093.00000", "2017-12-31": "6779.00000", "2017-09-30": "6849.00000", "2017-06-30": "7491.00000", "2017-03-31": "7673.00000", "2016-12-31": "12672.00000", "2016-09-30": "14086.00000", "2016-06-30": "14320.00000", "2016-03-31": "14533.00000", "2015-12-31": "14974.00000", "2015-09-30": "15800.00000", "2015-06-30": "16691.00000", "2015-03-31": "17220.00000", "2014-12-31": "17638.00000", "2014-09-30": "16854.00000", "2014-06-30": "16564.00000", "2014-03-31": "16151.00000", "2013-12-31": "15135.00000", "2013-09-30": "14892.00000", "2013-06-30": "14458.00000", "2013-03-31": "14153.00000", "2012-12-31": "13890.00000", "2012-09-30": "13688.00000", "2012-06-30": "13358.00000", "2012-03-31": "13084.00000", "2011-12-31": "12788.00000", "2011-09-30": "12352.00000", "2011-06-30": "12053.00000", "2011-03-31": "20725.00000", "2010-12-31": "19907.00000", "2010-09-30": "19379.00000", "2010-06-30": "18859.00000", "2010-03-31": "18328.00000", "2009-12-31": "18043.00000", "2009-09-30": "17857.00000", "2009-06-30": "17614.00000", "2009-03-31": "17371.00000", "2008-12-31": "17259.00000", "2008-09-30": "17470.00000", "2008-06-30": "15575.00000", "2008-03-31": "14973.00000", "2007-12-31": "14412.00000", "2007-09-30": "13916.00000", "2007-06-30": "13058.00000", "2007-03-31": "11671.00000", "2006-12-31": "11093.00000", "2006-09-30": "10153.00000", "2006-06-30": "8672.00000", "2006-03-31": "7068.00000", "2005-12-31": "6406.00000", "2005-09-30": "5261.00000", "2005-06-30": "4613.00000", "2005-03-31": "4036.00000"}, "Comprehensive Income": {"2020-09-30": "57.00000", "2020-06-30": "37.00000", "2020-03-31": "83.00000", "2019-12-31": "105.00000", "2019-09-30": "112.00000", "2019-06-30": "50.00000", "2019-03-31": "59.00000", "2018-12-31": "63.00000", "2018-09-30": "-21.00000", "2018-06-30": "-41.00000", "2018-03-31": "-58.00000", "2017-12-31": "-62.00000", "2017-09-30": "-54.00000", "2017-06-30": "-54.00000", "2017-03-31": "-48.00000", "2016-12-31": "-83.00000", "2016-09-30": "-137.00000", "2016-06-30": "-140.00000", "2016-03-31": "-150.00000", "2015-12-31": "-135.00000", "2015-09-30": "-175.00000", "2015-06-30": "-172.00000", "2015-03-31": "-228.00000", "2014-12-31": "-277.00000", "2014-09-30": "-277.00000", "2014-06-30": "-278.00000", "2014-03-31": "-270.00000", "2013-12-31": "-250.00000", "2013-09-30": "-322.00000", "2013-06-30": "-344.00000", "2013-03-31": "-426.00000", "2012-12-31": "-433.00000", "2012-09-30": "-421.00000", "2012-06-30": "-364.00000", "2012-03-31": "-361.00000", "2011-12-31": "-370.00000", "2011-09-30": "-328.00000", "2011-06-30": "-346.00000", "2011-03-31": "-971.00000", "2010-12-31": "-997.00000", "2010-09-30": "-868.00000", "2010-06-30": "-855.00000", "2010-03-31": "-925.00000", "2009-12-31": "-934.00000", "2009-09-30": "-554.00000", "2009-06-30": "-578.00000", "2009-03-31": "-623.00000", "2008-12-31": "-593.00000", "2008-09-30": "-274.00000", "2008-06-30": "-270.00000", "2008-03-31": "-240.00000", "2007-12-31": "-249.00000", "2007-09-30": "-385.00000", "2007-06-30": "-402.00000", "2007-03-31": "-322.00000", "2006-12-31": "-368.00000", "2006-09-30": "-112.00000", "2006-06-30": "-132.00000", "2006-03-31": "-141.00000", "2005-12-31": "-151.00000", "2005-09-30": "-56.00000", "2005-06-30": "-55.00000", "2005-03-31": "-70.00000"}, "Other Share Holders Equity": {"2020-09-30": "", "2020-06-30": "", "2020-03-31": "", "2019-12-31": "", "2019-09-30": "", "2019-06-30": "", "2019-03-31": "", "2018-12-31": "", "2018-09-30": "", "2018-06-30": "", "2018-03-31": "", "2017-12-31": "", "2017-09-30": "", "2017-06-30": "", "2017-03-31": "", "2016-12-31": "", "2016-09-30": "", "2016-06-30": "", "2016-03-31": "", "2015-12-31": "", "2015-09-30": "", "2015-06-30": "", "2015-03-31": "", "2014-12-31": "", "2014-09-30": "", "2014-06-30": "", "2014-03-31": "", "2013-12-31": "", "2013-09-30": "", "2013-06-30": "", "2013-03-31": "", "2012-12-31": "", "2012-09-30": "", "2012-06-30": "", "2012-03-31": "", "2011-12-31": "", "2011-09-30": "", "2011-06-30": "", "2011-03-31": "", "2010-12-31": "", "2010-09-30": "", "2010-06-30": "", "2010-03-31": "", "2009-12-31": "", "2009-09-30": "", "2009-06-30": "", "2009-03-31": "", "2008-12-31": "", "2008-09-30": "", "2008-06-30": "", "2008-03-31": "", "2007-12-31": "", "2007-09-30": "", "2007-06-30": "", "2007-03-31": "", "2006-12-31": "", "2006-09-30": "", "2006-06-30": "", "2006-03-31": "", "2005-12-31": "", "2005-09-30": "", "2005-06-30": "", "2005-03-31": ""}, "Share Holder Equity": {"2020-09-30": "10892.00000", "2020-06-30": "11175.00000", "2020-03-31": "11958.00000", "2019-12-31": "12153.00000", "2019-09-30": "12271.00000", "2019-06-30": "12101.00000", "2019-03-31": "12208.00000", "2018-12-31": "12128.00000", "2018-09-30": "12044.00000", "2018-06-30": "12132.00000", "2018-03-31": "12034.00000", "2017-12-31": "11708.00000", "2017-09-30": "11775.00000", "2017-06-30": "12405.00000", "2017-03-31": "12584.00000", "2016-12-31": "17541.00000", "2016-09-30": "18922.00000", "2016-06-30": "19153.00000", "2016-03-31": "19351.00000", "2015-12-31": "18553.00000", "2015-09-30": "19335.00000", "2015-06-30": "20218.00000", "2015-03-31": "20660.00000", "2014-12-31": "21020.00000", "2014-09-30": "20226.00000", "2014-06-30": "19868.00000", "2014-03-31": "19805.00000", "2013-12-31": "19344.00000", "2013-09-30": "18994.00000", "2013-06-30": "19021.00000", "2013-03-31": "18588.00000", "2012-12-31": "18283.00000", "2012-09-30": "18064.00000", "2012-06-30": "17785.00000", "2012-03-31": "17506.00000", "2011-12-31": "17159.00000", "2011-09-30": "16756.00000", "2011-06-30": "16707.00000", "2011-03-31": "24705.00000", "2010-12-31": "23771.00000", "2010-09-30": "23356.00000", "2010-06-30": "22841.00000", "2010-03-31": "22227.00000", "2009-12-31": "21910.00000", "2009-09-30": "22091.00000", "2009-06-30": "21813.00000", "2009-03-31": "21511.00000", "2008-12-31": "21409.00000", "2008-09-30": "21927.00000", "2008-06-30": "20109.00000", "2008-03-31": "19668.00000", "2007-12-31": "19223.00000", "2007-09-30": "16682.00000", "2007-06-30": "15815.00000", "2007-03-31": "14792.00000", "2006-12-31": "14607.00000", "2006-09-30": "14452.00000", "2006-06-30": "13489.00000", "2006-03-31": "12165.00000", "2005-12-31": "11705.00000", "2005-09-30": "10642.00000", "2005-06-30": "9957.00000", "2005-03-31": "8377.00000"}, "Total Liabilities And Share Holders Equity": {"2020-09-30": "18663.00000", "2020-06-30": "18567.00000", "2020-03-31": "19715.00000", "2019-12-31": "20245.00000", "2019-09-30": "20373.00000", "2019-06-30": "21282.00000", "2019-03-31": "21410.00000", "2018-12-31": "21321.00000", "2018-09-30": "21778.00000", "2018-06-30": "21871.00000", "2018-03-31": "21634.00000", "2017-12-31": "22012.00000", "2017-09-30": "22947.00000", "2017-06-30": "24241.00000", "2017-03-31": "24537.00000", "2016-12-31": "31094.00000", "2016-09-30": "32310.00000", "2016-06-30": "32527.00000", "2016-03-31": "32868.00000", "2015-12-31": "32311.00000", "2015-09-30": "34674.00000", "2015-06-30": "35770.00000", "2015-03-31": "34736.00000", "2014-12-31": "35983.00000", "2014-09-30": "36700.00000", "2014-06-30": "35935.00000", "2014-03-31": "36151.00000", "2013-12-31": "35620.00000", "2013-09-30": "35776.00000", "2013-06-30": "35048.00000", "2013-03-31": "35109.00000", "2012-12-31": "35306.00000", "2012-09-30": "34558.00000", "2012-06-30": "32250.00000", "2012-03-31": "31851.00000", "2011-12-31": "31371.00000", "2011-09-30": "30541.00000", "2011-06-30": "30490.00000", "2011-03-31": "51865.00000", "2010-12-31": "50014.00000", "2010-09-30": "48123.00000", "2010-06-30": "47496.00000", "2010-03-31": "47725.00000", "2009-12-31": "47052.00000", "2009-09-30": "45415.00000", "2009-06-30": "44441.00000", "2009-03-31": "43312.00000", "2008-12-31": "42686.00000", "2008-09-30": "48906.00000", "2008-06-30": "48690.00000", "2008-03-31": "44765.00000", "2007-12-31": "42746.00000", "2007-09-30": "35959.00000", "2007-06-30": "33605.00000", "2007-03-31": "31396.00000", "2006-12-31": "30831.00000", "2006-09-30": "30829.00000", "2006-06-30": "30450.00000", "2006-03-31": "27804.00000", "2005-12-31": "28498.00000", "2005-09-30": "25985.00000", "2005-06-30": "27096.00000", "2005-03-31": "23714.00000"}}, "cash flow statement": {"Net Income/Loss": {"2019-12-31": "480.00000", "2018-12-31": "1096.00000", "2017-12-31": "-5723.00000", "2016-12-31": "-2140.00000", "2015-12-31": "-2204.00000", "2014-12-31": "3046.00000", "2013-12-31": "1753.00000", "2012-12-31": "1582.00000", "2011-12-31": "2946.00000", "2010-12-31": "2568.00000", "2009-12-31": "1463.00000", "2008-12-31": "3528.00000", "2007-12-31": "3956.00000", "2006-12-31": "5234.00000", "2005-12-31": "3032.00000"}, "Total Depreciation And Amortization - Cash Flow": {"2019-12-31": "2397.00000", "2018-12-31": "2441.00000", "2017-12-31": "2372.00000", "2016-12-31": "2156.00000", "2015-12-31": "2721.00000", "2014-12-31": "2993.00000", "2013-12-31": "2596.00000", "2012-12-31": "2008.00000", "2011-12-31": "2263.00000", "2010-12-31": "2056.00000", "2009-12-31": "1934.00000", "2008-12-31": "3520.00000", "2007-12-31": "1564.00000", "2006-12-31": "1518.00000", "2005-12-31": "1303.00000"}, "Other Non-Cash Items": {"2019-12-31": "259.00000", "2018-12-31": "-106.00000", "2017-12-31": "5527.00000", "2016-12-31": "957.00000", "2015-12-31": "1213.00000", "2014-12-31": "-455.00000", "2013-12-31": "787.00000", "2012-12-31": "1095.00000", "2011-12-31": "552.00000", "2010-12-31": "555.00000", "2009-12-31": "1826.00000", "2008-12-31": "-1.00000", "2007-12-31": "-142.00000", "2006-12-31": "-25.00000", "2005-12-31": "217.00000"}, "Total Non-Cash Items": {"2019-12-31": "2656.00000", "2018-12-31": "2335.00000", "2017-12-31": "7899.00000", "2016-12-31": "3113.00000", "2015-12-31": "3934.00000", "2014-12-31": "2538.00000", "2013-12-31": "3383.00000", "2012-12-31": "3103.00000", "2011-12-31": "2815.00000", "2010-12-31": "2611.00000", "2009-12-31": "3760.00000", "2008-12-31": "3519.00000", "2007-12-31": "1422.00000", "2006-12-31": "1493.00000", "2005-12-31": "1520.00000"}, "Change In Accounts Receivable": {"2019-12-31": "52.00000", "2018-12-31": "-133.00000", "2017-12-31": "-334.00000", "2016-12-31": "67.00000", "2015-12-31": "790.00000", "2014-12-31": "119.00000", "2013-12-31": "217.00000", "2012-12-31": "-481.00000", "2011-12-31": "9.00000", "2010-12-31": "-409.00000", "2009-12-31": "-188.00000", "2008-12-31": "2612.00000", "2007-12-31": "-1329.00000", "2006-12-31": "-525.00000", "2005-12-31": "-1164.00000"}, "Change In Inventories": {"2019-12-31": "3.00000", "2018-12-31": "-1.00000", "2017-12-31": "10.00000", "2016-12-31": "64.00000", "2015-12-31": "25.00000", "2014-12-31": "-11.00000", "2013-12-31": "-19.00000", "2012-12-31": "-24.00000", "2011-12-31": "33.00000", "2010-12-31": "-71.00000", "2009-12-31": "-104.00000", "2008-12-31": "-246.00000", "2007-12-31": "-89.00000", "2006-12-31": "-133.00000", "2005-12-31": "-150.00000"}, "Change In Accounts Payable": {"2019-12-31": "", "2018-12-31": "", "2017-12-31": "", "2016-12-31": "", "2015-12-31": "", "2014-12-31": "", "2013-12-31": "", "2012-12-31": "", "2011-12-31": "", "2010-12-31": "", "2009-12-31": "", "2008-12-31": "", "2007-12-31": "", "2006-12-31": "", "2005-12-31": ""}, "Change In Assets/Liabilities": {"2019-12-31": "-255.00000", "2018-12-31": "-242.00000", "2017-12-31": "-161.00000", "2016-12-31": "-66.00000", "2015-12-31": "-63.00000", "2014-12-31": "-172.00000", "2013-12-31": "144.00000", "2012-12-31": "-61.00000", "2011-12-31": "232.00000", "2010-12-31": "153.00000", "2009-12-31": "29.00000", "2008-12-31": "-129.00000", "2007-12-31": "263.00000", "2006-12-31": "-825.00000", "2005-12-31": "435.00000"}, "Total Change In Assets/Liabilities": {"2019-12-31": "-387.00000", "2018-12-31": "-197.00000", "2017-12-31": "-188.00000", "2016-12-31": "-72.00000", "2015-12-31": "-154.00000", "2014-12-31": "-97.00000", "2013-12-31": "134.00000", "2012-12-31": "-668.00000", "2011-12-31": "763.00000", "2010-12-31": "691.00000", "2009-12-31": "45.00000", "2008-12-31": "-295.00000", "2007-12-31": "522.00000", "2006-12-31": "-1239.00000", "2005-12-31": "186.00000"}, "Cash Flow From Operating Activities": {"2019-12-31": "2749.00000", "2018-12-31": "3234.00000", "2017-12-31": "1988.00000", "2016-12-31": "901.00000", "2015-12-31": "1576.00000", "2014-12-31": "5487.00000", "2013-12-31": "5270.00000", "2012-12-31": "4017.00000", "2011-12-31": "6524.00000", "2010-12-31": "5870.00000", "2009-12-31": "5268.00000", "2008-12-31": "6752.00000", "2007-12-31": "5900.00000", "2006-12-31": "5488.00000", "2005-12-31": "4738.00000"}, "Net Change In Property, Plant, And Equipment": {"2019-12-31": "-2590.00000", "2018-12-31": "-1515.00000", "2017-12-31": "-212.00000", "2016-12-31": "15.00000", "2015-12-31": "-3260.00000", "2014-12-31": "-1400.00000", "2013-12-31": "-3993.00000", "2012-12-31": "-3894.00000", "2011-12-31": "-2468.00000", "2010-12-31": "-2168.00000", "2009-12-31": "-2537.00000", "2008-12-31": "-5990.00000", "2007-12-31": "-3620.00000", "2006-12-31": "-3299.00000", "2005-12-31": "-2665.00000"}, "Net Change In Intangible Assets": {"2019-12-31": "", "2018-12-31": "", "2017-12-31": "", "2016-12-31": "", "2015-12-31": "", "2014-12-31": "", "2013-12-31": "", "2012-12-31": "", "2011-12-31": "", "2010-12-31": "", "2009-12-31": "", "2008-12-31": "", "2007-12-31": "", "2006-12-31": "", "2005-12-31": ""}, "Net Acquisitions/Divestitures": {"2019-12-31": "-293.00000", "2018-12-31": "-25.00000", "2017-12-31": "-1891.00000", "2016-12-31": "-902.00000", "2015-12-31": "", "2014-12-31": "-21.00000", "2013-12-31": "-74.00000", "2012-12-31": "-1033.00000", "2011-12-31": "-4470.00000", "2010-12-31": "", "2009-12-31": "", "2008-12-31": "", "2007-12-31": "-3963.00000", "2006-12-31": "91.00000", "2005-12-31": "-343.00000"}, "Net Change In Short-term Investments": {"2019-12-31": "", "2018-12-31": "", "2017-12-31": "", "2016-12-31": "", "2015-12-31": "0.00000", "2014-12-31": "", "2013-12-31": "", "2012-12-31": "", "2011-12-31": "", "2010-12-31": "", "2009-12-31": "", "2008-12-31": "", "2007-12-31": "", "2006-12-31": "", "2005-12-31": ""}, "Net Change In Long-Term Investments": {"2019-12-31": "64.00000", "2018-12-31": "57.00000", "2017-12-31": "64.00000", "2016-12-31": "55.00000", "2015-12-31": "77.00000", "2014-12-31": "61.00000", "2013-12-31": "61.00000", "2012-12-31": "57.00000", "2011-12-31": "59.00000", "2010-12-31": "58.00000", "2009-12-31": "59.00000", "2008-12-31": "-24.00000", "2007-12-31": "-55.00000", "2006-12-31": "281.00000", "2005-12-31": "-13.00000"}, "Net Change In Investments - Total": {"2019-12-31": "64.00000", "2018-12-31": "57.00000", "2017-12-31": "64.00000", "2016-12-31": "55.00000", "2015-12-31": "77.00000", "2014-12-31": "61.00000", "2013-12-31": "61.00000", "2012-12-31": "57.00000", "2011-12-31": "59.00000", "2010-12-31": "58.00000", "2009-12-31": "59.00000", "2008-12-31": "-24.00000", "2007-12-31": "-55.00000", "2006-12-31": "281.00000", "2005-12-31": "-13.00000"}, "Investing Activities - Other": {"2019-12-31": "1.00000", "2018-12-31": "13.00000", "2017-12-31": "-5.00000", "2016-12-31": "-1.00000", "2015-12-31": "-19.00000", "2014-12-31": "-386.00000", "2013-12-31": "-515.00000", "2012-12-31": "-569.00000", "2011-12-31": "-788.00000", "2010-12-31": "-511.00000", "2009-12-31": "-2760.00000", "2008-12-31": "609.00000", "2007-12-31": "157.00000", "2006-12-31": "-28.00000", "2005-12-31": "-106.00000"}, "Cash Flow From Investing Activities": {"2019-12-31": "-2818.00000", "2018-12-31": "-1470.00000", "2017-12-31": "-2044.00000", "2016-12-31": "-833.00000", "2015-12-31": "-3202.00000", "2014-12-31": "-1746.00000", "2013-12-31": "-4521.00000", "2012-12-31": "-5439.00000", "2011-12-31": "-7667.00000", "2010-12-31": "-2621.00000", "2009-12-31": "-5238.00000", "2008-12-31": "-5405.00000", "2007-12-31": "-7481.00000", "2006-12-31": "-2955.00000", "2005-12-31": "-3127.00000"}, "Net Long-Term Debt": {"2019-12-31": "", "2018-12-31": "", "2017-12-31": "-1776.00000", "2016-12-31": "-1.00000", "2015-12-31": "927.00000", "2014-12-31": "-68.00000", "2013-12-31": "-182.00000", "2012-12-31": "1852.00000", "2011-12-31": "-2877.00000", "2010-12-31": "-653.00000", "2009-12-31": "1423.00000", "2008-12-31": "-119.00000", "2007-12-31": "1567.00000", "2006-12-31": "-501.00000", "2005-12-31": "-1928.00000"}, "Net Current Debt": {"2019-12-31": "", "2018-12-31": "", "2017-12-31": "", "2016-12-31": "", "2015-12-31": "", "2014-12-31": "", "2013-12-31": "-65.00000", "2012-12-31": "200.00000", "2011-12-31": "", "2010-12-31": "", "2009-12-31": "", "2008-12-31": "", "2007-12-31": "", "2006-12-31": "", "2005-12-31": ""}, "Debt Issuance/Retirement Net - Total": {"2019-12-31": "", "2018-12-31": "", "2017-12-31": "-1776.00000", "2016-12-31": "-1.00000", "2015-12-31": "927.00000", "2014-12-31": "-68.00000", "2013-12-31": "-247.00000", "2012-12-31": "2052.00000", "2011-12-31": "-2877.00000", "2010-12-31": "-653.00000", "2009-12-31": "1423.00000", "2008-12-31": "-119.00000", "2007-12-31": "1567.00000", "2006-12-31": "-501.00000", "2005-12-31": "-1928.00000"}, "Net Common Equity Issued/Repurchased": {"2019-12-31": "-362.00000", "2018-12-31": "-713.00000", "2017-12-31": "-11.00000", "2016-12-31": "1230.00000", "2015-12-31": "-11.00000", "2014-12-31": "-1000.00000", "2013-12-31": "-500.00000", "2012-12-31": "", "2011-12-31": "-300.00000", "2010-12-31": "", "2009-12-31": "4.00000", "2008-12-31": "-402.00000", "2007-12-31": "-795.00000", "2006-12-31": "-1648.00000", "2005-12-31": "78.00000"}, "Net Total Equity Issued/Repurchased": {"2019-12-31": "-362.00000", "2018-12-31": "-713.00000", "2017-12-31": "-11.00000", "2016-12-31": "1230.00000", "2015-12-31": "-11.00000", "2014-12-31": "-1000.00000", "2013-12-31": "-500.00000", "2012-12-31": "", "2011-12-31": "-300.00000", "2010-12-31": "", "2009-12-31": "4.00000", "2008-12-31": "-402.00000", "2007-12-31": "-795.00000", "2006-12-31": "-1648.00000", "2005-12-31": "78.00000"}, "Total Common And Preferred Stock Dividends Paid": {"2019-12-31": "-162.00000", "2018-12-31": "-169.00000", "2017-12-31": "-170.00000", "2016-12-31": "-162.00000", "2015-12-31": "-460.00000", "2014-12-31": "-543.00000", "2013-12-31": "-508.00000", "2012-12-31": "-480.00000", "2011-12-31": "-567.00000", "2010-12-31": "-704.00000", "2009-12-31": "-679.00000", "2008-12-31": "-681.00000", "2007-12-31": "-637.00000", "2006-12-31": "-547.00000", "2005-12-31": "-436.00000"}, "Financial Activities - Other": {"2019-12-31": "-11.00000", "2018-12-31": "23.00000", "2017-12-31": "-46.00000", "2016-12-31": "1.00000", "2015-12-31": "-5.00000", "2014-12-31": "18.00000", "2013-12-31": "93.00000", "2012-12-31": "28.00000", "2011-12-31": "1449.00000", "2010-12-31": "2.00000", "2009-12-31": "-24.00000", "2008-12-31": "9.00000", "2007-12-31": "49.00000", "2006-12-31": "115.00000", "2005-12-31": "-59.00000"}, "Cash Flow From Financial Activities": {"2019-12-31": "-535.00000", "2018-12-31": "-859.00000", "2017-12-31": "-2003.00000", "2016-12-31": "1068.00000", "2015-12-31": "451.00000", "2014-12-31": "-1593.00000", "2013-12-31": "-1162.00000", "2012-12-31": "1600.00000", "2011-12-31": "-2295.00000", "2010-12-31": "-1355.00000", "2009-12-31": "724.00000", "2008-12-31": "-1193.00000", "2007-12-31": "184.00000", "2006-12-31": "-2581.00000", "2005-12-31": "-2345.00000"}, "Net Cash Flow": {"2019-12-31": "-604.00000", "2018-12-31": "899.00000", "2017-12-31": "-1925.00000", "2016-12-31": "1369.00000", "2015-12-31": "-1088.00000", "2014-12-31": "2134.00000", "2013-12-31": "-420.00000", "2012-12-31": "191.00000", "2011-12-31": "-3458.00000", "2010-12-31": "1894.00000", "2009-12-31": "772.00000", "2008-12-31": "86.00000", "2007-12-31": "-1386.00000", "2006-12-31": "-32.00000", "2005-12-31": "-752.00000"}, "Stock-Based Compensation": {"2019-12-31": "60.00000", "2018-12-31": "53.00000", "2017-12-31": "49.00000", "2016-12-31": "51.00000", "2015-12-31": "45.00000", "2014-12-31": "52.00000", "2013-12-31": "", "2012-12-31": "", "2011-12-31": "", "2010-12-31": "", "2009-12-31": "", "2008-12-31": "", "2007-12-31": "", "2006-12-31": "", "2005-12-31": ""}, "Common Stock Dividends Paid": {"2019-12-31": "-162.00000", "2018-12-31": "-169.00000", "2017-12-31": "-170.00000", "2016-12-31": "-162.00000", "2015-12-31": "-460.00000", "2014-12-31": "-543.00000", "2013-12-31": "-508.00000", "2012-12-31": "-480.00000", "2011-12-31": "-567.00000", "2010-12-31": "-704.00000", "2009-12-31": "-679.00000", "2008-12-31": "-681.00000", "2007-12-31": "-637.00000", "2006-12-31": "-547.00000", "2005-12-31": "-436.00000"}}, "cash flow statement, quarterly": {"Net Income/Loss": {"2020-09-30": -317, "2020-06-30": -750, "2020-03-31": "-46.00000", "2019-12-31": -20, "2019-09-30": 165, "2019-06-30": 161, "2019-03-31": "174.00000", "2018-12-31": 390, "2018-09-30": 254, "2018-06-30": 96, "2018-03-31": "356.00000", "2017-12-31": -28, "2017-09-30": -599, "2017-06-30": -139, "2017-03-31": "-4957.00000", "2016-12-31": -1371, "2016-09-30": -192, "2016-06-30": -170, "2016-03-31": "-407.00000", "2015-12-31": -793, "2015-09-30": -749, "2015-06-30": -386, "2015-03-31": "-276.00000", "2014-12-31": 926, "2014-09-30": 431, "2014-06-30": 540, "2014-03-31": "1149.00000", "2013-12-31": 375, "2013-09-30": 569, "2013-06-30": 426, "2013-03-31": "383.00000", "2012-12-31": 322, "2012-09-30": 450, "2012-06-30": 393, "2012-03-31": "417.00000", "2011-12-31": 549, "2011-09-30": 405, "2011-06-30": 996, "2011-03-31": "996.00000", "2010-12-31": 706, "2010-09-30": 696, "2010-06-30": 709, "2010-03-31": "457.00000", "2009-12-31": 355, "2009-09-30": 413, "2009-06-30": 413, "2009-03-31": "282.00000", "2008-12-31": -41, "2008-09-30": 2064, "2008-06-30": 774, "2008-03-31": "731.00000", "2007-12-31": 668, "2007-09-30": 1021, "2007-06-30": 1550, "2007-03-31": "717.00000", "2006-12-31": 1079, "2006-09-30": 1623, "2006-06-30": 1748, "2006-03-31": "784.00000", "2005-12-31": 1265, "2005-09-30": 770, "2005-06-30": 673, "2005-03-31": "324.00000"}, "Total Depreciation And Amortization - Cash Flow": {"2020-09-30": 554, "2020-06-30": 597, "2020-03-31": "644.00000", "2019-12-31": 616, "2019-09-30": 622, "2019-06-30": 605, "2019-03-31": "554.00000", "2018-12-31": 613, "2018-09-30": 626, "2018-06-30": 612, "2018-03-31": "590.00000", "2017-12-31": 583, "2017-09-30": 641, "2017-06-30": 592, "2017-03-31": "556.00000", "2016-12-31": 573, "2016-09-30": 522, "2016-06-30": 512, "2016-03-31": "549.00000", "2015-12-31": 51, "2015-09-30": 1098, "2015-06-30": 751, "2015-03-31": "821.00000", "2014-12-31": 933, "2014-09-30": 716, "2014-06-30": 701, "2014-03-31": "643.00000", "2013-12-31": 682, "2013-09-30": 619, "2013-06-30": 575, "2013-03-31": "720.00000", "2012-12-31": 229, "2012-09-30": 362, "2012-06-30": 581, "2012-03-31": "836.00000", "2011-12-31": 547, "2011-09-30": 517, "2011-06-30": 564, "2011-03-31": "635.00000", "2010-12-31": 680, "2010-09-30": 91, "2010-06-30": 636, "2010-03-31": "649.00000", "2009-12-31": -36, "2009-09-30": 627, "2009-06-30": 683, "2009-03-31": "660.00000", "2008-12-31": 2007, "2008-09-30": 580, "2008-06-30": 482, "2008-03-31": "451.00000", "2007-12-31": 366, "2007-09-30": 409, "2007-06-30": 396, "2007-03-31": "393.00000", "2006-12-31": 388, "2006-09-30": 361, "2006-06-30": 369, "2006-03-31": "400.00000", "2005-12-31": 353, "2005-09-30": 319, "2005-06-30": 308, "2005-03-31": "323.00000"}, "Other Non-Cash Items": {"2020-09-30": 95, "2020-06-30": 268, "2020-03-31": "-19.00000", "2019-12-31": 100, "2019-09-30": -13, "2019-06-30": 49, "2019-03-31": "123.00000", "2018-12-31": -194, "2018-09-30": 123, "2018-06-30": 114, "2018-03-31": "-149.00000", "2017-12-31": 107, "2017-09-30": 497, "2017-06-30": -59, "2017-03-31": "4982.00000", "2016-12-31": 1146, "2016-09-30": -12, "2016-06-30": -83, "2016-03-31": "-94.00000", "2015-12-31": 982, "2015-09-30": 167, "2015-06-30": 174, "2015-03-31": "-110.00000", "2014-12-31": -1079, "2014-09-30": 711, "2014-06-30": 158, "2014-03-31": "-245.00000", "2013-12-31": 13, "2013-09-30": 183, "2013-06-30": 239, "2013-03-31": "352.00000", "2012-12-31": 704, "2012-09-30": 273, "2012-06-30": 269, "2012-03-31": "-151.00000", "2011-12-31": -74, "2011-09-30": 47, "2011-06-30": -19, "2011-03-31": "598.00000", "2010-12-31": 1616, "2010-09-30": -160, "2010-06-30": -507, "2010-03-31": "-394.00000", "2009-12-31": 1231, "2009-09-30": 434, "2009-06-30": 76, "2009-03-31": "85.00000", "2008-12-31": -590, "2008-09-30": -207, "2008-06-30": 763, "2008-03-31": "33.00000", "2007-12-31": -123, "2007-09-30": -112, "2007-06-30": 72, "2007-03-31": "21.00000", "2006-12-31": 123, "2006-09-30": 12, "2006-06-30": -186, "2006-03-31": "26.00000", "2005-12-31": -140, "2005-09-30": -4, "2005-06-30": 290, "2005-03-31": "71.00000"}, "Total Non-Cash Items": {"2020-09-30": 649, "2020-06-30": 865, "2020-03-31": "625.00000", "2019-12-31": 716, "2019-09-30": 609, "2019-06-30": 654, "2019-03-31": "677.00000", "2018-12-31": 419, "2018-09-30": 749, "2018-06-30": 726, "2018-03-31": "441.00000", "2017-12-31": 690, "2017-09-30": 1138, "2017-06-30": 533, "2017-03-31": "5538.00000", "2016-12-31": 1719, "2016-09-30": 510, "2016-06-30": 429, "2016-03-31": "455.00000", "2015-12-31": 1033, "2015-09-30": 1265, "2015-06-30": 925, "2015-03-31": "711.00000", "2014-12-31": -146, "2014-09-30": 1427, "2014-06-30": 859, "2014-03-31": "398.00000", "2013-12-31": 695, "2013-09-30": 802, "2013-06-30": 814, "2013-03-31": "1072.00000", "2012-12-31": 933, "2012-09-30": 635, "2012-06-30": 850, "2012-03-31": "685.00000", "2011-12-31": 473, "2011-09-30": 564, "2011-06-30": 545, "2011-03-31": "1233.00000", "2010-12-31": 2296, "2010-09-30": -69, "2010-06-30": 129, "2010-03-31": "255.00000", "2009-12-31": 1195, "2009-09-30": 1061, "2009-06-30": 759, "2009-03-31": "745.00000", "2008-12-31": 1417, "2008-09-30": 373, "2008-06-30": 1245, "2008-03-31": "484.00000", "2007-12-31": 243, "2007-09-30": 297, "2007-06-30": 468, "2007-03-31": "414.00000", "2006-12-31": 511, "2006-09-30": 373, "2006-06-30": 183, "2006-03-31": "426.00000", "2005-12-31": 213, "2005-09-30": 315, "2005-06-30": 598, "2005-03-31": "394.00000"}, "Change In Accounts Receivable": {"2020-09-30": -22, "2020-06-30": 82, "2020-03-31": "407.00000", "2019-12-31": 151, "2019-09-30": -4, "2019-06-30": -22, "2019-03-31": "-73.00000", "2018-12-31": 256, "2018-09-30": -133, "2018-06-30": -126, "2018-03-31": "-130.00000", "2017-12-31": -142, "2017-09-30": -177, "2017-06-30": -14, "2017-03-31": "-1.00000", "2016-12-31": -58, "2016-09-30": 33, "2016-06-30": -14, "2016-03-31": "106.00000", "2015-12-31": 52, "2015-09-30": 204, "2015-06-30": 146, "2015-03-31": "388.00000", "2014-12-31": 389, "2014-09-30": -4, "2014-06-30": -197, "2014-03-31": "-69.00000", "2013-12-31": 350, "2013-09-30": -122, "2013-06-30": -50, "2013-03-31": "39.00000", "2012-12-31": 165, "2012-09-30": -539, "2012-06-30": 189, "2012-03-31": "-296.00000", "2011-12-31": -193, "2011-09-30": 124, "2011-06-30": 236, "2011-03-31": "-158.00000", "2010-12-31": -285, "2010-09-30": -111, "2010-06-30": 180, "2010-03-31": "-193.00000", "2009-12-31": 1053, "2009-09-30": -449, "2009-06-30": -992, "2009-03-31": "200.00000", "2008-12-31": 3008, "2008-09-30": 1363, "2008-06-30": -1641, "2008-03-31": "-118.00000", "2007-12-31": -139, "2007-09-30": -551, "2007-06-30": -612, "2007-03-31": "-27.00000", "2006-12-31": -81, "2006-09-30": 389, "2006-06-30": -661, "2006-03-31": "-172.00000", "2005-12-31": 399, "2005-09-30": -1206, "2005-06-30": -359, "2005-03-31": "2.00000"}, "Change In Inventories": {"2020-09-30": 0, "2020-06-30": 1, "2020-03-31": "-6.00000", "2019-12-31": -1, "2019-09-30": 1, "2019-06-30": -1, "2019-03-31": "4.00000", "2018-12-31": 10, "2018-09-30": 6, "2018-06-30": -8, "2018-03-31": "-9.00000", "2017-12-31": 6, "2017-09-30": 9, "2017-06-30": 5, "2017-03-31": "-10.00000", "2016-12-31": -5, "2016-09-30": 44, "2016-06-30": 21, "2016-03-31": "4.00000", "2015-12-31": -5, "2015-09-30": 9, "2015-06-30": 43, "2015-03-31": "-22.00000", "2014-12-31": 21, "2014-09-30": 26, "2014-06-30": -17, "2014-03-31": "-41.00000", "2013-12-31": -8, "2013-09-30": 8, "2013-06-30": -2, "2013-03-31": "-17.00000", "2012-12-31": -18, "2012-09-30": 12, "2012-06-30": -25, "2012-03-31": "7.00000", "2011-12-31": -14, "2011-09-30": 1, "2011-06-30": 17, "2011-03-31": "29.00000", "2010-12-31": -36, "2010-09-30": 6, "2010-06-30": 194, "2010-03-31": "-235.00000", "2009-12-31": 80, "2009-09-30": -190, "2009-06-30": -12, "2009-03-31": "18.00000", "2008-12-31": 878, "2008-09-30": 613, "2008-06-30": -1122, "2008-03-31": "-615.00000", "2007-12-31": 1355, "2007-09-30": -294, "2007-06-30": -786, "2007-03-31": "-364.00000", "2006-12-31": 866, "2006-09-30": -222, "2006-06-30": -412, "2006-03-31": "-365.00000", "2005-12-31": 306, "2005-09-30": 187, "2005-06-30": -366, "2005-03-31": "-277.00000"}, "Change In Accounts Payable": {"2020-09-30": 0, "2020-06-30": 0, "2020-03-31": "", "2019-12-31": 0, "2019-09-30": 0, "2019-06-30": 0, "2019-03-31": "", "2018-12-31": 0, "2018-09-30": 0, "2018-06-30": 0, "2018-03-31": "", "2017-12-31": 0, "2017-09-30": 0, "2017-06-30": 0, "2017-03-31": "", "2016-12-31": 0, "2016-09-30": 0, "2016-06-30": 0, "2016-03-31": "", "2015-12-31": 0, "2015-09-30": 0, "2015-06-30": 0, "2015-03-31": "", "2014-12-31": 0, "2014-09-30": 0, "2014-06-30": 0, "2014-03-31": "", "2013-12-31": 0, "2013-09-30": 0, "2013-06-30": 0, "2013-03-31": "", "2012-12-31": 0, "2012-09-30": 0, "2012-06-30": 0, "2012-03-31": "", "2011-12-31": 0, "2011-09-30": 0, "2011-06-30": 0, "2011-03-31": "", "2010-12-31": 0, "2010-09-30": 0, "2010-06-30": 0, "2010-03-31": "", "2009-12-31": 0, "2009-09-30": 0, "2009-06-30": 0, "2009-03-31": "", "2008-12-31": 0, "2008-09-30": 0, "2008-06-30": 0, "2008-03-31": "", "2007-12-31": 0, "2007-09-30": 0, "2007-06-30": 0, "2007-03-31": "", "2006-12-31": 0, "2006-09-30": 0, "2006-06-30": 0, "2006-03-31": "", "2005-12-31": 0, "2005-09-30": 0, "2005-06-30": 0, "2005-03-31": ""}, "Change In Assets/Liabilities": {"2020-09-30": 57, "2020-06-30": 33, "2020-03-31": "-45.00000", "2019-12-31": -123, "2019-09-30": -28, "2019-06-30": 61, "2019-03-31": "-165.00000", "2018-12-31": -65, "2018-09-30": -114, "2018-06-30": 27, "2018-03-31": "-90.00000", "2017-12-31": -133, "2017-09-30": -37, "2017-06-30": -18, "2017-03-31": "27.00000", "2016-12-31": -82, "2016-09-30": -23, "2016-06-30": 16, "2016-03-31": "23.00000", "2015-12-31": 28, "2015-09-30": -49, "2015-06-30": -19, "2015-03-31": "-23.00000", "2014-12-31": -117, "2014-09-30": -22, "2014-06-30": -33, "2014-03-31": "0.00000", "2013-12-31": 5, "2013-09-30": 124, "2013-06-30": -107, "2013-03-31": "122.00000", "2012-12-31": 61, "2012-09-30": -94, "2012-06-30": 25, "2012-03-31": "-53.00000", "2011-12-31": 91, "2011-09-30": -3, "2011-06-30": 13, "2011-03-31": "131.00000", "2010-12-31": 107, "2010-09-30": -54, "2010-06-30": -17, "2010-03-31": "117.00000", "2009-12-31": 110, "2009-09-30": -256, "2009-06-30": 108, "2009-03-31": "67.00000", "2008-12-31": -190, "2008-09-30": 35, "2008-06-30": -18, "2008-03-31": "44.00000", "2007-12-31": 133, "2007-09-30": 161, "2007-06-30": 34, "2007-03-31": "-65.00000", "2006-12-31": -542, "2006-09-30": -135, "2006-06-30": 95, "2006-03-31": "-243.00000", "2005-12-31": 216, "2005-09-30": -43, "2005-06-30": 211, "2005-03-31": "51.00000"}, "Total Change In Assets/Liabilities": {"2020-09-30": 13, "2020-06-30": -106, "2020-03-31": "122.00000", "2019-12-31": 4, "2019-09-30": -37, "2019-06-30": -18, "2019-03-31": "-336.00000", "2018-12-31": 46, "2018-09-30": -40, "2018-06-30": -55, "2018-03-31": "-148.00000", "2017-12-31": -161, "2017-09-30": 25, "2017-06-30": -67, "2017-03-31": "15.00000", "2016-12-31": -70, "2016-09-30": 49, "2016-06-30": -77, "2016-03-31": "26.00000", "2015-12-31": 123, "2015-09-30": -20, "2015-06-30": -131, "2015-03-31": "-126.00000", "2014-12-31": 375, "2014-09-30": -84, "2014-06-30": -311, "2014-03-31": "-77.00000", "2013-12-31": 159, "2013-09-30": 274, "2013-06-30": -372, "2013-03-31": "73.00000", "2012-12-31": -50, "2012-09-30": -15, "2012-06-30": -474, "2012-03-31": "-129.00000", "2011-12-31": 12, "2011-09-30": 111, "2011-06-30": 277, "2011-03-31": "363.00000", "2010-12-31": -120, "2010-09-30": 234, "2010-06-30": 440, "2010-03-31": "137.00000", "2009-12-31": 410, "2009-09-30": -203, "2009-06-30": 26, "2009-03-31": "-188.00000", "2008-12-31": 569, "2008-09-30": -585, "2008-06-30": 139, "2008-03-31": "-418.00000", "2007-12-31": 2038, "2007-09-30": -733, "2007-06-30": -678, "2007-03-31": "-105.00000", "2006-12-31": 153, "2006-09-30": -550, "2006-06-30": 128, "2006-03-31": "-970.00000", "2005-12-31": 1287, "2005-09-30": -632, "2005-06-30": -108, "2005-03-31": "-361.00000"}, "Cash Flow From Operating Activities": {"2020-09-30": 345, "2020-06-30": 9, "2020-03-31": "701.00000", "2019-12-31": 700, "2019-09-30": 737, "2019-06-30": 797, "2019-03-31": "515.00000", "2018-12-31": 855, "2018-09-30": 963, "2018-06-30": 767, "2018-03-31": "649.00000", "2017-12-31": 501, "2017-09-30": 564, "2017-06-30": 327, "2017-03-31": "596.00000", "2016-12-31": 278, "2016-09-30": 367, "2016-06-30": 182, "2016-03-31": "74.00000", "2015-12-31": 363, "2015-09-30": 496, "2015-06-30": 408, "2015-03-31": "309.00000", "2014-12-31": 1155, "2014-09-30": 1774, "2014-06-30": 1088, "2014-03-31": "1470.00000", "2013-12-31": 1229, "2013-09-30": 1645, "2013-06-30": 868, "2013-03-31": "1528.00000", "2012-12-31": 1205, "2012-09-30": 1070, "2012-06-30": 769, "2012-03-31": "973.00000", "2011-12-31": 1034, "2011-09-30": 1080, "2011-06-30": 1818, "2011-03-31": "2592.00000", "2010-12-31": 2882, "2010-09-30": 861, "2010-06-30": 1278, "2010-03-31": "849.00000", "2009-12-31": 1960, "2009-09-30": 1271, "2009-06-30": 1198, "2009-03-31": "839.00000", "2008-12-31": 1945, "2008-09-30": 1852, "2008-06-30": 2158, "2008-03-31": "797.00000", "2007-12-31": 2949, "2007-09-30": 585, "2007-06-30": 1340, "2007-03-31": "1026.00000", "2006-12-31": 1743, "2006-09-30": 1446, "2006-06-30": 2059, "2006-03-31": "240.00000", "2005-12-31": 2765, "2005-09-30": 453, "2005-06-30": 1163, "2005-03-31": "357.00000"}, "Net Change In Property, Plant, And Equipment": {"2020-09-30": -141, "2020-06-30": -307, "2020-03-31": "-618.00000", "2019-12-31": -613, "2019-09-30": -826, "2019-06-30": -563, "2019-03-31": "-588.00000", "2018-12-31": -560, "2018-09-30": -709, "2018-06-30": -692, "2018-03-31": "446.00000", "2017-12-31": -641, "2017-09-30": -522, "2017-06-30": 1234, "2017-03-31": "-283.00000", "2016-12-31": 127, "2016-09-30": -142, "2016-06-30": 471, "2016-03-31": "-441.00000", "2015-12-31": -417, "2015-09-30": -525, "2015-06-30": -868, "2015-03-31": "-1450.00000", "2014-12-31": 2, "2014-09-30": -1404, "2014-06-30": -1117, "2014-03-31": "1119.00000", "2013-12-31": -1012, "2013-09-30": -909, "2013-06-30": -1063, "2013-03-31": "-1009.00000", "2012-12-31": -578, "2012-09-30": -1353, "2012-06-30": -1154, "2012-03-31": "-809.00000", "2011-12-31": -416, "2011-09-30": -721, "2011-06-30": -599, "2011-03-31": "-732.00000", "2010-12-31": -819, "2010-09-30": -843, "2010-06-30": -500, "2010-03-31": "-6.00000", "2009-12-31": 1639, "2009-09-30": -1371, "2009-06-30": -1239, "2009-03-31": "-1566.00000", "2008-12-31": -996, "2008-09-30": -1689, "2008-06-30": -1771, "2008-03-31": "-1534.00000", "2007-12-31": -946, "2007-09-30": -1023, "2007-06-30": -946, "2007-03-31": "-705.00000", "2006-12-31": -973, "2006-09-30": -1067, "2006-06-30": -725, "2006-03-31": "-534.00000", "2005-12-31": -812, "2005-09-30": -737, "2005-06-30": -596, "2005-03-31": "-520.00000"}, "Net Change In Intangible Assets": {"2020-09-30": 0, "2020-06-30": 0, "2020-03-31": "", "2019-12-31": 0, "2019-09-30": 0, "2019-06-30": 0, "2019-03-31": "", "2018-12-31": 0, "2018-09-30": 0, "2018-06-30": 0, "2018-03-31": "", "2017-12-31": 0, "2017-09-30": 0, "2017-06-30": 0, "2017-03-31": "", "2016-12-31": 0, "2016-09-30": 0, "2016-06-30": 0, "2016-03-31": "", "2015-12-31": 0, "2015-09-30": 0, "2015-06-30": 0, "2015-03-31": "", "2014-12-31": 0, "2014-09-30": 0, "2014-06-30": 0, "2014-03-31": "", "2013-12-31": 0, "2013-09-30": 0, "2013-06-30": 0, "2013-03-31": "", "2012-12-31": 0, "2012-09-30": 0, "2012-06-30": 0, "2012-03-31": "", "2011-12-31": 0, "2011-09-30": 0, "2011-06-30": 0, "2011-03-31": "", "2010-12-31": 0, "2010-09-30": 0, "2010-06-30": 0, "2010-03-31": "", "2009-12-31": 0, "2009-09-30": 0, "2009-06-30": 0, "2009-03-31": "", "2008-12-31": 0, "2008-09-30": 0, "2008-06-30": 0, "2008-03-31": "", "2007-12-31": 0, "2007-09-30": 0, "2007-06-30": 0, "2007-03-31": "", "2006-12-31": 0, "2006-09-30": 0, "2006-06-30": 0, "2006-03-31": "", "2005-12-31": 0, "2005-09-30": 0, "2005-06-30": 0, "2005-03-31": ""}, "Net Acquisitions/Divestitures": {"2020-09-30": -4, "2020-06-30": 3, "2020-03-31": "", "2019-12-31": -293, "2019-09-30": 0, "2019-06-30": 0, "2019-03-31": "", "2018-12-31": 0, "2018-09-30": 0, "2018-06-30": -21, "2018-03-31": "-4.00000", "2017-12-31": -63, "2017-09-30": 0, "2017-06-30": -1648, "2017-03-31": "-180.00000", "2016-12-31": 0, "2016-09-30": -813, "2016-06-30": -89, "2016-03-31": "", "2015-12-31": 0, "2015-09-30": 0, "2015-06-30": 0, "2015-03-31": "", "2014-12-31": -9, "2014-09-30": -12, "2014-06-30": 0, "2014-03-31": "", "2013-12-31": 0, "2013-09-30": -74, "2013-06-30": 0, "2013-03-31": "", "2012-12-31": -227, "2012-09-30": -806, "2012-06-30": 0, "2012-03-31": "", "2011-12-31": -4470, "2011-09-30": 0, "2011-06-30": 0, "2011-03-31": "", "2010-12-31": 0, "2010-09-30": 0, "2010-06-30": 0, "2010-03-31": "", "2009-12-31": 0, "2009-09-30": 0, "2009-06-30": 0, "2009-03-31": "", "2008-12-31": 0, "2008-09-30": 0, "2008-06-30": 0, "2008-03-31": "", "2007-12-31": -3926, "2007-09-30": 0, "2007-06-30": -37, "2007-03-31": "", "2006-12-31": -198, "2006-09-30": 0, "2006-06-30": 816, "2006-03-31": "-527.00000", "2005-12-31": 0, "2005-09-30": 154, "2005-06-30": -497, "2005-03-31": ""}, "Net Change In Short-term Investments": {"2020-09-30": 0, "2020-06-30": 0, "2020-03-31": "", "2019-12-31": 0, "2019-09-30": 0, "2019-06-30": 0, "2019-03-31": "", "2018-12-31": 0, "2018-09-30": 0, "2018-06-30": 0, "2018-03-31": "", "2017-12-31": 0, "2017-09-30": 0, "2017-06-30": 0, "2017-03-31": "", "2016-12-31": 0, "2016-09-30": 0, "2016-06-30": 0, "2016-03-31": "", "2015-12-31": 700, "2015-09-30": 225, "2015-06-30": -925, "2015-03-31": "", "2014-12-31": 0, "2014-09-30": 0, "2014-06-30": 0, "2014-03-31": "", "2013-12-31": 0, "2013-09-30": 0, "2013-06-30": 0, "2013-03-31": "", "2012-12-31": 0, "2012-09-30": 0, "2012-06-30": 0, "2012-03-31": "", "2011-12-31": 0, "2011-09-30": 0, "2011-06-30": 0, "2011-03-31": "", "2010-12-31": 0, "2010-09-30": 0, "2010-06-30": 0, "2010-03-31": "", "2009-12-31": 0, "2009-09-30": 0, "2009-06-30": 0, "2009-03-31": "", "2008-12-31": 0, "2008-09-30": 0, "2008-06-30": 0, "2008-03-31": "", "2007-12-31": 0, "2007-09-30": 0, "2007-06-30": 0, "2007-03-31": "", "2006-12-31": 0, "2006-09-30": 0, "2006-06-30": 0, "2006-03-31": "", "2005-12-31": 0, "2005-09-30": 0, "2005-06-30": 0, "2005-03-31": ""}, "Net Change In Long-Term Investments": {"2020-09-30": 0, "2020-06-30": 0, "2020-03-31": "7.00000", "2019-12-31": 13, "2019-09-30": 2, "2019-06-30": 37, "2019-03-31": "12.00000", "2018-12-31": 9, "2018-09-30": 16, "2018-06-30": 23, "2018-03-31": "9.00000", "2017-12-31": 15, "2017-09-30": 0, "2017-06-30": 37, "2017-03-31": "12.00000", "2016-12-31": 8, "2016-09-30": 10, "2016-06-30": 23, "2016-03-31": "14.00000", "2015-12-31": 16, "2015-09-30": 30, "2015-06-30": 21, "2015-03-31": "10.00000", "2014-12-31": 15, "2014-09-30": 19, "2014-06-30": 7, "2014-03-31": "20.00000", "2013-12-31": 16, "2013-09-30": 16, "2013-06-30": 11, "2013-03-31": "18.00000", "2012-12-31": 15, "2012-09-30": 21, "2012-06-30": 6, "2012-03-31": "15.00000", "2011-12-31": 18, "2011-09-30": 5, "2011-06-30": 28, "2011-03-31": "8.00000", "2010-12-31": 23, "2010-09-30": 0, "2010-06-30": 28, "2010-03-31": "7.00000", "2009-12-31": 59, "2009-09-30": -35, "2009-06-30": 12, "2009-03-31": "23.00000", "2008-12-31": -24, "2008-09-30": 0, "2008-06-30": 38, "2008-03-31": "-38.00000", "2007-12-31": -2, "2007-09-30": -23, "2007-06-30": -25, "2007-03-31": "-5.00000", "2006-12-31": 66, "2006-09-30": 71, "2006-06-30": 57, "2006-03-31": "87.00000", "2005-12-31": 22, "2005-09-30": -4, "2005-06-30": -1, "2005-03-31": "-30.00000"}, "Net Change In Investments - Total": {"2020-09-30": 0, "2020-06-30": 0, "2020-03-31": "7.00000", "2019-12-31": 13, "2019-09-30": 2, "2019-06-30": 37, "2019-03-31": "12.00000", "2018-12-31": 9, "2018-09-30": 16, "2018-06-30": 23, "2018-03-31": "9.00000", "2017-12-31": 15, "2017-09-30": 0, "2017-06-30": 37, "2017-03-31": "12.00000", "2016-12-31": 8, "2016-09-30": 10, "2016-06-30": 23, "2016-03-31": "14.00000", "2015-12-31": 716, "2015-09-30": 255, "2015-06-30": -904, "2015-03-31": "10.00000", "2014-12-31": 15, "2014-09-30": 19, "2014-06-30": 7, "2014-03-31": "20.00000", "2013-12-31": 16, "2013-09-30": 16, "2013-06-30": 11, "2013-03-31": "18.00000", "2012-12-31": 15, "2012-09-30": 21, "2012-06-30": 6, "2012-03-31": "15.00000", "2011-12-31": 18, "2011-09-30": 5, "2011-06-30": 28, "2011-03-31": "8.00000", "2010-12-31": 23, "2010-09-30": 0, "2010-06-30": 28, "2010-03-31": "7.00000", "2009-12-31": 59, "2009-09-30": -35, "2009-06-30": 12, "2009-03-31": "23.00000", "2008-12-31": -24, "2008-09-30": 0, "2008-06-30": 38, "2008-03-31": "-38.00000", "2007-12-31": -2, "2007-09-30": -23, "2007-06-30": -25, "2007-03-31": "-5.00000", "2006-12-31": 66, "2006-09-30": 71, "2006-06-30": 57, "2006-03-31": "87.00000", "2005-12-31": 22, "2005-09-30": -4, "2005-06-30": -1, "2005-03-31": "-30.00000"}, "Investing Activities - Other": {"2020-09-30": 0, "2020-06-30": 0, "2020-03-31": "", "2019-12-31": -1, "2019-09-30": 29, "2019-06-30": -39, "2019-03-31": "12.00000", "2018-12-31": 2, "2018-09-30": 4, "2018-06-30": 9, "2018-03-31": "-2.00000", "2017-12-31": -2, "2017-09-30": 2, "2017-06-30": 3, "2017-03-31": "-8.00000", "2016-12-31": 31, "2016-09-30": -9, "2016-06-30": -29, "2016-03-31": "6.00000", "2015-12-31": -41, "2015-09-30": 23, "2015-06-30": 1, "2015-03-31": "-2.00000", "2014-12-31": -6, "2014-09-30": -147, "2014-06-30": -142, "2014-03-31": "-91.00000", "2013-12-31": -114, "2013-09-30": -145, "2013-06-30": -210, "2013-03-31": "-46.00000", "2012-12-31": -618, "2012-09-30": 108, "2012-06-30": -47, "2012-03-31": "-12.00000", "2011-12-31": -188, "2011-09-30": -22, "2011-06-30": -469, "2011-03-31": "-109.00000", "2010-12-31": 431, "2010-09-30": -271, "2010-06-30": -660, "2010-03-31": "-11.00000", "2009-12-31": -2770, "2009-09-30": 146, "2009-06-30": -121, "2009-03-31": "-15.00000", "2008-12-31": 415, "2008-09-30": 47, "2008-06-30": 32, "2008-03-31": "115.00000", "2007-12-31": 2, "2007-09-30": 165, "2007-06-30": -9, "2007-03-31": "-1.00000", "2006-12-31": 2, "2006-09-30": 1, "2006-06-30": -18, "2006-03-31": "-13.00000", "2005-12-31": -26, "2005-09-30": -17, "2005-06-30": -69, "2005-03-31": "6.00000"}, "Cash Flow From Investing Activities": {"2020-09-30": -145, "2020-06-30": -304, "2020-03-31": "-611.00000", "2019-12-31": -894, "2019-09-30": -795, "2019-06-30": -565, "2019-03-31": "-564.00000", "2018-12-31": -549, "2018-09-30": -689, "2018-06-30": -681, "2018-03-31": "449.00000", "2017-12-31": -691, "2017-09-30": -520, "2017-06-30": -374, "2017-03-31": "-459.00000", "2016-12-31": 166, "2016-09-30": -954, "2016-06-30": 376, "2016-03-31": "-421.00000", "2015-12-31": 258, "2015-09-30": -247, "2015-06-30": -1771, "2015-03-31": "-1442.00000", "2014-12-31": 2, "2014-09-30": -1544, "2014-06-30": -1252, "2014-03-31": "1048.00000", "2013-12-31": -1110, "2013-09-30": -1112, "2013-06-30": -1262, "2013-03-31": "-1037.00000", "2012-12-31": -1408, "2012-09-30": -2030, "2012-06-30": -1195, "2012-03-31": "-806.00000", "2011-12-31": -5056, "2011-09-30": -738, "2011-06-30": -1040, "2011-03-31": "-833.00000", "2010-12-31": -365, "2010-09-30": -1114, "2010-06-30": -1132, "2010-03-31": "-10.00000", "2009-12-31": -1072, "2009-09-30": -1260, "2009-06-30": -1348, "2009-03-31": "-1558.00000", "2008-12-31": -605, "2008-09-30": -1642, "2008-06-30": -1701, "2008-03-31": "-1457.00000", "2007-12-31": -4872, "2007-09-30": -881, "2007-06-30": -1017, "2007-03-31": "-711.00000", "2006-12-31": -1103, "2006-09-30": -995, "2006-06-30": 130, "2006-03-31": "-987.00000", "2005-12-31": -816, "2005-09-30": -604, "2005-06-30": -1163, "2005-03-31": "-544.00000"}, "Net Long-Term Debt": {"2020-09-30": 400, "2020-06-30": 0, "2020-03-31": "", "2019-12-31": 0, "2019-09-30": 0, "2019-06-30": 0, "2019-03-31": "", "2018-12-31": 0, "2018-09-30": 0, "2018-06-30": 0, "2018-03-31": "", "2017-12-31": -1000, "2017-09-30": -775, "2017-06-30": -1, "2017-03-31": "", "2016-12-31": 0, "2016-09-30": -1, "2016-06-30": 0, "2016-03-31": "", "2015-12-31": -1035, "2015-09-30": 0, "2015-06-30": 1962, "2015-03-31": "", "2014-12-31": -34, "2014-09-30": 0, "2014-06-30": -34, "2014-03-31": "", "2013-12-31": -34, "2013-09-30": 0, "2013-06-30": -34, "2013-03-31": "-114.00000", "2012-12-31": 1963, "2012-09-30": 0, "2012-06-30": -58, "2012-03-31": "-53.00000", "2011-12-31": -34, "2011-09-30": 0, "2011-06-30": -34, "2011-03-31": "-2809.00000", "2010-12-31": -33, "2010-09-30": 0, "2010-06-30": -618, "2010-03-31": "-2.00000", "2009-12-31": -25, "2009-09-30": -3, "2009-06-30": -37, "2009-03-31": "1488.00000", "2008-12-31": -36, "2008-09-30": 0, "2008-06-30": -85, "2008-03-31": "2.00000", "2007-12-31": 37, "2007-09-30": 1421, "2007-06-30": 119, "2007-03-31": "-10.00000", "2006-12-31": -197, "2006-09-30": -1, "2006-06-30": -1, "2006-03-31": "-302.00000", "2005-12-31": -1, "2005-09-30": -1923, "2005-06-30": -2, "2005-03-31": "-2.00000"}, "Net Current Debt": {"2020-09-30": 0, "2020-06-30": 0, "2020-03-31": "", "2019-12-31": 0, "2019-09-30": 0, "2019-06-30": 0, "2019-03-31": "", "2018-12-31": 0, "2018-09-30": 0, "2018-06-30": 0, "2018-03-31": "", "2017-12-31": 0, "2017-09-30": 0, "2017-06-30": 0, "2017-03-31": "", "2016-12-31": 0, "2016-09-30": 0, "2016-06-30": 0, "2016-03-31": "", "2015-12-31": 0, "2015-09-30": 0, "2015-06-30": 0, "2015-03-31": "", "2014-12-31": 135, "2014-09-30": 0, "2014-06-30": 0, "2014-03-31": "-135.00000", "2013-12-31": -65, "2013-09-30": 200, "2013-06-30": 0, "2013-03-31": "-200.00000", "2012-12-31": -1639, "2012-09-30": 1289, "2012-06-30": 550, "2012-03-31": "", "2011-12-31": 0, "2011-09-30": 0, "2011-06-30": 0, "2011-03-31": "", "2010-12-31": 0, "2010-09-30": 0, "2010-06-30": 0, "2010-03-31": "", "2009-12-31": 0, "2009-09-30": 0, "2009-06-30": 0, "2009-03-31": "", "2008-12-31": -1288, "2008-09-30": 308, "2008-06-30": 22, "2008-03-31": "958.00000", "2007-12-31": 0, "2007-09-30": 0, "2007-06-30": 0, "2007-03-31": "", "2006-12-31": 0, "2006-09-30": 0, "2006-06-30": 0, "2006-03-31": "", "2005-12-31": -285, "2005-09-30": -305, "2005-06-30": 590, "2005-03-31": ""}, "Debt Issuance/Retirement Net - Total": {"2020-09-30": 400, "2020-06-30": 0, "2020-03-31": "", "2019-12-31": 0, "2019-09-30": 0, "2019-06-30": 0, "2019-03-31": "", "2018-12-31": 0, "2018-09-30": 0, "2018-06-30": 0, "2018-03-31": "", "2017-12-31": -1000, "2017-09-30": -775, "2017-06-30": -1, "2017-03-31": "", "2016-12-31": 0, "2016-09-30": -1, "2016-06-30": 0, "2016-03-31": "", "2015-12-31": -1035, "2015-09-30": 0, "2015-06-30": 1962, "2015-03-31": "", "2014-12-31": 101, "2014-09-30": 0, "2014-06-30": -34, "2014-03-31": "-135.00000", "2013-12-31": -99, "2013-09-30": 200, "2013-06-30": -34, "2013-03-31": "-314.00000", "2012-12-31": 324, "2012-09-30": 1289, "2012-06-30": 492, "2012-03-31": "-53.00000", "2011-12-31": -34, "2011-09-30": 0, "2011-06-30": -34, "2011-03-31": "-2809.00000", "2010-12-31": -33, "2010-09-30": 0, "2010-06-30": -618, "2010-03-31": "-2.00000", "2009-12-31": -25, "2009-09-30": -3, "2009-06-30": -37, "2009-03-31": "1488.00000", "2008-12-31": -1324, "2008-09-30": 308, "2008-06-30": -63, "2008-03-31": "960.00000", "2007-12-31": 37, "2007-09-30": 1421, "2007-06-30": 119, "2007-03-31": "-10.00000", "2006-12-31": -197, "2006-09-30": -1, "2006-06-30": -1, "2006-03-31": "-302.00000", "2005-12-31": -286, "2005-09-30": -2228, "2005-06-30": 588, "2005-03-31": "-2.00000"}, "Net Common Equity Issued/Repurchased": {"2020-09-30": 0, "2020-06-30": 0, "2020-03-31": "-92.00000", "2019-12-31": -66, "2019-09-30": -30, "2019-06-30": -236, "2019-03-31": "-30.00000", "2018-12-31": -364, "2018-09-30": -338, "2018-06-30": -2, "2018-03-31": "-9.00000", "2017-12-31": -1, "2017-09-30": 0, "2017-06-30": -3, "2017-03-31": "-7.00000", "2016-12-31": -1, "2016-09-30": -1, "2016-06-30": 0, "2016-03-31": "1232.00000", "2015-12-31": -11, "2015-09-30": 0, "2015-06-30": 0, "2015-03-31": "", "2014-12-31": 0, "2014-09-30": 0, "2014-06-30": -449, "2014-03-31": "-551.00000", "2013-12-31": 0, "2013-09-30": -500, "2013-06-30": 0, "2013-03-31": "", "2012-12-31": 0, "2012-09-30": 0, "2012-06-30": 0, "2012-03-31": "", "2011-12-31": 0, "2011-09-30": -300, "2011-06-30": 0, "2011-03-31": "", "2010-12-31": 0, "2010-09-30": 0, "2010-06-30": 0, "2010-03-31": "", "2009-12-31": 4, "2009-09-30": 0, "2009-06-30": 0, "2009-03-31": "", "2008-12-31": 0, "2008-09-30": -107, "2008-06-30": -152, "2008-03-31": "-143.00000", "2007-12-31": -18, "2007-09-30": -19, "2007-06-30": -311, "2007-03-31": "-447.00000", "2006-12-31": -543, "2006-09-30": -570, "2006-06-30": -314, "2006-03-31": "-221.00000", "2005-12-31": 1, "2005-09-30": 16, "2005-06-30": 22, "2005-03-31": "39.00000"}, "Net Total Equity Issued/Repurchased": {"2020-09-30": 0, "2020-06-30": 0, "2020-03-31": "-92.00000", "2019-12-31": -66, "2019-09-30": -30, "2019-06-30": -236, "2019-03-31": "-30.00000", "2018-12-31": -364, "2018-09-30": -338, "2018-06-30": -2, "2018-03-31": "-9.00000", "2017-12-31": -1, "2017-09-30": 0, "2017-06-30": -3, "2017-03-31": "-7.00000", "2016-12-31": -1, "2016-09-30": -1, "2016-06-30": 0, "2016-03-31": "1232.00000", "2015-12-31": -11, "2015-09-30": 0, "2015-06-30": 0, "2015-03-31": "", "2014-12-31": 0, "2014-09-30": 0, "2014-06-30": -449, "2014-03-31": "-551.00000", "2013-12-31": 0, "2013-09-30": -500, "2013-06-30": 0, "2013-03-31": "", "2012-12-31": 0, "2012-09-30": 0, "2012-06-30": 0, "2012-03-31": "", "2011-12-31": 0, "2011-09-30": -300, "2011-06-30": 0, "2011-03-31": "", "2010-12-31": 0, "2010-09-30": 0, "2010-06-30": 0, "2010-03-31": "", "2009-12-31": 4, "2009-09-30": 0, "2009-06-30": 0, "2009-03-31": "", "2008-12-31": 0, "2008-09-30": -107, "2008-06-30": -152, "2008-03-31": "-143.00000", "2007-12-31": -18, "2007-09-30": -19, "2007-06-30": -311, "2007-03-31": "-447.00000", "2006-12-31": -543, "2006-09-30": -570, "2006-06-30": -314, "2006-03-31": "-221.00000", "2005-12-31": 1, "2005-09-30": 16, "2005-06-30": 22, "2005-03-31": "39.00000"}, "Total Common And Preferred Stock Dividends Paid": {"2020-09-30": 0, "2020-06-30": 0, "2020-03-31": "-40.00000", "2019-12-31": -40, "2019-09-30": -40, "2019-06-30": -41, "2019-03-31": "-41.00000", "2018-12-31": -41, "2018-09-30": -43, "2018-06-30": -43, "2018-03-31": "-42.00000", "2017-12-31": -42, "2017-09-30": -43, "2017-06-30": -43, "2017-03-31": "-42.00000", "2016-12-31": -43, "2016-09-30": -42, "2016-06-30": -43, "2016-03-31": "-34.00000", "2015-12-31": -33, "2015-09-30": -142, "2015-06-30": -143, "2015-03-31": "-142.00000", "2014-12-31": -142, "2014-09-30": -141, "2014-06-30": -127, "2014-03-31": "-133.00000", "2013-12-31": -132, "2013-09-30": -135, "2013-06-30": -121, "2013-03-31": "-120.00000", "2012-12-31": -120, "2012-09-30": -120, "2012-06-30": -119, "2012-03-31": "-121.00000", "2011-12-31": -105, "2011-09-30": -106, "2011-06-30": -178, "2011-03-31": "-178.00000", "2010-12-31": -178, "2010-09-30": -176, "2010-06-30": -178, "2010-03-31": "-172.00000", "2009-12-31": -169, "2009-09-30": -170, "2009-06-30": -170, "2009-03-31": "-170.00000", "2008-12-31": -170, "2008-09-30": -169, "2008-06-30": -172, "2008-03-31": "-170.00000", "2007-12-31": -172, "2007-09-30": -163, "2007-06-30": -164, "2007-03-31": "-138.00000", "2006-12-31": -140, "2006-09-30": -142, "2006-06-30": -144, "2006-03-31": "-121.00000", "2005-12-31": -122, "2005-09-30": -120, "2005-06-30": -97, "2005-03-31": "-97.00000"}, "Financial Activities - Other": {"2020-09-30": -3, "2020-06-30": 0, "2020-03-31": "1.00000", "2019-12-31": -7, "2019-09-30": -2, "2019-06-30": -1, "2019-03-31": "-1.00000", "2018-12-31": 1, "2018-09-30": 4, "2018-06-30": 16, "2018-03-31": "2.00000", "2017-12-31": 0, "2017-09-30": -46, "2017-06-30": 1, "2017-03-31": "-1.00000", "2016-12-31": 1, "2016-09-30": 0, "2016-06-30": 0, "2016-03-31": "", "2015-12-31": 0, "2015-09-30": 3, "2015-06-30": -12, "2015-03-31": "4.00000", "2014-12-31": -132, "2014-09-30": 64, "2014-06-30": 77, "2014-03-31": "9.00000", "2013-12-31": 23, "2013-09-30": 24, "2013-06-30": 25, "2013-03-31": "21.00000", "2012-12-31": 11, "2012-09-30": 6, "2012-06-30": -6, "2012-03-31": "17.00000", "2011-12-31": 26, "2011-09-30": 3, "2011-06-30": -1569, "2011-03-31": "2989.00000", "2010-12-31": 2, "2010-09-30": 0, "2010-06-30": -2, "2010-03-31": "2.00000", "2009-12-31": -12, "2009-09-30": 0, "2009-06-30": -1, "2009-03-31": "-11.00000", "2008-12-31": -1, "2008-09-30": 4, "2008-06-30": 7, "2008-03-31": "-1.00000", "2007-12-31": 4, "2007-09-30": -10, "2007-06-30": 15, "2007-03-31": "40.00000", "2006-12-31": 25, "2006-09-30": 35, "2006-06-30": 15, "2006-03-31": "40.00000", "2005-12-31": 38, "2005-09-30": 63, "2005-06-30": -233, "2005-03-31": "73.00000"}, "Cash Flow From Financial Activities": {"2020-09-30": 397, "2020-06-30": 0, "2020-03-31": "-131.00000", "2019-12-31": -113, "2019-09-30": -72, "2019-06-30": -278, "2019-03-31": "-72.00000", "2018-12-31": -404, "2018-09-30": -377, "2018-06-30": -29, "2018-03-31": "-49.00000", "2017-12-31": -1043, "2017-09-30": -864, "2017-06-30": -46, "2017-03-31": "-50.00000", "2016-12-31": -43, "2016-09-30": -44, "2016-06-30": -43, "2016-03-31": "1198.00000", "2015-12-31": -1079, "2015-09-30": -139, "2015-06-30": 1807, "2015-03-31": "-138.00000", "2014-12-31": -173, "2014-09-30": -77, "2014-06-30": -533, "2014-03-31": "-810.00000", "2013-12-31": -208, "2013-09-30": -411, "2013-06-30": -130, "2013-03-31": "-413.00000", "2012-12-31": 215, "2012-09-30": 1175, "2012-06-30": 367, "2012-03-31": "-157.00000", "2011-12-31": -113, "2011-09-30": -403, "2011-06-30": -1781, "2011-03-31": "2.00000", "2010-12-31": -209, "2010-09-30": -176, "2010-06-30": -798, "2010-03-31": "-172.00000", "2009-12-31": -202, "2009-09-30": -173, "2009-06-30": -208, "2009-03-31": "1307.00000", "2008-12-31": -1495, "2008-09-30": 36, "2008-06-30": -380, "2008-03-31": "646.00000", "2007-12-31": -149, "2007-09-30": 1229, "2007-06-30": -341, "2007-03-31": "-555.00000", "2006-12-31": -855, "2006-09-30": -678, "2006-06-30": -444, "2006-03-31": "-604.00000", "2005-12-31": -369, "2005-09-30": -2269, "2005-06-30": 280, "2005-03-31": "13.00000"}, "Net Cash Flow": {"2020-09-30": 597, "2020-06-30": -295, "2020-03-31": "-41.00000", "2019-12-31": -307, "2019-09-30": -131, "2019-06-30": -46, "2019-03-31": "-120.00000", "2018-12-31": -102, "2018-09-30": -103, "2018-06-30": 54, "2018-03-31": "1050.00000", "2017-12-31": -1232, "2017-09-30": -819, "2017-06-30": 124, "2017-03-31": "2.00000", "2016-12-31": 700, "2016-09-30": -730, "2016-06-30": 540, "2016-03-31": "859.00000", "2015-12-31": -370, "2015-09-30": 108, "2015-06-30": 446, "2015-03-31": "-1272.00000", "2014-12-31": 1637, "2014-09-30": -408, "2014-06-30": -795, "2014-03-31": "1700.00000", "2013-12-31": -90, "2013-09-30": 108, "2013-06-30": -522, "2013-03-31": "84.00000", "2012-12-31": 13, "2012-09-30": 219, "2012-06-30": -61, "2012-03-31": "20.00000", "2011-12-31": -4140, "2011-09-30": -78, "2011-06-30": -1005, "2011-03-31": "1765.00000", "2010-12-31": 2308, "2010-09-30": -419, "2010-06-30": -656, "2010-03-31": "661.00000", "2009-12-31": 687, "2009-09-30": -126, "2009-06-30": -373, "2009-03-31": "584.00000", "2008-12-31": -194, "2008-09-30": 209, "2008-06-30": 81, "2008-03-31": "-10.00000", "2007-12-31": -2070, "2007-09-30": 938, "2007-06-30": -16, "2007-03-31": "-238.00000", "2006-12-31": -212, "2006-09-30": -229, "2006-06-30": 1757, "2006-03-31": "-1348.00000", "2005-12-31": 1574, "2005-09-30": -2419, "2005-06-30": 271, "2005-03-31": "-178.00000"}, "Stock-Based Compensation": {"2020-09-30": 15, "2020-06-30": 13, "2020-03-31": "15.00000", "2019-12-31": 15, "2019-09-30": 13, "2019-06-30": 18, "2019-03-31": "14.00000", "2018-12-31": 9, "2018-09-30": 16, "2018-06-30": 14, "2018-03-31": "14.00000", "2017-12-31": 11, "2017-09-30": 12, "2017-06-30": 12, "2017-03-31": "14.00000", "2016-12-31": 14, "2016-09-30": 11, "2016-06-30": 13, "2016-03-31": "13.00000", "2015-12-31": 11, "2015-09-30": 34, "2015-06-30": 0, "2015-03-31": "", "2014-12-31": 52, "2014-09-30": 0, "2014-06-30": 0, "2014-03-31": "", "2013-12-31": 0, "2013-09-30": 0, "2013-06-30": 0, "2013-03-31": "", "2012-12-31": 0, "2012-09-30": 0, "2012-06-30": 0, "2012-03-31": "", "2011-12-31": 0, "2011-09-30": 0, "2011-06-30": 0, "2011-03-31": "", "2010-12-31": 0, "2010-09-30": 0, "2010-06-30": 0, "2010-03-31": "", "2009-12-31": 0, "2009-09-30": 0, "2009-06-30": 0, "2009-03-31": "", "2008-12-31": 0, "2008-09-30": 0, "2008-06-30": 0, "2008-03-31": "", "2007-12-31": 0, "2007-09-30": 0, "2007-06-30": 0, "2007-03-31": "", "2006-12-31": 0, "2006-09-30": 0, "2006-06-30": 0, "2006-03-31": "", "2005-12-31": 0, "2005-09-30": 0, "2005-06-30": 0, "2005-03-31": ""}, "Common Stock Dividends Paid": {"2020-09-30": 0, "2020-06-30": 0, "2020-03-31": "-40.00000", "2019-12-31": -40, "2019-09-30": -40, "2019-06-30": -41, "2019-03-31": "-41.00000", "2018-12-31": -41, "2018-09-30": -43, "2018-06-30": -43, "2018-03-31": "-42.00000", "2017-12-31": -42, "2017-09-30": -43, "2017-06-30": -43, "2017-03-31": "-42.00000", "2016-12-31": -43, "2016-09-30": -42, "2016-06-30": -43, "2016-03-31": "-34.00000", "2015-12-31": -33, "2015-09-30": -142, "2015-06-30": -143, "2015-03-31": "-142.00000", "2014-12-31": -142, "2014-09-30": -141, "2014-06-30": -127, "2014-03-31": "-133.00000", "2013-12-31": -132, "2013-09-30": -135, "2013-06-30": -121, "2013-03-31": "-120.00000", "2012-12-31": -120, "2012-09-30": -120, "2012-06-30": -119, "2012-03-31": "-121.00000", "2011-12-31": -105, "2011-09-30": -106, "2011-06-30": -178, "2011-03-31": "-178.00000", "2010-12-31": -178, "2010-09-30": -176, "2010-06-30": -178, "2010-03-31": "-172.00000", "2009-12-31": -169, "2009-09-30": -170, "2009-06-30": -170, "2009-03-31": "-170.00000", "2008-12-31": -170, "2008-09-30": -169, "2008-06-30": -172, "2008-03-31": "-170.00000", "2007-12-31": -172, "2007-09-30": -163, "2007-06-30": -164, "2007-03-31": "-138.00000", "2006-12-31": -140, "2006-09-30": -142, "2006-06-30": -144, "2006-03-31": "-121.00000", "2005-12-31": -122, "2005-09-30": -120, "2005-06-30": -97, "2005-03-31": "-97.00000"}}, "financial ratios": {"Current Ratio": {"2019-12-31": "1.22350", "2018-12-31": "1.59440", "2017-12-31": "1.30390", "2016-12-31": "1.63620", "2015-12-31": "1.49800", "2014-12-31": "1.04890", "2013-12-31": "0.68660", "2012-12-31": "0.74040", "2011-12-31": "0.73370", "2010-12-31": "1.24440", "2009-12-31": "1.17450", "2008-12-31": "1.08380", "2007-12-31": "0.94020", "2006-12-31": "1.25250", "2005-12-31": "1.15070"}, "Long-term Debt / Capital": {"2019-12-31": "0.31160", "2018-12-31": "0.31200", "2017-12-31": "0.31940", "2016-12-31": "0.27280", "2015-12-31": "0.28170", "2014-12-31": "0.20120", "2013-12-31": "0.24840", "2012-12-31": "0.26260", "2011-12-31": "0.21410", "2010-12-31": "0.24230", "2009-12-31": "0.27800", "2008-12-31": "0.24870", "2007-12-31": "0.24040", "2006-12-31": "0.17330", "2005-12-31": "0.24010"}, "Debt/Equity Ratio": {"2019-12-31": "0.45260", "2018-12-31": "0.45340", "2017-12-31": "0.46930", "2016-12-31": "0.41430", "2015-12-31": "0.39220", "2014-12-31": "0.30270", "2013-12-31": "0.34100", "2012-12-31": "0.37720", "2011-12-31": "0.28060", "2010-12-31": "0.33220", "2009-12-31": "0.38940", "2008-12-31": "0.33560", "2007-12-31": "0.37530", "2006-12-31": "0.24180", "2005-12-31": "0.34280"}, "Gross Margin": {"2019-12-31": "85.93720", "2018-12-31": "85.73370", "2017-12-31": "79.95010", "2016-12-31": "70.17920", "2015-12-31": "68.09060", "2014-12-31": "59.88380", "2013-12-31": "62.63130", "2012-12-31": "59.77770", "2011-12-31": "60.12680", "2010-12-31": "57.58770", "2009-12-31": "61.09810", "2008-12-31": "21.36340", "2007-12-31": "22.78460", "2006-12-31": "26.00310", "2005-12-31": "19.99020"}, "Operating Margin": {"2019-12-31": "12.56170", "2018-12-31": "28.24470", "2017-12-31": "-2.58560", "2016-12-31": "-22.55870", "2015-12-31": "-46.45090", "2014-12-31": "14.74280", "2013-12-31": "23.58500", "2012-12-31": "27.79540", "2011-12-31": "32.92660", "2010-12-31": "36.13350", "2009-12-31": "33.84560", "2008-12-31": "8.85110", "2007-12-31": "8.91630", "2006-12-31": "12.96540", "2005-12-31": "7.75250"}, "EBIT Margin": {"2019-12-31": "12.56170", "2018-12-31": "28.24470", "2017-12-31": "-2.58560", "2016-12-31": "-22.55870", "2015-12-31": "-46.45090", "2014-12-31": "14.74280", "2013-12-31": "23.58500", "2012-12-31": "27.79540", "2011-12-31": "32.92660", "2010-12-31": "36.13350", "2009-12-31": "33.84560", "2008-12-31": "8.85110", "2007-12-31": "8.91630", "2006-12-31": "12.96540", "2005-12-31": "7.75250"}, "EBITDA Margin": {"2019-12-31": "59.90520", "2018-12-31": "69.60350", "2017-12-31": "51.21340", "2016-12-31": "44.06680", "2015-12-31": "12.25460", "2014-12-31": "42.33820", "2013-12-31": "46.50770", "2012-12-31": "44.57630", "2011-12-31": "48.35370", "2010-12-31": "53.72110", "2009-12-31": "56.53450", "2008-12-31": "13.44710", "2007-12-31": "11.35640", "2006-12-31": "15.30450", "2005-12-31": "9.82120"}, "Pre-Tax Profit Margin": {"2019-12-31": "7.74240", "2018-12-31": "24.17820", "2017-12-31": "-10.29710", "2016-12-31": "-35.97030", "2015-12-31": "-52.62140", "2014-12-31": "12.54840", "2013-12-31": "21.13020", "2012-12-31": "25.94020", "2011-12-31": "30.29520", "2010-12-31": "34.70490", "2009-12-31": "32.41440", "2008-12-31": "8.81460", "2007-12-31": "10.24710", "2006-12-31": "13.83600", "2005-12-31": "7.49370"}, "Net Profit Margin": {"2019-12-31": "9.48050", "2018-12-31": "18.57000", "2017-12-31": "-129.80270", "2016-12-31": "-66.13100", "2015-12-31": "-47.55120", "2014-12-31": "28.08410", "2013-12-31": "15.47900", "2012-12-31": "13.22080", "2011-12-31": "20.08320", "2010-12-31": "21.96750", "2009-12-31": "17.16330", "2008-12-31": "4.60640", "2007-12-31": "6.17200", "2006-12-31": "8.06520", "2005-12-31": "4.81380"}, "Asset Turnover": {"2019-12-31": "0.25010", "2018-12-31": "0.27680", "2017-12-31": "0.20030", "2016-12-31": "0.10410", "2015-12-31": "0.14340", "2014-12-31": "0.30140", "2013-12-31": "0.31790", "2012-12-31": "0.33890", "2011-12-31": "0.46760", "2010-12-31": "0.23370", "2009-12-31": "0.18120", "2008-12-31": "1.79420", "2007-12-31": "1.49950", "2006-12-31": "2.10490", "2005-12-31": "2.21020"}, "Inventory Turnover Ratio": {"2019-12-31": "9.88890", "2018-12-31": "8.77080", "2017-12-31": "7.01590", "2016-12-31": "7.09560", "2015-12-31": "4.72520", "2014-12-31": "12.18770", "2013-12-31": "11.62640", "2012-12-31": "13.33240", "2011-12-31": "16.20220", "2010-12-31": "1.43590", "2009-12-31": "0.91550", "2008-12-31": "17.17340", "2007-12-31": "15.10280", "2006-12-31": "15.13430", "2005-12-31": "16.57190"}, "Receiveable Turnover": {"2019-12-31": "4.51250", "2018-12-31": "5.46990", "2017-12-31": "4.07490", "2016-12-31": "4.32620", "2015-12-31": "5.08220", "2014-12-31": "6.27300", "2013-12-31": "5.30690", "2012-12-31": "4.94870", "2011-12-31": "7.51490", "2010-12-31": "1.93860", "2009-12-31": "1.79950", "2008-12-31": "24.31400", "2007-12-31": "11.10270", "2006-12-31": "15.41840", "2005-12-31": "17.82290"}, "Days Sales In Receivables": {"2019-12-31": "80.88680", "2018-12-31": "66.72910", "2017-12-31": "89.57360", "2016-12-31": "84.36960", "2015-12-31": "71.81880", "2014-12-31": "58.18600", "2013-12-31": "68.77790", "2012-12-31": "73.75650", "2011-12-31": "48.57050", "2010-12-31": "188.27630", "2009-12-31": "202.83960", "2008-12-31": "15.01200", "2007-12-31": "32.87480", "2006-12-31": "23.67300", "2005-12-31": "20.47930"}, "ROE - Return On Equity": {"2019-12-31": "3.94960", "2018-12-31": "9.03690", "2017-12-31": "-7.08920", "2016-12-31": "-11.89780", "2015-12-31": "-9.16830", "2014-12-31": "4.60990", "2013-12-31": "4.81290", "2012-12-31": "4.68190", "2011-12-31": "10.01220", "2010-12-31": "7.91720", "2009-12-31": "3.26790", "2008-12-31": "15.80640", "2007-12-31": "19.59110", "2006-12-31": "33.93580", "2005-12-31": "25.68130"}, "Return On Tangible Equity": {"2019-12-31": "3.98080", "2018-12-31": "9.10980", "2017-12-31": "-7.15950", "2016-12-31": "-11.97640", "2015-12-31": "-9.22550", "2014-12-31": "4.71280", "2013-12-31": "4.94030", "2012-12-31": "4.82040", "2011-12-31": "10.33510", "2010-12-31": "8.40520", "2009-12-31": "3.49470", "2008-12-31": "16.95220", "2007-12-31": "23.07030", "2006-12-31": "38.04590", "2005-12-31": "29.47640"}, "ROA - Return On Assets": {"2019-12-31": "2.37100", "2018-12-31": "5.14050", "2017-12-31": "-3.77070", "2016-12-31": "-6.71190", "2015-12-31": "-5.26450", "2014-12-31": "2.69290", "2013-12-31": "2.61370", "2012-12-31": "2.42450", "2011-12-31": "5.47640", "2010-12-31": "3.76290", "2009-12-31": "1.52170", "2008-12-31": "7.92770", "2007-12-31": "8.81020", "2006-12-31": "16.07800", "2005-12-31": "10.54810"}, "ROI - Return On Investment": {"2019-12-31": "2.71890", "2018-12-31": "6.21770", "2017-12-31": "-4.82500", "2016-12-31": "-8.65190", "2015-12-31": "-6.58560", "2014-12-31": "3.68230", "2013-12-31": "3.61720", "2012-12-31": "3.45230", "2011-12-31": "7.86880", "2010-12-31": "5.99900", "2009-12-31": "2.35950", "2008-12-31": "11.87540", "2007-12-31": "14.88130", "2006-12-31": "28.05640", "2005-12-31": "19.51570"}, "Book Value Per Share": {"2019-12-31": "15.26760", "2018-12-31": "14.80830", "2017-12-31": "13.77410", "2016-12-31": "20.70960", "2015-12-31": "27.40470", "2014-12-31": "31.14330", "2013-12-31": "27.75320", "2012-12-31": "25.86000", "2011-12-31": "24.37360", "2010-12-31": "33.48030", "2009-12-31": "30.94630", "2008-12-31": "30.32440", "2007-12-31": "27.07470", "2006-12-31": "20.98710", "2005-12-31": "15.95790"}, "Operating Cash Flow Per Share": {"2019-12-31": -0.4244, "2018-12-31": 1.4794, "2017-12-31": 1.2387, "2016-12-31": -1.2278, "2015-12-31": -5.7058, "2014-12-31": 0.6007, "2013-12-31": 1.7753, "2012-12-31": -3.4796, "2011-12-31": 0.8929, "2010-12-31": 0.8351, "2009-12-31": -2.0605, "2008-12-31": 0.9806, "2007-12-31": 0.8881, "2006-12-31": 1.0022, "2005-12-31": 6.5989}, "Free Cash Flow Per Share": {"2019-12-31": -1.8332, "2018-12-31": -0.0599, "2017-12-31": 0.971, "2016-12-31": 3.6058, "2015-12-31": -8.4713, "2014-12-31": 4.1828, "2013-12-31": 1.6279, "2012-12-31": -5.5075, "2011-12-31": 0.4813, "2010-12-31": 1.3583, "2009-12-31": 2.7724, "2008-12-31": -2.2119, "2007-12-31": 0.2487, "2006-12-31": 0.1447, "2005-12-31": 2.8872}}, "financial ratios, quarterly": {"Current Ratio": {"2020-09-30": "1.22730", "2020-06-30": "1.31920", "2020-03-31": "1.32390", "2019-12-31": "1.22350", "2019-09-30": "1.05930", "2019-06-30": "1.08780", "2019-03-31": "1.49410", "2018-12-31": "1.59440", "2018-09-30": "1.43090", "2018-06-30": "1.51030", "2018-03-31": "1.52020", "2017-12-31": "1.30390", "2017-09-30": "2.09420", "2017-06-30": "2.12490", "2017-03-31": "1.20780", "2016-12-31": "1.63620", "2016-09-30": "2.16050", "2016-06-30": "2.71640", "2016-03-31": "2.14150", "2015-12-31": "1.49800", "2015-09-30": "1.35460", "2015-06-30": "1.35320", "2015-03-31": "0.83350", "2014-12-31": "1.04890", "2014-09-30": "1.00670", "2014-06-30": "1.06140", "2014-03-31": "1.10960", "2013-12-31": "0.68660", "2013-09-30": "0.73940", "2013-06-30": "0.81860", "2013-03-31": "0.81590", "2012-12-31": "0.74040", "2012-09-30": "0.59530", "2012-06-30": "0.69370", "2012-03-31": "0.73720", "2011-12-31": "0.73370", "2011-09-30": "1.73430", "2011-06-30": "1.75780", "2011-03-31": "1.33890", "2010-12-31": "1.24440", "2010-09-30": "1.20780", "2010-06-30": "1.21050", "2010-03-31": "1.25080", "2009-12-31": "1.17450", "2009-09-30": "1.16760", "2009-06-30": "1.17250", "2009-03-31": "1.23890", "2008-12-31": "1.08380", "2008-09-30": "1.00780", "2008-06-30": "0.94790", "2008-03-31": "0.98090", "2007-12-31": "0.94020", "2007-09-30": "1.52620", "2007-06-30": "1.32750", "2007-03-31": "1.16820", "2006-12-31": "1.25250", "2006-09-30": "1.33630", "2006-06-30": "1.28820", "2006-03-31": "1.19630", "2005-12-31": "1.15070", "2005-09-30": "1.17460", "2005-06-30": "1.06770", "2005-03-31": "1.72400"}, "Long-term Debt / Capital": {"2020-09-30": "0.33170", "2020-06-30": "0.33000", "2020-03-31": "0.31510", "2019-12-31": "0.31160", "2019-09-30": "0.28550", "2019-06-30": "0.28830", "2019-03-31": "0.31060", "2018-12-31": "0.31200", "2018-09-30": "0.31340", "2018-06-30": "0.31180", "2018-03-31": "0.31350", "2017-12-31": "0.31940", "2017-09-30": "0.35530", "2017-06-30": "0.35120", "2017-03-31": "0.31260", "2016-12-31": "0.27280", "2016-09-30": "0.27780", "2016-06-30": "0.27540", "2016-03-31": "0.27340", "2015-12-31": "0.28170", "2015-09-30": "0.27470", "2015-06-30": "0.26580", "2015-03-31": "0.20500", "2014-12-31": "0.20120", "2014-09-30": "0.23910", "2014-06-30": "0.24250", "2014-03-31": "0.24400", "2013-12-31": "0.24840", "2013-09-30": "0.25300", "2013-06-30": "0.25260", "2013-03-31": "0.25840", "2012-12-31": "0.26260", "2012-09-30": "0.20010", "2012-06-30": "0.20240", "2012-03-31": "0.20660", "2011-12-31": "0.21410", "2011-09-30": "0.21920", "2011-06-30": "0.21900", "2011-03-31": "0.24440", "2010-12-31": "0.24230", "2010-09-30": "0.25140", "2010-06-30": "0.25530", "2010-03-31": "0.27520", "2009-12-31": "0.27800", "2009-09-30": "0.27980", "2009-06-30": "0.28080", "2009-03-31": "0.28540", "2008-12-31": "0.24870", "2008-09-30": "0.24390", "2008-06-30": "0.25980", "2008-03-31": "0.26520", "2007-12-31": "0.24040", "2007-09-30": "0.25390", "2007-06-30": "0.21130", "2007-03-31": "0.15210", "2006-12-31": "0.17330", "2006-09-30": "0.18270", "2006-06-30": "0.19290", "2006-03-31": "0.23260", "2005-12-31": "0.24010", "2005-09-30": "0.25940", "2005-06-30": "0.27320", "2005-03-31": "0.32490"}, "Debt/Equity Ratio": {"2020-09-30": "0.54210", "2020-06-30": "0.49240", "2020-03-31": "0.46010", "2019-12-31": "0.45260", "2019-09-30": "0.44850", "2019-06-30": "0.45470", "2019-03-31": "0.45060", "2018-12-31": "0.45340", "2018-09-30": "0.45650", "2018-06-30": "0.45310", "2018-03-31": "0.45660", "2017-12-31": "0.46930", "2017-09-30": "0.55100", "2017-06-30": "0.58550", "2017-03-31": "0.57720", "2016-12-31": "0.41430", "2016-09-30": "0.38460", "2016-06-30": "0.38010", "2016-03-31": "0.37630", "2015-12-31": "0.39220", "2015-09-30": "0.43230", "2015-06-30": "0.41330", "2015-03-31": "0.30950", "2014-12-31": "0.30270", "2014-09-30": "0.31760", "2014-06-30": "0.32360", "2014-03-31": "0.32620", "2013-12-31": "0.34100", "2013-09-30": "0.35280", "2013-06-30": "0.34150", "2013-03-31": "0.35210", "2012-12-31": "0.37720", "2012-09-30": "0.36200", "2012-06-30": "0.29520", "2012-03-31": "0.27170", "2011-12-31": "0.28060", "2011-09-30": "0.30100", "2011-06-30": "0.30060", "2011-03-31": "0.33760", "2010-12-31": "0.33220", "2010-09-30": "0.34000", "2010-06-30": "0.34720", "2010-03-31": "0.38410", "2009-12-31": "0.38940", "2009-09-30": "0.39320", "2009-06-30": "0.39520", "2009-03-31": "0.40400", "2008-12-31": "0.33560", "2008-09-30": "0.38550", "2008-06-30": "0.40410", "2008-03-31": "0.41660", "2007-12-31": "0.37530", "2007-09-30": "0.36570", "2007-06-30": "0.29450", "2007-03-31": "0.23840", "2006-12-31": "0.24180", "2006-09-30": "0.25530", "2006-06-30": "0.27280", "2006-03-31": "0.30430", "2005-12-31": "0.34280", "2005-09-30": "0.40680", "2005-06-30": "0.65940", "2005-03-31": "0.48330"}, "Gross Margin": {"2020-09-30": "83.04860", "2020-06-30": "73.67350", "2020-03-31": "84.37500", "2019-12-31": "86.29360", "2019-09-30": "86.94960", "2019-06-30": "86.02460", "2019-03-31": "84.41670", "2018-12-31": "85.14490", "2018-09-30": "86.02080", "2018-06-30": "85.83280", "2018-03-31": "85.88160", "2017-12-31": "82.98340", "2017-09-30": "79.22300", "2017-06-30": "76.94770", "2017-03-31": "79.38260", "2016-12-31": "76.84630", "2016-09-30": "72.12540", "2016-06-30": "65.83440", "2016-03-31": "61.92810", "2015-12-31": "205.41520", "2015-09-30": "64.59540", "2015-06-30": "57.58390", "2015-03-31": "56.26690", "2014-12-31": "60.63390", "2014-09-30": "60.03480", "2014-06-30": "59.27980", "2014-03-31": "59.70260", "2013-12-31": "35.33640", "2013-09-30": "59.90000", "2013-06-30": "65.24920", "2013-03-31": "73.75790", "2012-12-31": "-143.70370", "2012-09-30": "69.52430", "2012-06-30": "66.77390", "2012-03-31": "64.24990", "2011-12-31": "72.80440", "2011-09-30": "54.59030", "2011-06-30": "52.95070", "2011-03-31": "60.22880", "2010-12-31": "57.10890", "2010-09-30": "59.21510", "2010-06-30": "54.93410", "2010-03-31": "18.16850", "2009-12-31": "20.64870", "2009-09-30": "22.74060", "2009-06-30": "24.30400", "2009-03-31": "26.76890", "2008-12-31": "26.64460", "2008-09-30": "25.02070", "2008-06-30": "16.80300", "2008-03-31": "18.12930", "2007-12-31": "15.99080", "2007-09-30": "22.11550", "2007-06-30": "28.93760", "2007-03-31": "25.01360", "2006-12-31": "27.50050", "2006-09-30": "30.00850", "2006-06-30": "26.15110", "2006-03-31": "20.55670", "2005-12-31": "22.81770", "2005-09-30": "18.56300", "2005-06-30": "19.95990", "2005-03-31": "18.18740"}, "Operating Margin": {"2020-09-30": "-31.80030", "2020-06-30": "-143.46940", "2020-03-31": "1.46480", "2019-12-31": "5.92050", "2019-09-30": "18.97520", "2019-06-30": "18.46490", "2019-03-31": "5.91670", "2018-12-31": "33.84060", "2018-09-30": "27.50330", "2018-06-30": "14.16720", "2018-03-31": "37.21540", "2017-12-31": "15.27880", "2017-09-30": "-31.41890", "2017-06-30": "-2.66810", "2017-03-31": "7.93830", "2016-12-31": "13.17370", "2016-09-30": "-26.01630", "2016-06-30": "-13.66620", "2016-03-31": "-87.25490", "2015-12-31": "-135.74010", "2015-09-30": "-77.31210", "2015-06-30": "-22.41610", "2015-03-31": "-25.13480", "2014-12-31": "-5.96330", "2014-09-30": "17.70040", "2014-06-30": "20.32550", "2014-03-31": "24.05200", "2013-12-31": "-30.37230", "2013-09-30": "27.53330", "2013-06-30": "28.93690", "2013-03-31": "38.02850", "2012-12-31": "-327.16050", "2012-09-30": "44.15260", "2012-06-30": "39.52300", "2012-03-31": "36.75190", "2011-12-31": "35.02050", "2011-09-30": "36.53060", "2011-06-30": "25.12180", "2011-03-31": "35.11310", "2010-12-31": "25.66920", "2010-09-30": "36.79050", "2010-06-30": "32.84650", "2010-03-31": "6.36380", "2009-12-31": "6.27810", "2009-09-30": "6.28050", "2009-06-30": "5.85930", "2009-03-31": "4.27480", "2008-12-31": "8.54120", "2008-09-30": "14.39770", "2008-06-30": "5.81110", "2008-03-31": "5.67840", "2007-12-31": "2.82020", "2007-09-30": "8.51330", "2007-06-30": "15.56530", "2007-03-31": "9.19260", "2006-12-31": "11.68970", "2006-09-30": "16.99010", "2006-06-30": "14.53880", "2006-03-31": "8.25310", "2005-12-31": "11.18870", "2005-09-30": "6.80450", "2005-06-30": "7.96010", "2005-03-31": "4.22210"}, "EBIT Margin": {"2020-09-30": "-31.80030", "2020-06-30": "-143.46940", "2020-03-31": "1.46480", "2019-12-31": "5.92050", "2019-09-30": "18.97520", "2019-06-30": "18.46490", "2019-03-31": "5.91670", "2018-12-31": "33.84060", "2018-09-30": "27.50330", "2018-06-30": "14.16720", "2018-03-31": "37.21540", "2017-12-31": "15.27880", "2017-09-30": "-31.41890", "2017-06-30": "-2.66810", "2017-03-31": "7.93830", "2016-12-31": "13.17370", "2016-09-30": "-26.01630", "2016-06-30": "-13.66620", "2016-03-31": "-87.25490", "2015-12-31": "-135.74010", "2015-09-30": "-77.31210", "2015-06-30": "-22.41610", "2015-03-31": "-25.13480", "2014-12-31": "-5.96330", "2014-09-30": "17.70040", "2014-06-30": "20.32550", "2014-03-31": "24.05200", "2013-12-31": "-30.37230", "2013-09-30": "27.53330", "2013-06-30": "28.93690", "2013-03-31": "38.02850", "2012-12-31": "-327.16050", "2012-09-30": "44.15260", "2012-06-30": "39.52300", "2012-03-31": "36.75190", "2011-12-31": "35.02050", "2011-09-30": "36.53060", "2011-06-30": "25.12180", "2011-03-31": "35.11310", "2010-12-31": "25.66920", "2010-09-30": "36.79050", "2010-06-30": "32.84650", "2010-03-31": "6.36380", "2009-12-31": "6.27810", "2009-09-30": "6.28050", "2009-06-30": "5.85930", "2009-03-31": "4.27480", "2008-12-31": "8.54120", "2008-09-30": "14.39770", "2008-06-30": "5.81110", "2008-03-31": "5.67840", "2007-12-31": "2.82020", "2007-09-30": "8.51330", "2007-06-30": "15.56530", "2007-03-31": "9.19260", "2006-12-31": "11.68970", "2006-09-30": "16.99010", "2006-06-30": "14.53880", "2006-03-31": "8.25310", "2005-12-31": "11.18870", "2005-09-30": "6.80450", "2005-06-30": "7.96010", "2005-03-31": "4.22210"}, "EBITDA Margin": {"2020-09-30": "", "2020-06-30": "", "2020-03-31": "", "2019-12-31": "", "2019-09-30": "", "2019-06-30": "", "2019-03-31": "", "2018-12-31": "", "2018-09-30": "", "2018-06-30": "", "2018-03-31": "", "2017-12-31": "", "2017-09-30": "", "2017-06-30": "", "2017-03-31": "", "2016-12-31": "", "2016-09-30": "", "2016-06-30": "", "2016-03-31": "", "2015-12-31": "", "2015-09-30": "", "2015-06-30": "", "2015-03-31": "", "2014-12-31": "", "2014-09-30": "", "2014-06-30": "", "2014-03-31": "", "2013-12-31": "", "2013-09-30": "", "2013-06-30": "", "2013-03-31": "", "2012-12-31": "", "2012-09-30": "", "2012-06-30": "", "2012-03-31": "", "2011-12-31": "", "2011-09-30": "", "2011-06-30": "", "2011-03-31": "", "2010-12-31": "", "2010-09-30": "", "2010-06-30": "", "2010-03-31": "", "2009-12-31": "", "2009-09-30": "", "2009-06-30": "", "2009-03-31": "", "2008-12-31": "", "2008-09-30": "", "2008-06-30": "", "2008-03-31": "", "2007-12-31": "", "2007-09-30": "", "2007-06-30": "", "2007-03-31": "", "2006-12-31": "", "2006-09-30": "", "2006-06-30": "", "2006-03-31": "", "2005-12-31": "", "2005-09-30": "", "2005-06-30": "", "2005-03-31": ""}, "Pre-Tax Profit Margin": {"2020-09-30": "-40.73590", "2020-06-30": "-156.12250", "2020-03-31": "-4.78520", "2019-12-31": "-0.24330", "2019-09-30": "14.01120", "2019-06-30": "13.97540", "2019-03-31": "2.25000", "2018-12-31": "29.42030", "2018-09-30": "23.21200", "2018-06-30": "9.67520", "2018-03-31": "34.09240", "2017-12-31": "9.55830", "2017-09-30": "-38.68240", "2017-06-30": "-11.95300", "2017-03-31": "-1.76410", "2016-12-31": "-4.59080", "2016-09-30": "-36.35310", "2016-06-30": "-25.23000", "2016-03-31": "-100.16340", "2015-12-31": "-174.00720", "2015-09-30": "-82.73120", "2015-06-30": "-26.30870", "2015-03-31": "-28.30190", "2014-12-31": "-8.38200", "2014-09-30": "15.78400", "2014-06-30": "17.69390", "2014-03-31": "22.23050", "2013-12-31": "-34.81390", "2013-09-30": "25.16670", "2013-06-30": "26.71100", "2013-03-31": "36.12580", "2012-12-31": "-342.46910", "2012-09-30": "42.83940", "2012-06-30": "37.99570", "2012-03-31": "35.43370", "2011-12-31": "33.78930", "2011-09-30": "35.70840", "2011-06-30": "24.76990", "2011-03-31": "26.99540", "2010-12-31": "25.01490", "2010-09-30": "36.22990", "2010-06-30": "29.03460", "2010-03-31": "6.17280", "2009-12-31": "5.73430", "2009-09-30": "6.83750", "2009-06-30": "7.89940", "2009-03-31": "5.12970", "2008-12-31": "2.04900", "2008-09-30": "15.64280", "2008-06-30": "7.19080", "2008-03-31": "7.28870", "2007-12-31": "4.00470", "2007-09-30": "10.42240", "2007-06-30": "16.58700", "2007-03-31": "10.37380", "2006-12-31": "13.07310", "2006-09-30": "17.90570", "2006-06-30": "15.20990", "2006-03-31": "8.86830", "2005-12-31": "11.66420", "2005-09-30": "7.07380", "2005-06-30": "6.28530", "2005-03-31": "4.04420"}, "Net Profit Margin": {"2020-09-30": "-41.65570", "2020-06-30": "-153.06120", "2020-03-31": "-4.49220", "2019-12-31": "-1.62210", "2019-09-30": "13.21060", "2019-06-30": "11.65820", "2019-03-31": "14.50000", "2018-12-31": "28.26090", "2018-09-30": "16.51500", "2018-06-30": "6.63440", "2018-03-31": "23.16200", "2017-12-31": "-2.02750", "2017-09-30": "-50.59120", "2017-06-30": "-14.83460", "2017-03-31": "-546.52700", "2016-12-31": "-136.82640", "2016-09-30": "-22.29970", "2016-06-30": "-22.33900", "2016-03-31": "-66.50330", "2015-12-31": "-286.28160", "2015-09-30": "-54.11850", "2015-06-30": "-25.90600", "2015-03-31": "-18.59840", "2014-12-31": "38.61550", "2014-09-30": "15.01740", "2014-06-30": "18.69810", "2014-03-31": "42.71380", "2013-12-31": "24.49380", "2013-09-30": "18.96670", "2013-06-30": "14.15280", "2013-03-31": "10.12160", "2012-12-31": "79.50620", "2012-09-30": "11.14970", "2012-06-30": "10.53060", "2012-03-31": "10.99390", "2011-12-31": "15.02050", "2011-09-30": "11.09890", "2011-06-30": "26.96260", "2011-03-31": "27.13160", "2010-12-31": "20.99940", "2010-09-30": "24.38680", "2010-06-30": "25.25830", "2010-03-31": "2.90820", "2009-12-31": "2.24440", "2009-09-30": "2.87560", "2009-06-30": "3.16740", "2009-03-31": "2.77120", "2008-12-31": "-0.29480", "2008-09-30": "8.98600", "2008-06-30": "3.53600", "2008-03-31": "4.10170", "2007-12-31": "3.76780", "2007-09-30": "6.09120", "2007-06-30": "9.26150", "2007-03-31": "5.57150", "2006-12-31": "7.81490", "2006-09-30": "9.84110", "2006-06-30": "9.61550", "2006-03-31": "4.77520", "2005-12-31": "7.42590", "2005-09-30": "4.50900", "2005-06-30": "4.22160", "2005-03-31": "2.50540"}, "Asset Turnover": {"2020-09-30": "0.04080", "2020-06-30": "0.02640", "2020-03-31": "0.05190", "2019-12-31": "0.06090", "2019-09-30": "0.06130", "2019-06-30": "0.06490", "2019-03-31": "0.05600", "2018-12-31": "0.06470", "2018-09-30": "0.07060", "2018-06-30": "0.06620", "2018-03-31": "0.07100", "2017-12-31": "0.06270", "2017-09-30": "0.05160", "2017-06-30": "0.03870", "2017-03-31": "0.03700", "2016-12-31": "0.03220", "2016-09-30": "0.02660", "2016-06-30": "0.02340", "2016-03-31": "0.01860", "2015-12-31": "0.00860", "2015-09-30": "0.03990", "2015-06-30": "0.04170", "2015-03-31": "0.04270", "2014-12-31": "0.06660", "2014-09-30": "0.07820", "2014-06-30": "0.08040", "2014-03-31": "0.07440", "2013-12-31": "0.04300", "2013-09-30": "0.08390", "2013-06-30": "0.08590", "2013-03-31": "0.10780", "2012-12-31": "0.01150", "2012-09-30": "0.11680", "2012-06-30": "0.11570", "2012-03-31": "0.11910", "2011-12-31": "0.11650", "2011-09-30": "0.11950", "2011-06-30": "0.12120", "2011-03-31": "0.07080", "2010-12-31": "0.06720", "2010-09-30": "0.05930", "2010-06-30": "0.05910", "2010-03-31": "0.32930", "2009-12-31": "0.33620", "2009-09-30": "0.31620", "2009-06-30": "0.29340", "2009-03-31": "0.23490", "2008-12-31": "0.32580", "2008-09-30": "0.46970", "2008-06-30": "0.44960", "2008-03-31": "0.39810", "2007-12-31": "0.41480", "2007-09-30": "0.46610", "2007-06-30": "0.49800", "2007-03-31": "0.40990", "2006-12-31": "0.44780", "2006-09-30": "0.53500", "2006-06-30": "0.59700", "2006-03-31": "0.59050", "2005-12-31": "0.59780", "2005-09-30": "0.65720", "2005-06-30": "0.58840", "2005-03-31": "0.54530"}, "Inventory Turnover Ratio": {"2020-09-30": "1.67530", "2020-06-30": "1.67530", "2020-03-31": "2.05130", "2019-12-31": "2.34720", "2019-09-30": "2.29580", "2019-06-30": "2.68060", "2019-03-31": "2.25300", "2018-12-31": "2.13540", "2018-09-30": "1.95450", "2018-06-30": "1.75210", "2018-03-31": "1.97270", "2017-12-31": "1.86510", "2017-09-30": "1.86360", "2017-06-30": "1.54290", "2017-03-31": "1.28970", "2016-12-31": "1.70590", "2016-09-30": "1.08600", "2016-06-30": "0.95590", "2016-03-31": "0.76140", "2015-12-31": "-0.93290", "2015-09-30": "1.51230", "2015-06-30": "1.88100", "2015-03-31": "1.71240", "2014-12-31": "2.64430", "2014-09-30": "3.02640", "2014-06-30": "2.91090", "2014-03-31": "2.67650", "2013-12-31": "2.71980", "2013-09-30": "3.34170", "2013-06-30": "2.84240", "2013-03-31": "2.69840", "2012-12-31": "2.73410", "2012-09-30": "3.79630", "2012-06-30": "3.70150", "2012-03-31": "4.58110", "2011-12-31": "2.75350", "2011-09-30": "4.84500", "2011-06-30": "5.06710", "2011-03-31": "0.47280", "2010-12-31": "0.41760", "2010-09-30": "0.29330", "2010-06-30": "0.35280", "2010-03-31": "3.34170", "2009-12-31": "3.46520", "2009-09-30": "3.01520", "2009-06-30": "2.82160", "2009-03-31": "2.13160", "2008-12-31": "2.90930", "2008-09-30": "3.87360", "2008-06-30": "3.63130", "2008-03-31": "3.74900", "2007-12-31": "4.54500", "2007-09-30": "2.83560", "2007-06-30": "2.75940", "2007-03-31": "2.72910", "2006-12-31": "3.15470", "2006-09-30": "2.85790", "2006-06-30": "3.51720", "2006-03-31": "3.82600", "2005-12-31": "4.32360", "2005-09-30": "4.16630", "2005-06-30": "3.62190", "2005-03-31": "4.65460"}, "Receiveable Turnover": {"2020-09-30": "1.18350", "2020-06-30": "0.79030", "2020-03-31": "1.45660", "2019-12-31": "1.09890", "2019-09-30": "1.08800", "2019-06-30": "1.20720", "2019-03-31": "1.10500", "2018-12-31": "1.27900", "2018-09-30": "1.15210", "2018-06-30": "1.23040", "2018-03-31": "1.39730", "2017-12-31": "1.27630", "2017-09-30": "1.25290", "2017-06-30": "1.22160", "2017-03-31": "1.20770", "2016-12-31": "1.33960", "2016-09-30": "1.09960", "2016-06-30": "0.92580", "2016-03-31": "0.78560", "2015-12-31": "0.30370", "2015-09-30": "1.39660", "2015-06-30": "1.24690", "2015-03-31": "1.10660", "2014-12-31": "1.38690", "2014-09-30": "1.40140", "2014-06-30": "1.41430", "2014-03-31": "1.21060", "2013-12-31": "0.71740", "2013-09-30": "1.17100", "2013-06-30": "1.23210", "2013-03-31": "1.53450", "2012-12-31": "0.16750", "2012-09-30": "1.56740", "2012-06-30": "1.80810", "2012-03-31": "1.69860", "2011-12-31": "1.87240", "2011-09-30": "2.12030", "2011-06-30": "2.00430", "2011-03-31": "0.55990", "2010-12-31": "0.55750", "2010-09-30": "0.52700", "2010-06-30": "0.55830", "2010-03-31": "3.17330", "2009-12-31": "3.33900", "2009-09-30": "3.28800", "2009-06-30": "3.31870", "2009-03-31": "3.46240", "2008-12-31": "4.41560", "2008-09-30": "3.68570", "2008-06-30": "2.87110", "2008-03-31": "2.90070", "2007-12-31": "3.07100", "2007-09-30": "3.09090", "2007-06-30": "3.43870", "2007-03-31": "3.03730", "2006-12-31": "3.28040", "2006-09-30": "4.17520", "2006-06-30": "4.23850", "2006-03-31": "4.45050", "2005-12-31": "4.82030", "2005-09-30": "4.34420", "2005-06-30": "5.91540", "2005-03-31": "4.02870"}, "Days Sales In Receivables": {"2020-09-30": "76.04470", "2020-06-30": "113.87750", "2020-03-31": "61.78710", "2019-12-31": "81.89780", "2019-09-30": "82.72220", "2019-06-30": "74.55470", "2019-03-31": "81.45000", "2018-12-31": "70.36960", "2018-09-30": "78.12090", "2018-06-30": "73.14440", "2018-03-31": "64.41120", "2017-12-31": "70.51410", "2017-09-30": "71.83280", "2017-06-30": "73.67130", "2017-03-31": "74.52040", "2016-12-31": "67.18560", "2016-09-30": "81.84670", "2016-06-30": "97.21420", "2016-03-31": "114.55880", "2015-12-31": "296.31770", "2015-09-30": "64.44360", "2015-06-30": "72.18120", "2015-03-31": "81.32750", "2014-12-31": "64.89160", "2014-09-30": "64.22300", "2014-06-30": "63.63570", "2014-03-31": "74.34200", "2013-12-31": "125.44740", "2013-09-30": "76.86000", "2013-06-30": "73.04650", "2013-03-31": "58.65220", "2012-12-31": "537.33340", "2012-09-30": "57.42070", "2012-06-30": "49.77490", "2012-03-31": "52.98440", "2011-12-31": "48.06570", "2011-09-30": "42.44730", "2011-06-30": "44.90260", "2011-03-31": "160.75460", "2010-12-31": "161.42180", "2010-09-30": "170.79190", "2010-06-30": "161.21130", "2010-03-31": "28.36200", "2009-12-31": "26.95390", "2009-09-30": "27.37220", "2009-06-30": "27.11940", "2009-03-31": "25.99350", "2008-12-31": "20.38250", "2008-09-30": "24.41900", "2008-06-30": "31.34730", "2008-03-31": "31.02680", "2007-12-31": "29.30620", "2007-09-30": "29.11770", "2007-06-30": "26.17290", "2007-03-31": "29.63170", "2006-12-31": "27.43610", "2006-09-30": "21.55590", "2006-06-30": "21.23380", "2006-03-31": "20.22230", "2005-12-31": "18.67100", "2005-09-30": "20.71730", "2005-06-30": "15.21450", "2005-03-31": "22.33990"}, "ROE - Return On Equity": {"2020-09-30": "-2.91040", "2020-06-30": "-6.71140", "2020-03-31": "-0.38470", "2019-12-31": "-0.16460", "2019-09-30": "1.34460", "2019-06-30": "1.33050", "2019-03-31": "1.42530", "2018-12-31": "3.21570", "2018-09-30": "2.10890", "2018-06-30": "0.79130", "2018-03-31": "2.95830", "2017-12-31": "-0.23920", "2017-09-30": "-5.08700", "2017-06-30": "-1.23340", "2017-03-31": "-0.39730", "2016-12-31": "-7.88440", "2016-09-30": "-1.08870", "2016-06-30": "-0.72050", "2016-03-31": "-1.86040", "2015-12-31": "-1.56310", "2015-09-30": "-3.87380", "2015-06-30": "-1.90920", "2015-03-31": "-1.33590", "2014-12-31": "-0.44240", "2014-09-30": "1.50300", "2014-06-30": "1.81200", "2014-03-31": "2.00960", "2013-12-31": "-0.44460", "2013-09-30": "2.08490", "2013-06-30": "1.26700", "2013-03-31": "2.04430", "2012-12-31": "-2.20970", "2012-09-30": "2.49110", "2012-06-30": "2.20970", "2012-03-31": "2.38200", "2011-12-31": "3.26360", "2011-09-30": "2.41700", "2011-06-30": "1.78370", "2011-03-31": "1.84170", "2010-12-31": "1.78370", "2010-09-30": "1.99950", "2010-06-30": "1.63740", "2010-03-31": "2.05610", "2009-12-31": "0.90830", "2009-09-30": "1.77450", "2009-06-30": "1.50370", "2009-03-31": "1.23190", "2008-12-31": "-0.49980", "2008-09-30": "9.08470", "2008-06-30": "3.81920", "2008-03-31": "3.71670", "2007-12-31": "2.52820", "2007-09-30": "6.12040", "2007-06-30": "9.75020", "2007-03-31": "4.84720", "2006-12-31": "7.38690", "2006-09-30": "11.23030", "2006-06-30": "11.00160", "2006-03-31": "6.33790", "2005-12-31": "10.79880", "2005-09-30": "7.04750", "2005-06-30": "6.70880", "2005-03-31": "3.86770"}, "Return On Tangible Equity": {"2020-09-30": "-2.91040", "2020-06-30": "-6.71140", "2020-03-31": "-0.38470", "2019-12-31": "-0.16590", "2019-09-30": "1.35510", "2019-06-30": "1.34100", "2019-03-31": "1.43670", "2018-12-31": "3.24160", "2018-09-30": "2.12610", "2018-06-30": "0.79770", "2018-03-31": "2.98260", "2017-12-31": "-0.24150", "2017-09-30": "-5.13720", "2017-06-30": "-1.24490", "2017-03-31": "-0.40100", "2016-12-31": "-7.93640", "2016-09-30": "-1.09530", "2016-06-30": "-0.72490", "2016-03-31": "-1.87150", "2015-12-31": "-1.57280", "2015-09-30": "-3.96760", "2015-06-30": "-1.95350", "2015-03-31": "-1.36630", "2014-12-31": "-0.45230", "2014-09-30": "1.53780", "2014-06-30": "1.85460", "2014-03-31": "2.06150", "2013-12-31": "-0.45640", "2013-09-30": "2.14110", "2013-06-30": "1.30120", "2013-03-31": "2.10410", "2012-12-31": "-2.27500", "2012-09-30": "2.56570", "2012-06-30": "2.27690", "2012-03-31": "2.45570", "2011-12-31": "3.36880", "2011-09-30": "2.49710", "2011-06-30": "1.84290", "2011-03-31": "1.95040", "2010-12-31": "1.89360", "2010-09-30": "2.12530", "2010-06-30": "1.74290", "2010-03-31": "2.19570", "2009-12-31": "0.97130", "2009-09-30": "1.89670", "2009-06-30": "1.60860", "2009-03-31": "1.32060", "2008-12-31": "-0.53600", "2008-09-30": "10.61780", "2008-06-30": "4.53360", "2008-03-31": "4.43000", "2007-12-31": "2.97720", "2007-09-30": "6.75440", "2007-06-30": "10.82410", "2007-03-31": "5.42480", "2006-12-31": "8.28150", "2006-09-30": "12.55220", "2006-06-30": "12.35530", "2006-03-31": "7.23130", "2005-12-31": "12.39460", "2005-09-30": "7.88810", "2005-06-30": "7.65530", "2005-03-31": "4.04040"}, "ROA - Return On Assets": {"2020-09-30": "-1.69850", "2020-06-30": "-4.03940", "2020-03-31": "-0.23330", "2019-12-31": "-0.09880", "2019-09-30": "0.80990", "2019-06-30": "0.75650", "2019-03-31": "0.81270", "2018-12-31": "1.82920", "2018-09-30": "1.16630", "2018-06-30": "0.43890", "2018-03-31": "1.64560", "2017-12-31": "-0.12720", "2017-09-30": "-2.61040", "2017-06-30": "-0.63120", "2017-03-31": "-0.20380", "2016-12-31": "-4.44780", "2016-09-30": "-0.63760", "2016-06-30": "-0.42430", "2016-03-31": "-1.09530", "2015-12-31": "-0.89750", "2015-09-30": "-2.16010", "2015-06-30": "-1.07910", "2015-03-31": "-0.79460", "2014-12-31": "-0.25850", "2014-09-30": "0.82830", "2014-06-30": "1.00180", "2014-03-31": "1.10090", "2013-12-31": "-0.24140", "2013-09-30": "1.10690", "2013-06-30": "0.68760", "2013-03-31": "1.08230", "2012-12-31": "-1.14430", "2012-09-30": "1.30220", "2012-06-30": "1.21860", "2012-03-31": "1.30920", "2011-12-31": "1.78510", "2011-09-30": "1.32610", "2011-06-30": "0.97740", "2011-03-31": "0.87730", "2010-12-31": "0.84780", "2010-09-30": "0.97040", "2010-06-30": "0.78740", "2010-03-31": "0.95760", "2009-12-31": "0.42290", "2009-09-30": "0.86320", "2009-06-30": "0.73810", "2009-03-31": "0.61180", "2008-12-31": "-0.25070", "2008-09-30": "4.07310", "2008-06-30": "1.57730", "2008-03-31": "1.63300", "2007-12-31": "1.13690", "2007-09-30": "2.83930", "2007-06-30": "4.58860", "2007-03-31": "2.28370", "2006-12-31": "3.49970", "2006-09-30": "5.26450", "2006-06-30": "4.87360", "2006-03-31": "2.77300", "2005-12-31": "4.43540", "2005-09-30": "2.88630", "2005-06-30": "2.46530", "2005-03-31": "1.36630"}, "ROI - Return On Investment": {"2020-09-30": "-1.94510", "2020-06-30": "-4.49690", "2020-03-31": "-0.26350", "2019-12-31": "-0.11330", "2019-09-30": "0.96080", "2019-06-30": "0.94690", "2019-03-31": "0.98260", "2018-12-31": "2.21250", "2018-09-30": "1.44800", "2018-06-30": "0.54460", "2018-03-31": "2.03090", "2017-12-31": "-0.16280", "2017-09-30": "-3.27990", "2017-06-30": "-0.80020", "2017-03-31": "-0.27310", "2016-12-31": "-5.73340", "2016-09-30": "-0.78630", "2016-06-30": "-0.52210", "2016-03-31": "-1.35180", "2015-12-31": "-1.12280", "2015-09-30": "-2.80970", "2015-06-30": "-1.40160", "2015-03-31": "-1.06210", "2014-12-31": "-0.35340", "2014-09-30": "1.14370", "2014-06-30": "1.37250", "2014-03-31": "1.51930", "2013-12-31": "-0.33410", "2013-09-30": "1.55740", "2013-06-30": "0.94700", "2013-03-31": "1.51610", "2012-12-31": "-1.62940", "2012-09-30": "1.99270", "2012-06-30": "1.76250", "2012-03-31": "1.88990", "2011-12-31": "2.56490", "2011-09-30": "1.88710", "2011-06-30": "1.39310", "2011-03-31": "1.39160", "2010-12-31": "1.35150", "2010-09-30": "1.49680", "2010-06-30": "1.21940", "2010-03-31": "1.49020", "2009-12-31": "0.65580", "2009-09-30": "1.27800", "2009-06-30": "1.08140", "2009-03-31": "0.88040", "2008-12-31": "-0.37550", "2008-09-30": "6.86870", "2008-06-30": "2.82690", "2008-03-31": "2.73110", "2007-12-31": "1.92040", "2007-09-30": "4.56620", "2007-06-30": "7.69000", "2007-03-31": "4.10980", "2006-12-31": "6.10710", "2006-09-30": "9.17880", "2006-06-30": "8.87930", "2006-03-31": "4.86370", "2005-12-31": "8.20620", "2005-09-30": "5.21920", "2005-06-30": "4.87590", "2005-03-31": "2.61100"}, "Book Value Per Share": {"2020-09-30": "13.78730", "2020-06-30": "14.14560", "2020-03-31": "15.11760", "2019-12-31": "15.26760", "2019-09-30": "15.31960", "2019-06-30": "15.05100", "2019-03-31": "14.88780", "2018-12-31": "14.80830", "2018-09-30": "14.37230", "2018-06-30": "14.20610", "2018-03-31": "14.10790", "2017-12-31": "13.77410", "2017-09-30": "13.85290", "2017-06-30": "14.59410", "2017-03-31": "14.80470", "2016-12-31": "20.70960", "2016-09-30": "22.34000", "2016-06-30": "22.58610", "2016-03-31": "22.81960", "2015-12-31": "27.40470", "2015-09-30": "28.55980", "2015-06-30": "29.86410", "2015-03-31": "30.60740", "2014-12-31": "31.14330", "2014-09-30": "29.96450", "2014-06-30": "29.52160", "2014-03-31": "29.08220", "2013-12-31": "27.75320", "2013-09-30": "27.29020", "2013-06-30": "26.82790", "2013-03-31": "26.25420", "2012-12-31": "25.86000", "2012-09-30": "25.58640", "2012-06-30": "25.22700", "2012-03-31": "24.83120", "2011-12-31": "24.37360", "2011-09-30": "23.80110", "2011-06-30": "23.39920", "2011-03-31": "34.69800", "2010-12-31": "33.48030", "2010-09-30": "32.89580", "2010-06-30": "32.21580", "2010-03-31": "31.39410", "2009-12-31": "30.94630", "2009-09-30": "31.20200", "2009-06-30": "30.80930", "2009-03-31": "30.38280", "2008-12-31": "30.32440", "2008-09-30": "31.05810", "2008-06-30": "28.44270", "2008-03-31": "27.74050", "2007-12-31": "27.07470", "2007-09-30": "24.49170", "2007-06-30": "23.21380", "2007-03-31": "21.56560", "2006-12-31": "20.98710", "2006-09-30": "20.42350", "2006-06-30": "18.73070", "2006-03-31": "16.71830", "2005-12-31": "15.95790", "2005-09-30": "14.51930", "2005-06-30": "13.60200", "2005-03-31": "12.04560"}, "Operating Cash Flow Per Share": {"2020-09-30": 0.4367, "2020-06-30": 0.0158, "2020-03-31": "0.88290", "2019-12-31": 0.8421, "2019-09-30": 0.9399, "2019-06-30": 0.9838, "2019-03-31": "0.62800", "2018-12-31": 1.0161, "2018-09-30": 1.146, "2018-06-30": 0.8944, "2018-03-31": "0.76170", "2017-12-31": 0.5894, "2017-09-30": 0.6635, "2017-06-30": 0.3839, "2017-03-31": "0.70200", "2016-12-31": 0.3646, "2016-09-30": 0.4336, "2016-06-30": 0.2005, "2016-03-31": "0.10140", "2015-12-31": 0.5362, "2015-09-30": 0.7326, "2015-06-30": 0.6013, "2015-03-31": "0.45780", "2014-12-31": 1.6443, "2014-09-30": 2.6221, "2014-06-30": 1.6552, "2014-03-31": "2.11210", "2013-12-31": 1.7495, "2013-09-30": 2.3278, "2013-06-30": 1.2096, "2013-03-31": "2.14610", "2012-12-31": 1.6915, "2012-09-30": 1.5092, "2012-06-30": 1.0866, "2012-03-31": "1.37040", "2011-12-31": 1.4482, "2011-09-30": 1.5385, "2011-06-30": 2.5254, "2011-03-31": "3.62520", "2010-12-31": 4.0362, "2010-09-30": 1.2092, "2010-06-30": 1.8, "2010-03-31": "1.18740", "2009-12-31": 2.7567, "2009-09-30": 1.7916, "2009-06-30": 1.6826, "2009-03-31": "1.17840", "2008-12-31": 2.7089, "2008-09-30": 2.6048, "2008-06-30": 3.0445, "2008-03-31": "1.11160", "2007-12-31": 4.1812, "2007-09-30": 0.874, "2007-06-30": 1.9556, "2007-03-31": "1.47840", "2006-12-31": 2.3925, "2006-09-30": 2.0506, "2006-06-30": 2.8319, "2006-03-31": "0.32610", "2005-12-31": 3.9223, "2005-09-30": 0.5047, "2005-06-30": 1.6599, "2005-03-31": "0.51200"}, "Free Cash Flow Per Share": {"2020-09-30": 0.2583, "2020-06-30": -0.3767, "2020-03-31": "0.10450", "2019-12-31": 0.1066, "2019-09-30": -0.1081, "2019-06-30": 0.2868, "2019-03-31": "-0.08900", "2018-12-31": 0.3522, "2018-09-30": 0.3089, "2018-06-30": 0.0832, "2018-03-31": "1.28520", "2017-12-31": -0.1647, "2017-09-30": 0.0494, "2017-06-30": 1.836, "2017-03-31": "0.36870", "2016-12-31": 0.5151, "2016-09-30": 0.266, "2016-06-30": 0.84, "2016-03-31": "-0.50270", "2015-12-31": -0.0797, "2015-09-30": -0.0429, "2015-06-30": -0.6744, "2015-03-31": "-1.69040", "2014-12-31": 1.6624, "2014-09-30": 0.5512, "2014-06-30": 0.0505, "2014-03-31": "3.71980", "2013-12-31": 0.3102, "2013-09-30": 1.0371, "2013-06-30": -0.2751, "2013-03-31": "0.72890", "2012-12-31": 0.8841, "2012-09-30": -0.3992, "2012-06-30": -0.5427, "2012-03-31": "0.23100", "2011-12-31": 0.8656, "2011-09-30": 0.5208, "2011-06-30": 1.6929, "2011-03-31": "2.60140", "2010-12-31": 2.8901, "2010-09-30": 0.0253, "2010-06-30": 1.0977, "2010-03-31": "1.17900", "2009-12-31": 5.0619, "2009-09-30": -0.1421, "2009-06-30": -0.0576, "2009-03-31": "-1.02110", "2008-12-31": 1.3317, "2008-09-30": 0.2293, "2008-06-30": 0.5356, "2008-03-31": "-1.02790", "2007-12-31": 2.8762, "2007-09-30": -0.6333, "2007-06-30": 0.5752, "2007-03-31": "0.46250", "2006-12-31": 1.0583, "2006-09-30": 0.545, "2006-06-30": 1.8281, "2006-03-31": "-0.39950", "2005-12-31": 2.7244, "2005-09-30": -0.4145, "2005-06-30": 0.8111, "2005-03-31": "-0.23380"}}, "revenue": {"Marathon Oil Annual Revenue (Millions of US $)": {"2019": "$5,063", "2018": "$5,902", "2017": "$4,409", "2016": "$3,236", "2015": "$4,635", "2014": "$10,846", "2013": "$11,325", "2012": "$11,966", "2011": "$14,669", "2010": "$11,690", "2009": "$8,524", "2008": "$76,589", "2007": "$64,096", "2006": "$64,896", "2005": "$62,986"}, "Marathon Oil Quarterly Revenue (Millions of US $)": {"2020-09-30": "$761", "2020-06-30": "$490", "2020-03-31": "$1,024", "2019-12-31": "$1,233", "2019-09-30": "$1,249", "2019-06-30": "$1,381", "2019-03-31": "$1,200", "2018-12-31": "$1,380", "2018-09-30": "$1,538", "2018-06-30": "$1,447", "2018-03-31": "$1,537", "2017-12-31": "$1,381", "2017-09-30": "$1,184", "2017-06-30": "$937", "2017-03-31": "$907", "2016-12-31": "$1,002", "2016-09-30": "$861", "2016-06-30": "$761", "2016-03-31": "$612", "2015-12-31": "$277", "2015-09-30": "$1,384", "2015-06-30": "$1,490", "2015-03-31": "$1,484", "2014-12-31": "$2,398", "2014-09-30": "$2,870", "2014-06-30": "$2,888", "2014-03-31": "$2,690", "2013-12-31": "$1,531", "2013-09-30": "$3,000", "2013-06-30": "$3,010", "2013-03-31": "$3,784", "2012-12-31": "$405", "2012-09-30": "$4,036", "2012-06-30": "$3,732", "2012-03-31": "$3,793", "2011-12-31": "$3,655", "2011-09-30": "$3,649", "2011-06-30": "$3,694", "2011-03-31": "$3,671", "2010-12-31": "$3,362", "2010-09-30": "$2,854", "2010-06-30": "$2,807", "2010-03-31": "$15,714", "2009-12-31": "$15,817", "2009-09-30": "$14,362", "2009-06-30": "$13,039", "2009-03-31": "$10,176", "2008-12-31": "$13,909", "2008-09-30": "$22,969", "2008-06-30": "$21,889", "2008-03-31": "$17,822", "2007-12-31": "$17,729", "2007-09-30": "$16,762", "2007-06-30": "$16,736", "2007-03-31": "$12,869", "2006-12-31": "$13,807", "2006-09-30": "$16,492", "2006-06-30": "$18,179", "2006-03-31": "$16,418", "2005-12-31": "$17,035", "2005-09-30": "$17,077", "2005-06-30": "$15,942", "2005-03-31": "$12,932"}}, "gross-profit": {"Marathon Oil Annual Gross Profit (Millions of US $)": {"2019": "$4,351", "2018": "$5,060", "2017": "$3,525", "2016": "$2,271", "2015": "$3,156", "2014": "$6,495", "2013": "$7,093", "2012": "$7,153", "2011": "$8,820", "2010": "$6,732", "2009": "$5,208", "2008": "$16,362", "2007": "$14,604", "2006": "$16,875", "2005": "$12,591"}, "Marathon Oil Quarterly Gross Profit (Millions of US $)": {"2020-09-30": "$632", "2020-06-30": "$361", "2020-03-31": "$864", "2019-12-31": "$1,064", "2019-09-30": "$1,086", "2019-06-30": "$1,188", "2019-03-31": "$1,013", "2018-12-31": "$1,175", "2018-09-30": "$1,323", "2018-06-30": "$1,242", "2018-03-31": "$1,320", "2017-12-31": "$1,146", "2017-09-30": "$938", "2017-06-30": "$721", "2017-03-31": "$720", "2016-12-31": "$770", "2016-09-30": "$621", "2016-06-30": "$501", "2016-03-31": "$379", "2015-12-31": "$569", "2015-09-30": "$894", "2015-06-30": "$858", "2015-03-31": "$835", "2014-12-31": "$1,454", "2014-09-30": "$1,723", "2014-06-30": "$1,712", "2014-03-31": "$1,606", "2013-12-31": "$541", "2013-09-30": "$1,797", "2013-06-30": "$1,964", "2013-03-31": "$2,791", "2012-12-31": "$-582", "2012-09-30": "$2,806", "2012-06-30": "$2,492", "2012-03-31": "$2,437", "2011-12-31": "$2,661", "2011-09-30": "$1,992", "2011-06-30": "$1,956", "2011-03-31": "$2,211", "2010-12-31": "$1,920", "2010-09-30": "$1,690", "2010-06-30": "$1,542", "2010-03-31": "$2,855", "2009-12-31": "$3,266", "2009-09-30": "$3,266", "2009-06-30": "$3,169", "2009-03-31": "$2,724", "2008-12-31": "$3,706", "2008-09-30": "$5,747", "2008-06-30": "$3,678", "2008-03-31": "$3,231", "2007-12-31": "$2,835", "2007-09-30": "$3,707", "2007-06-30": "$4,843", "2007-03-31": "$3,219", "2006-12-31": "$3,797", "2006-09-30": "$4,949", "2006-06-30": "$4,754", "2006-03-31": "$3,375", "2005-12-31": "$3,887", "2005-09-30": "$3,170", "2005-06-30": "$3,182", "2005-03-31": "$2,352"}}, "operating-income": {"Marathon Oil Annual Operating Income (Millions of US $)": {"2019": "$636", "2018": "$1,667", "2017": "$-114", "2016": "$-730", "2015": "$-2,153", "2014": "$1,599", "2013": "$2,671", "2012": "$3,326", "2011": "$4,830", "2010": "$4,224", "2009": "$2,885", "2008": "$6,779", "2007": "$5,715", "2006": "$8,414", "2005": "$4,883"}, "Marathon Oil Quarterly Operating Income (Millions of US $)": {"2020-09-30": "$-242", "2020-06-30": "$-703", "2020-03-31": "$15", "2019-12-31": "$73", "2019-09-30": "$237", "2019-06-30": "$255", "2019-03-31": "$71", "2018-12-31": "$467", "2018-09-30": "$423", "2018-06-30": "$205", "2018-03-31": "$572", "2017-12-31": "$211", "2017-09-30": "$-372", "2017-06-30": "$-25", "2017-03-31": "$72", "2016-12-31": "$132", "2016-09-30": "$-224", "2016-06-30": "$-104", "2016-03-31": "$-534", "2015-12-31": "$-376", "2015-09-30": "$-1,070", "2015-06-30": "$-334", "2015-03-31": "$-373", "2014-12-31": "$-143", "2014-09-30": "$508", "2014-06-30": "$587", "2014-03-31": "$647", "2013-12-31": "$-465", "2013-09-30": "$826", "2013-06-30": "$871", "2013-03-31": "$1,439", "2012-12-31": "$-1,325", "2012-09-30": "$1,782", "2012-06-30": "$1,475", "2012-03-31": "$1,394", "2011-12-31": "$1,280", "2011-09-30": "$1,333", "2011-06-30": "$928", "2011-03-31": "$1,289", "2010-12-31": "$863", "2010-09-30": "$1,050", "2010-06-30": "$922", "2010-03-31": "$1,000", "2009-12-31": "$993", "2009-09-30": "$902", "2009-06-30": "$764", "2009-03-31": "$435", "2008-12-31": "$1,188", "2008-09-30": "$3,307", "2008-06-30": "$1,272", "2008-03-31": "$1,012", "2007-12-31": "$500", "2007-09-30": "$1,427", "2007-06-30": "$2,605", "2007-03-31": "$1,183", "2006-12-31": "$1,614", "2006-09-30": "$2,802", "2006-06-30": "$2,643", "2006-03-31": "$1,355", "2005-12-31": "$1,906", "2005-09-30": "$1,162", "2005-06-30": "$1,269", "2005-03-31": "$546"}}, "ebitda": {"Marathon Oil Annual EBITDA (Millions of US $)": {"2019": "$3,033", "2018": "$4,108", "2017": "$2,258", "2016": "$1,426", "2015": "$568", "2014": "$4,592", "2013": "$5,267", "2012": "$5,334", "2011": "$7,093", "2010": "$6,280", "2009": "$4,819", "2008": "$10,299", "2007": "$7,279", "2006": "$9,932", "2005": "$6,186"}, "Marathon Oil Quarterly EBITDA (Millions of US $)": {"2020-09-30": "$312", "2020-06-30": "$-106", "2020-03-31": "$659", "2019-12-31": "$689", "2019-09-30": "$859", "2019-06-30": "$860", "2019-03-31": "$625", "2018-12-31": "$1,080", "2018-09-30": "$1,049", "2018-06-30": "$817", "2018-03-31": "$1,162", "2017-12-31": "$794", "2017-09-30": "$269", "2017-06-30": "$567", "2017-03-31": "$628", "2016-12-31": "$705", "2016-09-30": "$298", "2016-06-30": "$408", "2016-03-31": "$15", "2015-12-31": "$-325", "2015-09-30": "$28", "2015-06-30": "$417", "2015-03-31": "$448", "2014-12-31": "$790", "2014-09-30": "$1,224", "2014-06-30": "$1,288", "2014-03-31": "$1,290", "2013-12-31": "$217", "2013-09-30": "$1,445", "2013-06-30": "$1,446", "2013-03-31": "$2,159", "2012-12-31": "$-1,096", "2012-09-30": "$2,144", "2012-06-30": "$2,056", "2012-03-31": "$2,230", "2011-12-31": "$1,827", "2011-09-30": "$1,850", "2011-06-30": "$1,492", "2011-03-31": "$1,924", "2010-12-31": "$1,543", "2010-09-30": "$1,141", "2010-06-30": "$1,558", "2010-03-31": "$1,649", "2009-12-31": "$957", "2009-09-30": "$1,529", "2009-06-30": "$1,447", "2009-03-31": "$1,095", "2008-12-31": "$3,195", "2008-09-30": "$3,887", "2008-06-30": "$1,754", "2008-03-31": "$1,463", "2007-12-31": "$866", "2007-09-30": "$1,836", "2007-06-30": "$3,001", "2007-03-31": "$1,576", "2006-12-31": "$2,002", "2006-09-30": "$3,163", "2006-06-30": "$3,012", "2006-03-31": "$1,755", "2005-12-31": "$2,259", "2005-09-30": "$1,481", "2005-06-30": "$1,577", "2005-03-31": "$869"}}, "net-income": {"Marathon Oil Annual Net Income (Millions of US $)": {"2019": "$480", "2018": "$1,096", "2017": "$-5,723", "2016": "$-2,140", "2015": "$-2,204", "2014": "$3,046", "2013": "$1,753", "2012": "$1,582", "2011": "$2,946", "2010": "$2,568", "2009": "$1,463", "2008": "$3,528", "2007": "$3,956", "2006": "$5,234", "2005": "$3,032"}, "Marathon Oil Quarterly Net Income (Millions of US $)": {"2020-09-30": "$-317", "2020-06-30": "$-750", "2020-03-31": "$-46", "2019-12-31": "$-20", "2019-09-30": "$165", "2019-06-30": "$161", "2019-03-31": "$174", "2018-12-31": "$390", "2018-09-30": "$254", "2018-06-30": "$96", "2018-03-31": "$356", "2017-12-31": "$-28", "2017-09-30": "$-599", "2017-06-30": "$-139", "2017-03-31": "$-4,957", "2016-12-31": "$-1,371", "2016-09-30": "$-192", "2016-06-30": "$-170", "2016-03-31": "$-407", "2015-12-31": "$-793", "2015-09-30": "$-749", "2015-06-30": "$-386", "2015-03-31": "$-276", "2014-12-31": "$926", "2014-09-30": "$431", "2014-06-30": "$540", "2014-03-31": "$1,149", "2013-12-31": "$375", "2013-09-30": "$569", "2013-06-30": "$426", "2013-03-31": "$383", "2012-12-31": "$322", "2012-09-30": "$450", "2012-06-30": "$393", "2012-03-31": "$417", "2011-12-31": "$549", "2011-09-30": "$405", "2011-06-30": "$996", "2011-03-31": "$996", "2010-12-31": "$706", "2010-09-30": "$696", "2010-06-30": "$709", "2010-03-31": "$457", "2009-12-31": "$355", "2009-09-30": "$413", "2009-06-30": "$413", "2009-03-31": "$282", "2008-12-31": "$-41", "2008-09-30": "$2,064", "2008-06-30": "$774", "2008-03-31": "$731", "2007-12-31": "$668", "2007-09-30": "$1,021", "2007-06-30": "$1,550", "2007-03-31": "$717", "2006-12-31": "$1,079", "2006-09-30": "$1,623", "2006-06-30": "$1,748", "2006-03-31": "$784", "2005-12-31": "$1,265", "2005-09-30": "$770", "2005-06-30": "$673", "2005-03-31": "$324"}}, "eps-earnings-per-share-diluted": {"Marathon Oil Annual EPS": {"2019": "$0.59", "2018": "$1.29", "2017": "$-6.73", "2016": "$-2.61", "2015": "$-3.26", "2014": "$4.46", "2013": "$2.47", "2012": "$2.23", "2011": "$4.13", "2010": "$3.61", "2009": "$2.06", "2008": "$4.95", "2007": "$5.69", "2006": "$7.25", "2005": "$4.22"}, "Marathon Oil Quarterly EPS": {"2020-09-30": "$-0.40", "2020-06-30": "$-0.95", "2020-03-31": "$-0.06", "2019-12-31": "$-0.03", "2019-09-30": "$0.21", "2019-06-30": "$0.20", "2019-03-31": "$0.21", "2018-12-31": "$0.46", "2018-09-30": "$0.30", "2018-06-30": "$0.11", "2018-03-31": "$0.42", "2017-12-31": "$-0.03", "2017-09-30": "$-0.70", "2017-06-30": "$-0.16", "2017-03-31": "$-5.84", "2016-12-31": "$-1.62", "2016-09-30": "$-0.23", "2016-06-30": "$-0.20", "2016-03-31": "$-0.56", "2015-12-31": "$-1.17", "2015-09-30": "$-1.11", "2015-06-30": "$-0.57", "2015-03-31": "$-0.41", "2014-12-31": "$1.37", "2014-09-30": "$0.64", "2014-06-30": "$0.80", "2014-03-31": "$1.65", "2013-12-31": "$0.53", "2013-09-30": "$0.80", "2013-06-30": "$0.60", "2013-03-31": "$0.54", "2012-12-31": "$0.45", "2012-09-30": "$0.63", "2012-06-30": "$0.56", "2012-03-31": "$0.59", "2011-12-31": "$0.78", "2011-09-30": "$0.57", "2011-06-30": "$1.39", "2011-03-31": "$1.39", "2010-12-31": "$0.99", "2010-09-30": "$0.98", "2010-06-30": "$1.00", "2010-03-31": "$0.64", "2009-12-31": "$0.50", "2009-09-30": "$0.58", "2009-06-30": "$0.58", "2009-03-31": "$0.40", "2008-12-31": "$-0.05", "2008-09-30": "$2.90", "2008-06-30": "$1.08", "2008-03-31": "$1.02", "2007-12-31": "$0.92", "2007-09-30": "$1.49", "2007-06-30": "$2.25", "2007-03-31": "$1.03", "2006-12-31": "$1.53", "2006-09-30": "$2.26", "2006-06-30": "$2.40", "2006-03-31": "$1.07", "2005-12-31": "$1.75", "2005-09-30": "$1.05", "2005-06-30": "$0.96", "2005-03-31": "$0.47"}}, "shares-outstanding": {"Marathon Oil Annual Shares Outstanding (Millions of Shares)": {"2019": "810", "2018": "847", "2017": "850", "2016": "819", "2015": "677", "2014": "683", "2013": "709", "2012": "710", "2011": "714", "2010": "712", "2009": "711", "2008": "713", "2007": "695", "2006": "722", "2005": "718"}, "Marathon Oil Quarterly Shares Outstanding (Millions of Shares)": {"2020-09-30": "790", "2020-06-30": "790", "2020-03-31": "794", "2019-12-31": "810", "2019-09-30": "803", "2019-06-30": "814", "2019-03-31": "820", "2018-12-31": "847", "2018-09-30": "849", "2018-06-30": "855", "2018-03-31": "852", "2017-12-31": "850", "2017-09-30": "850", "2017-06-30": "850", "2017-03-31": "849", "2016-12-31": "819", "2016-09-30": "847", "2016-06-30": "848", "2016-03-31": "730", "2015-12-31": "677", "2015-09-30": "677", "2015-06-30": "677", "2015-03-31": "675", "2014-12-31": "683", "2014-09-30": "678", "2014-06-30": "679", "2014-03-31": "696", "2013-12-31": "709", "2013-09-30": "711", "2013-06-30": "714", "2013-03-31": "712", "2012-12-31": "710", "2012-09-30": "709", "2012-06-30": "709", "2012-03-31": "710", "2011-12-31": "714", "2011-09-30": "714", "2011-06-30": "717", "2011-03-31": "715", "2010-12-31": "713", "2010-09-30": "712", "2010-06-30": "712", "2010-03-31": "715", "2009-12-31": "711", "2009-09-30": "711", "2009-06-30": "712", "2009-03-31": "712", "2008-12-31": "713", "2008-09-30": "711", "2008-06-30": "711", "2008-03-31": "717", "2007-12-31": "695", "2007-09-30": "685", "2007-06-30": "689", "2007-03-31": "694", "2006-12-31": "722", "2006-09-30": "719", "2006-06-30": "728", "2006-03-31": "736", "2005-12-31": "718", "2005-09-30": "737", "2005-06-30": "700", "2005-03-31": "697"}}, "total-assets": {"Marathon Oil Annual Total Assets (Millions of US $)": {"2019": "$20,245", "2018": "$21,321", "2017": "$22,012", "2016": "$31,094", "2015": "$32,311", "2014": "$35,983", "2013": "$35,620", "2012": "$35,306", "2011": "$31,371", "2010": "$50,014", "2009": "$47,052", "2008": "$42,686", "2007": "$42,746", "2006": "$30,831", "2005": "$28,498"}, "Marathon Oil Quarterly Total Assets (Millions of US $)": {"2020-09-30": "$18,663", "2020-06-30": "$18,567", "2020-03-31": "$19,715", "2019-12-31": "$20,245", "2019-09-30": "$20,373", "2019-06-30": "$21,282", "2019-03-31": "$21,410", "2018-12-31": "$21,321", "2018-09-30": "$21,778", "2018-06-30": "$21,871", "2018-03-31": "$21,634", "2017-12-31": "$22,012", "2017-09-30": "$22,947", "2017-06-30": "$24,241", "2017-03-31": "$24,537", "2016-12-31": "$31,094", "2016-09-30": "$32,310", "2016-06-30": "$32,527", "2016-03-31": "$32,868", "2015-12-31": "$32,311", "2015-09-30": "$34,674", "2015-06-30": "$35,770", "2015-03-31": "$34,736", "2014-12-31": "$35,983", "2014-09-30": "$36,700", "2014-06-30": "$35,935", "2014-03-31": "$36,151", "2013-12-31": "$35,620", "2013-09-30": "$35,776", "2013-06-30": "$35,048", "2013-03-31": "$35,109", "2012-12-31": "$35,306", "2012-09-30": "$34,558", "2012-06-30": "$32,250", "2012-03-31": "$31,851", "2011-12-31": "$31,371", "2011-09-30": "$30,541", "2011-06-30": "$30,490", "2011-03-31": "$51,865", "2010-12-31": "$50,014", "2010-09-30": "$48,123", "2010-06-30": "$47,496", "2010-03-31": "$47,725", "2009-12-31": "$47,052", "2009-09-30": "$45,415", "2009-06-30": "$44,441", "2009-03-31": "$43,312", "2008-12-31": "$42,686", "2008-09-30": "$48,906", "2008-06-30": "$48,690", "2008-03-31": "$44,765", "2007-12-31": "$42,746", "2007-09-30": "$35,959", "2007-06-30": "$33,605", "2007-03-31": "$31,396", "2006-12-31": "$30,831", "2006-09-30": "$30,829", "2006-06-30": "$30,450", "2006-03-31": "$27,804", "2005-12-31": "$28,498", "2005-09-30": "$25,985", "2005-06-30": "$27,096", "2005-03-31": "$23,714"}}, "cash-on-hand": {"Marathon Oil Annual Cash on Hand (Millions of US $)": {"2019": "$858", "2018": "$1,462", "2017": "$563", "2016": "$2,488", "2015": "$1,221", "2014": "$2,398", "2013": "$264", "2012": "$684", "2011": "$493", "2010": "$3,951", "2009": "$2,057", "2008": "$1,285", "2007": "$1,199", "2006": "$2,585", "2005": "$2,617"}, "Marathon Oil Quarterly Cash on Hand (Millions of US $)": {"2020-09-30": "$1,119", "2020-06-30": "$522", "2020-03-31": "$817", "2019-12-31": "$858", "2019-09-30": "$1,165", "2019-06-30": "$961", "2019-03-31": "$1,019", "2018-12-31": "$1,462", "2018-09-30": "$1,564", "2018-06-30": "$1,667", "2018-03-31": "$1,613", "2017-12-31": "$563", "2017-09-30": "$1,795", "2017-06-30": "$2,614", "2017-03-31": "$2,490", "2016-12-31": "$2,488", "2016-09-30": "$1,953", "2016-06-30": "$2,584", "2016-03-31": "$2,072", "2015-12-31": "$1,221", "2015-09-30": "$2,380", "2015-06-30": "$2,497", "2015-03-31": "$1,126", "2014-12-31": "$2,398", "2014-09-30": "$761", "2014-06-30": "$1,169", "2014-03-31": "$1,964", "2013-12-31": "$264", "2013-09-30": "$354", "2013-06-30": "$246", "2013-03-31": "$768", "2012-12-31": "$684", "2012-09-30": "$671", "2012-06-30": "$452", "2012-03-31": "$513", "2011-12-31": "$493", "2011-09-30": "$4,633", "2011-06-30": "$4,711", "2011-03-31": "$5,716", "2010-12-31": "$3,951", "2010-09-30": "$1,643", "2010-06-30": "$2,062", "2010-03-31": "$2,718", "2009-12-31": "$2,057", "2009-09-30": "$1,370", "2009-06-30": "$1,496", "2009-03-31": "$1,869", "2008-12-31": "$1,285", "2008-09-30": "$1,479", "2008-06-30": "$1,270", "2008-03-31": "$1,189", "2007-12-31": "$1,199", "2007-09-30": "$3,269", "2007-06-30": "$2,331", "2007-03-31": "$2,347", "2006-12-31": "$2,585", "2006-09-30": "$2,797", "2006-06-30": "$3,026", "2006-03-31": "$1,269", "2005-12-31": "$2,617", "2005-09-30": "$1,043", "2005-06-30": "$3,462", "2005-03-31": "$3,191"}}, "long-term-debt": {"Marathon Oil Annual Long Term Debt (Millions of US $)": {"2019": "$5,501", "2018": "$5,499", "2017": "$5,494", "2016": "$6,581", "2015": "$7,276", "2014": "$5,295", "2013": "$6,394", "2012": "$6,512", "2011": "$4,674", "2010": "$7,601", "2009": "$8,436", "2008": "$7,087", "2007": "$6,084", "2006": "$3,061", "2005": "$3,698"}, "Marathon Oil Quarterly Long Term Debt (Millions of US $)": {"2020-09-30": "$5,405", "2020-06-30": "$5,503", "2020-03-31": "$5,502", "2019-12-31": "$5,501", "2019-09-30": "$4,903", "2019-06-30": "$4,902", "2019-03-31": "$5,501", "2018-12-31": "$5,499", "2018-09-30": "$5,498", "2018-06-30": "$5,497", "2018-03-31": "$5,495", "2017-12-31": "$5,494", "2017-09-30": "$6,488", "2017-06-30": "$6,715", "2017-03-31": "$5,723", "2016-12-31": "$6,581", "2016-09-30": "$7,277", "2016-06-30": "$7,280", "2016-03-31": "$7,280", "2015-12-31": "$7,276", "2015-09-30": "$7,323", "2015-06-30": "$7,321", "2015-03-31": "$5,326", "2014-12-31": "$5,295", "2014-09-30": "$6,355", "2014-06-30": "$6,362", "2014-03-31": "$6,392", "2013-12-31": "$6,394", "2013-09-30": "$6,433", "2013-06-30": "$6,428", "2013-03-31": "$6,476", "2012-12-31": "$6,512", "2012-09-30": "$4,518", "2012-06-30": "$4,513", "2012-03-31": "$4,559", "2011-12-31": "$4,674", "2011-09-30": "$4,705", "2011-06-30": "$4,684", "2011-03-31": "$7,992", "2010-12-31": "$7,601", "2010-09-30": "$7,844", "2010-06-30": "$7,829", "2010-03-31": "$8,440", "2009-12-31": "$8,436", "2009-09-30": "$8,581", "2009-06-30": "$8,518", "2009-03-31": "$8,590", "2008-12-31": "$7,087", "2008-09-30": "$7,074", "2008-06-30": "$7,059", "2008-03-31": "$7,098", "2007-12-31": "$6,084", "2007-09-30": "$5,678", "2007-06-30": "$4,237", "2007-03-31": "$2,654", "2006-12-31": "$3,061", "2006-09-30": "$3,230", "2006-06-30": "$3,224", "2006-03-31": "$3,687", "2005-12-31": "$3,698", "2005-09-30": "$3,728", "2005-06-30": "$3,743", "2005-03-31": "$4,032"}}, "total-liabilities": {"Marathon Oil Annual Total Liabilities (Millions of US $)": {"2019": "$8,092", "2018": "$9,193", "2017": "$10,304", "2016": "$13,553", "2015": "$13,758", "2014": "$14,963", "2013": "$16,276", "2012": "$17,023", "2011": "$14,212", "2010": "$26,243", "2009": "$25,142", "2008": "$21,277", "2007": "$23,523", "2006": "$16,224", "2005": "$16,793"}, "Marathon Oil Quarterly Total Liabilities (Millions of US $)": {"2020-09-30": "$7,771", "2020-06-30": "$7,392", "2020-03-31": "$7,757", "2019-12-31": "$8,092", "2019-09-30": "$8,102", "2019-06-30": "$9,181", "2019-03-31": "$9,202", "2018-12-31": "$9,193", "2018-09-30": "$9,734", "2018-06-30": "$9,739", "2018-03-31": "$9,600", "2017-12-31": "$10,304", "2017-09-30": "$11,172", "2017-06-30": "$11,836", "2017-03-31": "$11,953", "2016-12-31": "$13,553", "2016-09-30": "$13,388", "2016-06-30": "$13,374", "2016-03-31": "$13,517", "2015-12-31": "$13,758", "2015-09-30": "$15,339", "2015-06-30": "$15,552", "2015-03-31": "$14,076", "2014-12-31": "$14,963", "2014-09-30": "$16,474", "2014-06-30": "$16,067", "2014-03-31": "$16,346", "2013-12-31": "$16,276", "2013-09-30": "$16,782", "2013-06-30": "$16,027", "2013-03-31": "$16,521", "2012-12-31": "$17,023", "2012-09-30": "$16,494", "2012-06-30": "$14,465", "2012-03-31": "$14,345", "2011-12-31": "$14,212", "2011-09-30": "$13,785", "2011-06-30": "$13,783", "2011-03-31": "$27,160", "2010-12-31": "$26,243", "2010-09-30": "$24,767", "2010-06-30": "$24,655", "2010-03-31": "$25,498", "2009-12-31": "$25,142", "2009-09-30": "$23,324", "2009-06-30": "$22,628", "2009-03-31": "$21,801", "2008-12-31": "$21,277", "2008-09-30": "$26,979", "2008-06-30": "$28,581", "2008-03-31": "$25,097", "2007-12-31": "$23,523", "2007-09-30": "$19,277", "2007-06-30": "$17,790", "2007-03-31": "$16,604", "2006-12-31": "$16,224", "2006-09-30": "$16,377", "2006-06-30": "$16,961", "2006-03-31": "$15,639", "2005-12-31": "$16,793", "2005-09-30": "$15,343", "2005-06-30": "$17,139", "2005-03-31": "$15,337"}}, "total-share-holder-equity": {"Marathon Oil Annual Share Holder Equity (Millions of US $)": {"2019": "$12,153", "2018": "$12,128", "2017": "$11,708", "2016": "$17,541", "2015": "$18,553", "2014": "$21,020", "2013": "$19,344", "2012": "$18,283", "2011": "$17,159", "2010": "$23,771", "2009": "$21,910", "2008": "$21,409", "2007": "$19,223", "2006": "$14,607", "2005": "$11,705"}, "Marathon Oil Quarterly Share Holder Equity (Millions of US $)": {"2020-09-30": "$10,892", "2020-06-30": "$11,175", "2020-03-31": "$11,958", "2019-12-31": "$12,153", "2019-09-30": "$12,271", "2019-06-30": "$12,101", "2019-03-31": "$12,208", "2018-12-31": "$12,128", "2018-09-30": "$12,044", "2018-06-30": "$12,132", "2018-03-31": "$12,034", "2017-12-31": "$11,708", "2017-09-30": "$11,775", "2017-06-30": "$12,405", "2017-03-31": "$12,584", "2016-12-31": "$17,541", "2016-09-30": "$18,922", "2016-06-30": "$19,153", "2016-03-31": "$19,351", "2015-12-31": "$18,553", "2015-09-30": "$19,335", "2015-06-30": "$20,218", "2015-03-31": "$20,660", "2014-12-31": "$21,020", "2014-09-30": "$20,226", "2014-06-30": "$19,868", "2014-03-31": "$19,805", "2013-12-31": "$19,344", "2013-09-30": "$18,994", "2013-06-30": "$19,021", "2013-03-31": "$18,588", "2012-12-31": "$18,283", "2012-09-30": "$18,064", "2012-06-30": "$17,785", "2012-03-31": "$17,506", "2011-12-31": "$17,159", "2011-09-30": "$16,756", "2011-06-30": "$16,707", "2011-03-31": "$24,705", "2010-12-31": "$23,771", "2010-09-30": "$23,356", "2010-06-30": "$22,841", "2010-03-31": "$22,227", "2009-12-31": "$21,910", "2009-09-30": "$22,091", "2009-06-30": "$21,813", "2009-03-31": "$21,511", "2008-12-31": "$21,409", "2008-09-30": "$21,927", "2008-06-30": "$20,109", "2008-03-31": "$19,668", "2007-12-31": "$19,223", "2007-09-30": "$16,682", "2007-06-30": "$15,815", "2007-03-31": "$14,792", "2006-12-31": "$14,607", "2006-09-30": "$14,452", "2006-06-30": "$13,489", "2006-03-31": "$12,165", "2005-12-31": "$11,705", "2005-09-30": "$10,642", "2005-06-30": "$9,957", "2005-03-31": "$8,377"}}, "profit-margins": {"current": "-32.64%"}, "gross margin": {"2020-09-30": "83.27%", "2020-06-30": "84.46%", "2020-03-31": "85.98%", "2019-12-31": "85.94%", "2019-09-30": "85.64%", "2019-06-30": "85.45%", "2019-03-31": "85.41%", "2018-12-31": "85.73%", "2018-09-30": "85.23%", "2018-06-30": "83.73%", "2018-03-31": "81.86%", "2017-12-31": "79.95%", "2017-09-30": "78.14%", "2017-06-30": "76.40%", "2017-03-31": "73.97%", "2016-12-31": "70.18%", "2016-09-30": "82.44%", "2016-06-30": "77.22%", "2016-03-31": "71.75%", "2015-12-31": "68.09%", "2015-09-30": "59.81%", "2015-06-30": "59.09%", "2015-03-31": "59.38%", "2014-12-31": "59.88%", "2014-09-30": "55.94%", "2014-06-30": "55.95%", "2014-03-31": "57.75%", "2013-12-31": "62.63%", "2013-09-30": "58.54%", "2013-06-30": "62.12%", "2013-03-31": "62.78%", "2012-12-31": "59.78%", "2012-09-30": "68.32%", "2012-06-30": "64.62%", "2012-03-31": "61.16%", "2011-12-31": "60.13%", "2011-09-30": "56.20%", "2011-06-30": "57.26%", "2011-03-31": "58.00%", "2010-12-31": "32.37%", "2010-09-30": "25.15%", "2010-06-30": "22.44%", "2010-03-31": "21.31%", "2009-12-31": "23.27%", "2009-09-30": "24.99%", "2009-06-30": "25.54%", "2009-03-31": "23.00%", "2008-12-31": "21.36%", "2008-09-30": "19.27%", "2008-06-30": "18.13%", "2008-03-31": "21.17%", "2007-12-31": "22.78%", "2007-09-30": "25.87%", "2007-06-30": "28.06%", "2007-03-31": "27.25%", "2006-12-31": "26.00%", "2006-09-30": "24.90%", "2006-06-30": "22.10%", "2006-03-31": "20.48%", "2005-12-31": "19.99%"}, "operating margin": {"2020-09-30": "-24.43%", "2020-06-30": "-9.46%", "2020-03-31": "11.87%", "2019-12-31": "12.56%", "2019-09-30": "19.77%", "2019-06-30": "22.11%", "2019-03-31": "20.95%", "2018-12-31": "28.24%", "2018-09-30": "23.90%", "2018-06-30": "11.10%", "2018-03-31": "7.66%", "2017-12-31": "-2.59%", "2017-09-30": "-4.79%", "2017-06-30": "-1.21%", "2017-03-31": "-3.51%", "2016-12-31": "-22.56%", "2016-09-30": "-49.30%", "2016-06-30": "-68.69%", "2016-03-31": "-61.49%", "2015-12-31": "-46.45%", "2015-09-30": "-28.42%", "2015-06-30": "-4.15%", "2015-03-31": "6.01%", "2014-12-31": "14.74%", "2014-09-30": "12.80%", "2014-06-30": "15.78%", "2014-03-31": "18.37%", "2013-12-31": "23.58%", "2013-09-30": "17.76%", "2013-06-30": "24.63%", "2013-03-31": "28.19%", "2012-12-31": "27.80%", "2012-09-30": "38.98%", "2012-06-30": "36.97%", "2012-03-31": "33.36%", "2011-12-31": "32.93%", "2011-09-30": "30.70%", "2011-06-30": "30.41%", "2011-03-31": "32.49%", "2010-12-31": "15.50%", "2010-09-30": "10.66%", "2010-06-30": "7.84%", "2010-03-31": "6.21%", "2009-12-31": "5.79%", "2009-09-30": "6.39%", "2009-06-30": "9.48%", "2009-03-31": "9.00%", "2008-12-31": "8.85%", "2008-09-30": "7.58%", "2008-06-30": "5.68%", "2008-03-31": "8.03%", "2007-12-31": "8.92%", "2007-09-30": "11.35%", "2007-06-30": "13.70%", "2007-03-31": "13.44%", "2006-12-31": "12.97%", "2006-09-30": "12.78%", "2006-06-30": "10.28%", "2006-03-31": "8.56%", "2005-12-31": "7.75%"}, "ebitda margin": {"2020-09-30": "44.30%", "2020-06-30": "52.58%", "2020-03-31": "62.76%", "2019-12-31": "59.91%", "2019-09-30": "65.72%", "2019-06-30": "65.72%", "2019-03-31": "64.17%", "2018-12-31": "69.60%", "2018-09-30": "64.75%", "2018-06-30": "54.82%", "2018-03-31": "55.41%", "2017-12-31": "51.21%", "2017-09-30": "53.82%", "2017-06-30": "59.29%", "2017-03-31": "57.75%", "2016-12-31": "44.07%", "2016-09-30": "15.77%", "2016-06-30": "4.15%", "2016-03-31": "3.59%", "2015-12-31": "12.25%", "2015-09-30": "24.91%", "2015-06-30": "34.93%", "2015-03-31": "38.90%", "2014-12-31": "42.34%", "2014-09-30": "40.27%", "2014-06-30": "41.94%", "2014-03-31": "42.99%", "2013-12-31": "46.51%", "2013-09-30": "38.77%", "2013-06-30": "41.42%", "2013-03-31": "44.02%", "2012-12-31": "44.58%", "2012-09-30": "54.27%", "2012-06-30": "53.70%", "2012-03-31": "50.02%", "2011-12-31": "48.35%", "2011-09-30": "47.36%", "2011-06-30": "44.92%", "2011-03-31": "48.57%", "2010-12-31": "23.81%", "2010-09-30": "14.26%", "2010-06-30": "11.69%", "2010-03-31": "9.47%", "2009-12-31": "9.42%", "2009-09-30": "14.11%", "2009-06-30": "16.02%", "2009-03-31": "14.40%", "2008-12-31": "13.45%", "2008-09-30": "9.91%", "2008-06-30": "7.98%", "2008-03-31": "10.38%", "2007-12-31": "11.36%", "2007-09-30": "13.98%", "2007-06-30": "16.26%", "2007-03-31": "15.90%", "2006-12-31": "15.30%", "2006-09-30": "14.96%", "2006-06-30": "12.38%", "2006-03-31": "10.64%", "2005-12-31": "9.82%"}, "pre tax profit margin": {"2020-09-30": "-32.13%", "2020-06-30": "-16.07%", "2020-03-31": "6.47%", "2019-12-31": "7.74%", "2019-09-30": "15.37%", "2019-06-30": "17.88%", "2019-03-31": "16.71%", "2018-12-31": "24.18%", "2018-09-30": "19.53%", "2018-06-30": "6.09%", "2018-03-31": "1.71%", "2017-12-31": "-10.30%", "2017-09-30": "-15.68%", "2017-06-30": "-13.14%", "2017-03-31": "-16.06%", "2016-12-31": "-35.97%", "2016-09-30": "-63.72%", "2016-06-30": "-80.16%", "2016-03-31": "-69.94%", "2015-12-31": "-52.62%", "2015-09-30": "-31.94%", "2015-06-30": "-6.79%", "2015-03-31": "3.56%", "2014-12-31": "12.55%", "2014-09-30": "10.31%", "2014-06-30": "13.17%", "2014-03-31": "15.87%", "2013-12-31": "21.13%", "2013-09-30": "15.09%", "2013-06-30": "22.37%", "2013-03-31": "26.15%", "2012-12-31": "25.94%", "2012-09-30": "37.63%", "2012-06-30": "35.74%", "2012-03-31": "32.43%", "2011-12-31": "30.30%", "2011-09-30": "28.17%", "2011-06-30": "27.84%", "2011-03-31": "29.00%", "2010-12-31": "14.80%", "2010-09-30": "10.02%", "2010-06-30": "7.54%", "2010-03-31": "6.60%", "2009-12-31": "6.44%", "2009-09-30": "5.48%", "2009-06-30": "9.04%", "2009-03-31": "8.67%", "2008-12-31": "8.81%", "2008-09-30": "8.92%", "2008-06-30": "7.18%", "2008-03-31": "9.46%", "2007-12-31": "10.25%", "2007-09-30": "12.73%", "2007-06-30": "14.81%", "2007-03-31": "14.44%", "2006-12-31": "13.84%", "2006-09-30": "13.45%", "2006-06-30": "10.79%", "2006-03-31": "8.50%", "2005-12-31": "7.49%"}, "net profit margin": {"2020-09-30": "-32.30%", "2020-06-30": "-16.29%", "2020-03-31": "5.32%", "2019-12-31": "9.48%", "2019-09-30": "17.08%", "2019-06-30": "17.80%", "2019-03-31": "16.42%", "2018-12-31": "18.57%", "2018-09-30": "11.49%", "2018-06-30": "-3.15%", "2018-03-31": "-8.14%", "2017-12-31": "-129.80%", "2017-09-30": "-175.33%", "2017-06-30": "-179.63%", "2017-03-31": "-189.46%", "2016-12-31": "-66.13%", "2016-09-30": "-62.21%", "2016-06-30": "-69.84%", "2016-03-31": "-62.05%", "2015-12-31": "-47.55%", "2015-09-30": "-7.18%", "2015-06-30": "8.43%", "2015-03-31": "16.82%", "2014-12-31": "28.08%", "2014-09-30": "25.00%", "2014-06-30": "26.05%", "2014-03-31": "24.62%", "2013-12-31": "15.48%", "2013-09-30": "16.67%", "2013-06-30": "14.07%", "2013-03-31": "12.95%", "2012-12-31": "13.22%", "2012-09-30": "11.89%", "2012-06-30": "11.90%", "2012-03-31": "16.00%", "2011-12-31": "20.08%", "2011-09-30": "21.58%", "2011-06-30": "24.99%", "2011-03-31": "24.48%", "2010-12-31": "10.38%", "2010-09-30": "5.96%", "2010-06-30": "3.97%", "2010-03-31": "2.78%", "2009-12-31": "2.74%", "2009-09-30": "2.07%", "2009-06-30": "4.52%", "2009-03-31": "4.47%", "2008-12-31": "4.61%", "2008-09-30": "5.27%", "2008-06-30": "4.30%", "2008-03-31": "5.75%", "2007-12-31": "6.17%", "2007-09-30": "7.26%", "2007-06-30": "8.29%", "2007-03-31": "8.42%", "2006-12-31": "8.07%", "2006-09-30": "7.96%", "2006-06-30": "6.65%", "2006-03-31": "5.25%", "2005-12-31": "4.81%"}, "pe ratio": {"current": "0.00", "2021-02-11": "0.00", "2020-09-30": "0.00", "2020-06-30": "0.00", "2020-03-31": "10.23", "2019-12-31": "22.78", "2019-09-30": "11.09", "2019-06-30": "11.82", "2019-03-31": "15.00", "2018-12-31": "10.76", "2018-09-30": "28.30", "2018-06-30": "0.00", "2018-03-31": "0.00", "2017-12-31": "0.00", "2017-09-30": "0.00", "2017-06-30": "0.00", "2017-03-31": "0.00", "2016-12-31": "0.00", "2016-09-30": "0.00", "2016-06-30": "0.00", "2016-03-31": "0.00", "2015-12-31": "0.00", "2015-09-30": "0.00", "2015-06-30": "23.74", "2015-03-31": "9.95", "2014-12-31": "5.76", "2014-09-30": "9.34", "2014-06-30": "9.45", "2014-03-31": "8.83", "2013-12-31": "12.63", "2013-09-30": "12.88", "2013-06-30": "13.67", "2013-03-31": "13.51", "2012-12-31": "11.95", "2012-09-30": "9.98", "2012-06-30": "8.79", "2012-03-31": "8.12", "2011-12-31": "6.02", "2011-09-30": "4.20", "2011-06-30": "5.72", "2011-03-31": "6.27", "2010-12-31": "5.24", "2010-09-30": "5.38", "2010-06-30": "5.75", "2010-03-31": "6.86", "2009-12-31": "7.50", "2009-09-30": "10.45", "2009-06-30": "3.85", "2009-03-31": "2.94", "2008-12-31": "2.66", "2008-09-30": "3.19", "2008-06-30": "5.41", "2008-03-31": "3.76", "2007-12-31": "4.98", "2007-09-30": "4.21", "2007-06-30": "3.93", "2007-03-31": "3.16", "2006-12-31": "2.93"}, "price sales": {"2021-02-11": "1.99", "2020-09-30": "0.93", "2020-06-30": "1.22", "2020-03-31": "0.54", "2019-12-31": "2.15", "2019-09-30": "1.91", "2019-06-30": "2.11", "2019-03-31": "2.48", "2018-12-31": "2.02", "2018-09-30": "3.27", "2018-06-30": "3.11", "2018-03-31": "2.64", "2017-12-31": "3.15", "2017-09-30": "2.72", "2017-06-30": "2.57", "2017-03-31": "3.58", "2016-12-31": "4.14", "2016-09-30": "4.74", "2016-06-30": "3.39", "2016-03-31": "1.91", "2015-12-31": "1.72", "2015-09-30": "1.44", "2015-06-30": "2.01", "2015-03-31": "1.68", "2014-12-31": "1.62", "2014-09-30": "2.34", "2014-06-30": "2.47", "2014-03-31": "2.19", "2013-12-31": "1.97", "2013-09-30": "2.15", "2013-06-30": "1.92", "2013-03-31": "1.75", "2012-12-31": "1.58", "2012-09-30": "1.19", "2012-06-30": "1.05", "2012-03-31": "1.31", "2011-12-31": "1.21", "2011-09-30": "0.91", "2011-06-30": "1.43", "2011-03-31": "1.54", "2010-12-31": "0.55", "2010-09-30": "0.32", "2010-06-30": "0.23", "2010-03-31": "0.19", "2009-12-31": "0.21", "2009-09-30": "0.22", "2009-06-30": "0.17", "2009-03-31": "0.13", "2008-12-31": "0.12", "2008-09-30": "0.17", "2008-06-30": "0.23", "2008-03-31": "0.22", "2007-12-31": "0.31", "2007-09-30": "0.31", "2007-06-30": "0.33", "2007-03-31": "0.27", "2006-12-31": "0.24"}, "price book": {"current": "0.64", "2021-02-11": "0.63", "2020-09-30": "0.30", "2020-06-30": "0.43", "2020-03-31": "0.22", "2019-12-31": "0.88", "2019-09-30": "0.79", "2019-06-30": "0.93", "2019-03-31": "1.10", "2018-12-31": "0.94", "2018-09-30": "1.58", "2018-06-30": "1.42", "2018-03-31": "1.11", "2017-12-31": "1.19", "2017-09-30": "0.94", "2017-06-30": "0.78", "2017-03-31": "1.02", "2016-12-31": "0.80", "2016-09-30": "0.67", "2016-06-30": "0.63", "2016-03-31": "0.46", "2015-12-31": "0.43", "2015-09-30": "0.50", "2015-06-30": "0.82", "2015-03-31": "0.78", "2014-12-31": "0.82", "2014-09-30": "1.13", "2014-06-30": "1.21", "2014-03-31": "1.09", "2013-12-31": "1.13", "2013-09-30": "1.13", "2013-06-30": "1.13", "2013-03-31": "1.12", "2012-12-31": "1.03", "2012-09-30": "1.00", "2012-06-30": "0.87", "2012-03-31": "1.09", "2011-12-31": "1.02", "2011-09-30": "0.77", "2011-06-30": "1.16", "2011-03-31": "0.79", "2010-12-31": "0.56", "2010-09-30": "0.51", "2010-06-30": "0.49", "2010-03-31": "0.50", "2009-12-31": "0.50", "2009-09-30": "0.50", "2009-06-30": "0.48", "2009-03-31": "0.42", "2008-12-31": "0.43", "2008-09-30": "0.61", "2008-06-30": "0.86", "2008-03-31": "0.77", "2007-12-31": "1.05", "2007-09-30": "1.08", "2007-06-30": "1.20", "2007-03-31": "1.06", "2006-12-31": "1.01", "2006-09-30": "0.86", "2006-06-30": "1.01", "2006-03-31": "1.03"}, "price fcf": {"2021-02-11": "", "2020-09-30": "$0.09", "2020-06-30": "$-0.27", "2020-03-31": "$0.39", "2019-12-31": "$0.20", "2019-09-30": "$0.44", "2019-06-30": "$0.86", "2019-03-31": "$0.66", "2018-12-31": "$2.03", "2018-09-30": "$1.51", "2018-06-30": "$1.25", "2018-03-31": "$3.01", "2017-12-31": "$2.09", "2017-09-30": "$2.77", "2017-06-30": "$2.99", "2017-03-31": "$1.99", "2016-12-31": "$1.12", "2016-09-30": "$0.52", "2016-06-30": "$0.21", "2016-03-31": "$-1.30", "2015-12-31": "$-2.49", "2015-09-30": "$-0.75", "2015-06-30": "$-0.15", "2015-03-31": "$0.57", "2014-12-31": "$5.98", "2014-09-30": "$4.63", "2014-06-30": "$5.12", "2014-03-31": "$4.79", "2013-12-31": "$1.80", "2013-09-30": "$2.38", "2013-06-30": "$0.94", "2013-03-31": "$0.67", "2012-12-31": "$0.17", "2012-09-30": "$0.15", "2012-06-30": "$1.07", "2012-03-31": "$3.31", "2011-12-31": "$5.68", "2011-09-30": "$7.71", "2011-06-30": "$7.21", "2011-03-31": "$6.61", "2010-12-31": "$5.19", "2010-09-30": "$7.36", "2010-06-30": "$7.20", "2010-03-31": "$6.04", "2009-12-31": "$3.84", "2009-09-30": "$0.11", "2009-06-30": "$0.48", "2009-03-31": "$1.08", "2008-12-31": "$1.07", "2008-09-30": "$2.61", "2008-06-30": "$1.75", "2008-03-31": "$1.79", "2007-12-31": "$3.28", "2007-09-30": "$1.46", "2007-06-30": "$2.64", "2007-03-31": "$3.89", "2006-12-31": "$3.03"}, "net worth": {"value": "$7.02B"}, "current ratio": {"current": "1.23", "2020-09-30": "1.23", "2020-06-30": "1.32", "2020-03-31": "1.32", "2019-12-31": "1.22", "2019-09-30": "1.06", "2019-06-30": "1.09", "2019-03-31": "1.49", "2018-12-31": "1.59", "2018-09-30": "1.43", "2018-06-30": "1.51", "2018-03-31": "1.52", "2017-12-31": "1.30", "2017-09-30": "2.09", "2017-06-30": "2.13", "2017-03-31": "1.21", "2016-12-31": "1.64", "2016-09-30": "2.16", "2016-06-30": "2.72", "2016-03-31": "2.14", "2015-12-31": "1.50", "2015-09-30": "1.36", "2015-06-30": "1.35", "2015-03-31": "0.83", "2014-12-31": "1.05", "2014-09-30": "1.01", "2014-06-30": "1.06", "2014-03-31": "1.11", "2013-12-31": "0.69", "2013-09-30": "0.74", "2013-06-30": "0.82", "2013-03-31": "0.82", "2012-12-31": "0.74", "2012-09-30": "0.60", "2012-06-30": "0.69", "2012-03-31": "0.74", "2011-12-31": "0.73", "2011-09-30": "1.73", "2011-06-30": "1.76", "2011-03-31": "1.34", "2010-12-31": "1.24", "2010-09-30": "1.21", "2010-06-30": "1.21", "2010-03-31": "1.25", "2009-12-31": "1.17", "2009-09-30": "1.17", "2009-06-30": "1.17", "2009-03-31": "1.24", "2008-12-31": "1.08", "2008-09-30": "1.01", "2008-06-30": "0.95", "2008-03-31": "0.98", "2007-12-31": "0.94", "2007-09-30": "1.53", "2007-06-30": "1.33", "2007-03-31": "1.17", "2006-12-31": "1.25", "2006-09-30": "1.34", "2006-06-30": "1.29", "2006-03-31": "1.20", "2005-12-31": "1.15", "2005-09-30": "1.18", "2005-06-30": "1.07", "2005-03-31": "1.72"}, "quick ratio": {"2020-09-30": "1.18", "2020-06-30": "1.25", "2020-03-31": "1.27", "2019-12-31": "1.18", "2019-09-30": "1.03", "2019-06-30": "1.06", "2019-03-31": "1.45", "2018-12-31": "1.54", "2018-09-30": "1.38", "2018-06-30": "1.45", "2018-03-31": "1.46", "2017-12-31": "1.24", "2017-09-30": "2.02", "2017-06-30": "2.06", "2017-03-31": "1.16", "2016-12-31": "1.58", "2016-09-30": "2.00", "2016-06-30": "2.52", "2016-03-31": "1.94", "2015-12-31": "1.32", "2015-09-30": "1.24", "2015-06-30": "1.24", "2015-03-31": "0.73", "2014-12-31": "0.97", "2014-09-30": "0.92", "2014-06-30": "0.96", "2014-03-31": "1.02", "2013-12-31": "0.60", "2013-09-30": "0.66", "2013-06-30": "0.73", "2013-03-31": "0.74", "2012-12-31": "0.67", "2012-09-30": "0.55", "2012-06-30": "0.62", "2012-03-31": "0.67", "2011-12-31": "0.65", "2011-09-30": "1.65", "2011-06-30": "1.68", "2011-03-31": "1.08", "2010-12-31": "0.93", "2010-09-30": "0.80", "2010-06-30": "0.83", "2010-03-31": "0.84", "2009-12-31": "0.78", "2009-09-30": "0.72", "2009-06-30": "0.72", "2009-03-31": "0.73", "2008-12-31": "0.63", "2008-09-30": "0.65", "2008-06-30": "0.61", "2008-03-31": "0.65", "2007-12-31": "0.65", "2007-09-30": "1.00", "2007-06-30": "0.84", "2007-03-31": "0.77", "2006-12-31": "0.86", "2006-09-30": "0.84", "2006-06-30": "0.85", "2006-03-31": "0.72", "2005-12-31": "0.78", "2005-09-30": "0.72", "2005-06-30": "0.69", "2005-03-31": "1.29"}, "debt equity ratio": {"current": "0.50", "2020-09-30": "0.71", "2020-06-30": "0.66", "2020-03-31": "0.65", "2019-12-31": "0.67", "2019-09-30": "0.66", "2019-06-30": "0.76", "2019-03-31": "0.75", "2018-12-31": "0.76", "2018-09-30": "0.81", "2018-06-30": "0.80", "2018-03-31": "0.80", "2017-12-31": "0.88", "2017-09-30": "0.95", "2017-06-30": "0.95", "2017-03-31": "0.95", "2016-12-31": "0.77", "2016-09-30": "0.71", "2016-06-30": "0.70", "2016-03-31": "0.70", "2015-12-31": "0.74", "2015-09-30": "0.79", "2015-06-30": "0.77", "2015-03-31": "0.68", "2014-12-31": "0.71", "2014-09-30": "0.81", "2014-06-30": "0.81", "2014-03-31": "0.83", "2013-12-31": "0.84", "2013-09-30": "0.88", "2013-06-30": "0.84", "2013-03-31": "0.89", "2012-12-31": "0.93", "2012-09-30": "0.91", "2012-06-30": "0.81", "2012-03-31": "0.82", "2011-12-31": "0.83", "2011-09-30": "0.82", "2011-06-30": "0.83", "2011-03-31": "1.10", "2010-12-31": "1.10", "2010-09-30": "1.06", "2010-06-30": "1.08", "2010-03-31": "1.15", "2009-12-31": "1.15", "2009-09-30": "1.06", "2009-06-30": "1.04", "2009-03-31": "1.01", "2008-12-31": "0.99", "2008-09-30": "1.23", "2008-06-30": "1.42", "2008-03-31": "1.28", "2007-12-31": "1.22", "2007-09-30": "1.16", "2007-06-30": "1.13", "2007-03-31": "1.12", "2006-12-31": "1.11", "2006-09-30": "1.13", "2006-06-30": "1.26", "2006-03-31": "1.29", "2005-12-31": "1.44", "2005-09-30": "1.44", "2005-06-30": "1.72", "2005-03-31": "1.83"}, "return on equity": {"2020-09-30": "-9.81%", "2020-06-30": "-5.48%", "2020-03-31": "2.15%", "2019-12-31": "3.94%", "2019-09-30": "7.31%", "2019-06-30": "8.08%", "2019-03-31": "7.54%", "2018-12-31": "9.07%", "2018-09-30": "5.66%", "2018-06-30": "-1.47%", "2018-03-31": "-3.42%", "2017-12-31": "-47.23%", "2017-09-30": "-52.05%", "2017-06-30": "-43.34%", "2017-03-31": "-39.24%", "2016-12-31": "-11.42%", "2016-09-30": "-8.22%", "2016-06-30": "-11.10%", "2016-03-31": "-12.06%", "2015-12-31": "-11.19%", "2015-09-30": "-2.39%", "2015-06-30": "3.39%", "2015-03-31": "7.93%", "2014-12-31": "15.06%", "2014-09-30": "12.59%", "2014-06-30": "13.50%", "2014-03-31": "13.06%", "2013-12-31": "9.23%", "2013-09-30": "9.08%", "2013-06-30": "8.55%", "2013-03-31": "8.51%", "2012-12-31": "8.83%", "2012-09-30": "10.26%", "2012-06-30": "10.20%", "2012-03-31": "13.90%", "2011-12-31": "15.64%", "2011-09-30": "15.15%", "2011-06-30": "15.33%", "2011-03-31": "13.13%", "2010-12-31": "11.14%", "2010-09-30": "9.82%", "2010-06-30": "8.69%", "2010-03-31": "7.44%", "2009-12-31": "6.70%", "2009-09-30": "4.92%", "2009-06-30": "12.55%", "2009-03-31": "14.50%", "2008-12-31": "16.98%", "2008-09-30": "20.94%", "2008-06-30": "16.88%", "2008-03-31": "22.24%", "2007-12-31": "23.79%", "2007-09-30": "28.22%", "2007-06-30": "33.31%", "2007-03-31": "36.04%", "2006-12-31": "38.27%", "2006-09-30": "41.84%", "2006-06-30": "38.06%", "2006-03-31": "31.41%", "2005-12-31": "29.81%"}, "return on assets": {"2020-09-30": "-5.87%", "2020-06-30": "-3.30%", "2020-03-31": "1.27%", "2019-12-31": "2.30%", "2019-09-30": "4.22%", "2019-06-30": "4.56%", "2019-03-31": "4.23%", "2018-12-31": "5.06%", "2018-09-30": "3.11%", "2018-06-30": "-0.79%", "2018-03-31": "-1.81%", "2017-12-31": "-24.42%", "2017-09-30": "-27.49%", "2017-06-30": "-23.74%", "2017-03-31": "-22.21%", "2016-12-31": "-6.65%", "2016-09-30": "-4.81%", "2016-06-30": "-6.40%", "2016-03-31": "-6.89%", "2015-12-31": "-6.41%", "2015-09-30": "-1.37%", "2015-06-30": "1.94%", "2015-03-31": "4.52%", "2014-12-31": "8.42%", "2014-09-30": "6.91%", "2014-06-30": "7.34%", "2014-03-31": "7.07%", "2013-12-31": "4.95%", "2013-09-30": "4.81%", "2013-06-30": "4.52%", "2013-03-31": "4.51%", "2012-12-31": "4.72%", "2012-09-30": "5.56%", "2012-06-30": "5.60%", "2012-03-31": "7.62%", "2011-12-31": "8.17%", "2011-09-30": "7.62%", "2011-06-30": "7.52%", "2011-03-31": "6.29%", "2010-12-31": "5.31%", "2010-09-30": "4.66%", "2010-06-30": "4.12%", "2010-03-31": "3.55%", "2009-12-31": "3.25%", "2009-09-30": "2.43%", "2009-06-30": "6.06%", "2009-03-31": "6.71%", "2008-12-31": "7.63%", "2008-09-30": "9.16%", "2008-06-30": "7.42%", "2008-03-31": "10.11%", "2007-12-31": "11.01%", "2007-09-30": "13.25%", "2007-06-30": "15.69%", "2007-03-31": "16.73%", "2006-12-31": "17.46%", "2006-09-30": "18.44%", "2006-06-30": "16.20%", "2006-03-31": "12.77%", "2005-12-31": "11.52%"}, "return on investments": {"2020-09-30": "-5.03%", "2020-06-30": "-2.19%", "2020-03-31": "3.35%", "2019-12-31": "3.66%", "2019-09-30": "5.93%", "2019-06-30": "6.96%", "2019-03-31": "6.61%", "2018-12-31": "9.48%", "2018-09-30": "8.07%", "2018-06-30": "3.49%", "2018-03-31": "2.14%", "2017-12-31": "-0.63%", "2017-09-30": "-0.97%", "2017-06-30": "-0.21%", "2017-03-31": "-0.52%", "2016-12-31": "-2.82%", "2016-09-30": "-4.71%", "2016-06-30": "-7.90%", "2016-03-31": "-8.68%", "2015-12-31": "-8.12%", "2015-09-30": "-7.21%", "2015-06-30": "-1.29%", "2015-03-31": "2.20%", "2014-12-31": "6.07%", "2014-09-30": "4.88%", "2014-06-30": "6.16%", "2014-03-31": "7.31%", "2013-12-31": "10.51%", "2013-09-30": "7.19%", "2013-06-30": "11.31%", "2013-03-31": "14.23%", "2012-12-31": "14.50%", "2012-09-30": "26.72%", "2012-06-30": "25.02%", "2012-03-31": "22.76%", "2011-12-31": "19.84%", "2011-09-30": "16.51%", "2011-06-30": "14.16%", "2011-03-31": "13.10%", "2010-12-31": "12.38%", "2010-09-30": "12.91%", "2010-06-30": "12.48%", "2010-03-31": "12.00%", "2009-12-31": "10.19%", "2009-09-30": "11.00%", "2009-06-30": "19.31%", "2009-03-31": "21.62%", "2008-12-31": "24.33%", "2008-09-30": "22.51%", "2008-06-30": "16.58%", "2008-03-31": "23.47%", "2007-12-31": "26.84%", "2007-09-30": "35.23%", "2007-06-30": "45.05%", "2007-03-31": "47.43%", "2006-12-31": "49.56%", "2006-09-30": "53.04%", "2006-06-30": "45.34%", "2006-03-31": "38.38%", "2005-12-31": "34.95%"}, "return on tangible equity": {"2020-09-30": "-9.83%", "2020-06-30": "-5.50%", "2020-03-31": "2.16%", "2019-12-31": "3.97%", "2019-09-30": "7.37%", "2019-06-30": "8.14%", "2019-03-31": "7.60%", "2018-12-31": "9.14%", "2018-09-30": "5.71%", "2018-06-30": "-1.48%", "2018-03-31": "-3.45%", "2017-12-31": "-47.68%", "2017-09-30": "-52.49%", "2017-06-30": "-43.67%", "2017-03-31": "-39.50%", "2016-12-31": "-11.49%", "2016-09-30": "-8.27%", "2016-06-30": "-11.21%", "2016-03-31": "-12.24%", "2015-12-31": "-11.41%", "2015-09-30": "-2.44%", "2015-06-30": "3.46%", "2015-03-31": "8.11%", "2014-12-31": "15.41%", "2014-09-30": "12.91%", "2014-06-30": "13.85%", "2014-03-31": "13.40%", "2013-12-31": "9.49%", "2013-09-30": "9.34%", "2013-06-30": "8.80%", "2013-03-31": "8.77%", "2012-12-31": "9.10%", "2012-09-30": "10.58%", "2012-06-30": "10.52%", "2012-03-31": "14.35%", "2011-12-31": "16.29%", "2011-09-30": "15.89%", "2011-06-30": "16.19%", "2011-03-31": "13.94%", "2010-12-31": "11.86%", "2010-09-30": "10.47%", "2010-06-30": "9.27%", "2010-03-31": "7.96%", "2009-12-31": "7.17%", "2009-09-30": "5.26%", "2009-06-30": "13.73%", "2009-03-31": "16.26%", "2008-12-31": "19.56%", "2008-09-30": "24.73%", "2008-06-30": "19.69%", "2008-03-31": "25.54%", "2007-12-31": "26.86%", "2007-09-30": "31.41%", "2007-06-30": "37.21%", "2007-03-31": "40.38%", "2006-12-31": "43.05%", "2006-09-30": "47.34%", "2006-06-30": "43.11%", "2006-03-31": "35.73%", "2005-12-31": "33.27%"}, "dividend yield history": {"last payout": "$0.12", "last yield": "1.35%"}}