{"ticker": "MS", "price": {"title": "Morgan Stanley Historical Annual Stock Price Data", "value": 73.72, "historical": {"2021": {"Average Stock Price": "72.8254", "Year Open": "68.3300", "Year High": "76.4700", "Year Low": "67.0500", "Year Close": "73.7200", "Annual % Change": "7.57%"}, "2020": {"Average Stock Price": "49.2341", "Year Open": "52.0400", "Year High": "68.5300", "Year Low": "27.8100", "Year Close": "68.5300", "Annual % Change": "34.06%"}, "2019": {"Average Stock Price": "44.2112", "Year Open": "40.4000", "Year High": "51.1200", "Year Low": "39.1000", "Year Close": "51.1200", "Annual % Change": "28.93%"}, "2018": {"Average Stock Price": "49.9855", "Year Open": "52.1900", "Year High": "58.9100", "Year Low": "37.0100", "Year Close": "39.6500", "Annual % Change": "-24.43%"}, "2017": {"Average Stock Price": "46.1181", "Year Open": "43.0500", "Year High": "53.8500", "Year Low": "40.6900", "Year Close": "52.4700", "Annual % Change": "24.19%"}, "2016": {"Average Stock Price": "29.8481", "Year Open": "31.4800", "Year High": "43.7300", "Year Low": "21.6900", "Year Close": "42.2500", "Annual % Change": "32.82%"}, "2015": {"Average Stock Price": "35.8821", "Year Open": "38.7100", "Year High": "40.5400", "Year Low": "31.0100", "Year Close": "31.8100", "Annual % Change": "-18.02%"}, "2014": {"Average Stock Price": "32.6830", "Year Open": "31.0300", "Year High": "39.0000", "Year Low": "28.4700", "Year Close": "38.8000", "Annual % Change": "23.72%"}, "2013": {"Average Stock Price": "25.7028", "Year Open": "19.6200", "Year High": "31.6200", "Year Low": "19.5800", "Year Close": "31.3600", "Annual % Change": "64.02%"}, "2012": {"Average Stock Price": "16.5870", "Year Open": "16.0800", "Year High": "21.1700", "Year Low": "12.3600", "Year Close": "19.1200", "Annual % Change": "26.37%"}, "2011": {"Average Stock Price": "21.7762", "Year Open": "28.2300", "Year High": "30.9900", "Year Low": "12.4700", "Year Close": "15.1300", "Annual % Change": "-44.40%"}, "2010": {"Average Stock Price": "27.0791", "Year Open": "30.9100", "Year High": "32.9200", "Year Low": "22.8300", "Year Close": "27.2100", "Annual % Change": "-8.07%"}, "2009": {"Average Stock Price": "27.0679", "Year Open": "16.9900", "Year High": "35.7400", "Year Low": "13.1000", "Year Close": "29.6000", "Annual % Change": "84.54%"}, "2008": {"Average Stock Price": "35.3027", "Year Open": "50.9500", "Year High": "51.7000", "Year Low": "9.2000", "Year Close": "16.0400", "Annual % Change": "-69.80%"}, "2007": {"Average Stock Price": "71.5565", "Year Open": "81.6200", "Year High": "89.3000", "Year Low": "47.9500", "Year Close": "53.1100", "Annual % Change": "-34.78%"}, "2006": {"Average Stock Price": "66.5332", "Year Open": "58.3100", "Year High": "82.0000", "Year Low": "55.2400", "Year Close": "81.4300", "Annual % Change": "43.51%"}, "2005": {"Average Stock Price": "53.9402", "Year Open": "55.9000", "Year High": "60.3200", "Year Low": "48.2200", "Year Close": "56.7400", "Annual % Change": "2.20%"}, "2004": {"Average Stock Price": "53.4384", "Year Open": "56.9800", "Year High": "62.2200", "Year Low": "46.8000", "Year Close": "55.5200", "Annual % Change": "-4.06%"}, "2003": {"Average Stock Price": "46.8102", "Year Open": "41.9400", "Year High": "58.6000", "Year Low": "33.5700", "Year Close": "57.8700", "Annual % Change": "44.96%"}, "2002": {"Average Stock Price": "45.4186", "Year Open": "55.2200", "Year High": "59.6400", "Year Low": "29.3100", "Year Close": "39.9200", "Annual % Change": "-28.64%"}, "2001": {"Average Stock Price": "60.8471", "Year Open": "72.1200", "Year High": "89.8000", "Year Low": "37.6200", "Year Close": "55.9400", "Annual % Change": "-29.41%"}, "2000": {"Average Stock Price": "80.3203", "Year Open": "67.5000", "Year High": "109.3800", "Year Low": "60.2200", "Year Close": "79.2500", "Annual % Change": "11.03%"}, "1999": {"Average Stock Price": "49.7624", "Year Open": "36.3750", "Year High": "71.3750", "Year Low": "36.3750", "Year Close": "71.3750", "Annual % Change": "101.06%"}, "1998": {"Average Stock Price": "35.2447", "Year Open": "29.3750", "Year High": "48.4400", "Year Low": "19.2200", "Year Close": "35.5000", "Annual % Change": "20.09%"}, "1997": {"Average Stock Price": "22.9540", "Year Open": "16.5625", "Year High": "29.5600", "Year Low": "16.5625", "Year Close": "29.5600", "Annual % Change": "78.48%"}, "1996": {"Average Stock Price": "14.0235", "Year Open": "11.8125", "Year High": "17.0950", "Year Low": "11.2800", "Year Close": "16.5625", "Annual % Change": "40.96%"}, "1995": {"Average Stock Price": "11.6627", "Year Open": "8.4050", "Year High": "14.4700", "Year Low": "8.4050", "Year Close": "11.7500", "Annual % Change": "38.72%"}, "1994": {"Average Stock Price": "9.3218", "Year Open": "8.7500", "Year High": "10.7800", "Year Low": "8.0625", "Year Close": "8.4700", "Annual % Change": "-2.14%"}}}, "market cap": {"value": "$134.31B"}, "income statement": {"Revenue": {"2020-12-31": "48198.00000", "2019-12-31": "41419.00000", "2018-12-31": "40107.00000", "2017-12-31": "37945.00000", "2016-12-31": "34631.00000", "2015-12-31": "35155.00000", "2014-12-31": "34275.00000", "2013-12-31": "32493.00000", "2012-12-31": "26178.00000", "2011-12-31": "32227.00000", "2010-12-31": "31230.00000", "2009-12-31": "23280.00000", "2008-12-31": "22140.00000", "2008-11-30": "24739.00000", "2007-12-31": "26478.00000", "2007-11-30": "27979.00000", "2006-11-30": "29799.00000", "2005-11-30": "23525.00000"}, "Cost Of Goods Sold": {"2020-12-31": "2929.00000", "2019-12-31": "2493.00000", "2018-12-31": "2393.00000", "2017-12-31": "2093.00000", "2016-12-31": "1920.00000", "2015-12-31": "1892.00000", "2014-12-31": "1806.00000", "2013-12-31": "1711.00000", "2012-12-31": "1535.00000", "2011-12-31": "1633.00000", "2010-12-31": "1416.00000", "2009-12-31": "1190.00000", "2008-12-31": "1483.00000", "2008-11-30": "1659.00000", "2007-12-31": "1493.00000", "2007-11-30": "1656.00000", "2006-11-30": "1305.00000", "2005-11-30": "1069.00000"}, "Gross Profit": {"2020-12-31": "45269.00000", "2019-12-31": "38926.00000", "2018-12-31": "37714.00000", "2017-12-31": "35852.00000", "2016-12-31": "32711.00000", "2015-12-31": "33263.00000", "2014-12-31": "32469.00000", "2013-12-31": "30782.00000", "2012-12-31": "24643.00000", "2011-12-31": "30594.00000", "2010-12-31": "29814.00000", "2009-12-31": "22090.00000", "2008-12-31": "20657.00000", "2008-11-30": "23080.00000", "2007-12-31": "24985.00000", "2007-11-30": "26323.00000", "2006-11-30": "28494.00000", "2005-11-30": "22456.00000"}, "Research And Development Expenses": {"2020-12-31": "", "2019-12-31": "", "2018-12-31": "", "2017-12-31": "", "2016-12-31": "", "2015-12-31": "", "2014-12-31": "", "2013-12-31": "", "2012-12-31": "", "2011-12-31": "", "2010-12-31": "", "2009-12-31": "", "2008-12-31": "", "2008-11-30": "", "2007-12-31": "", "2007-11-30": "", "2006-11-30": "", "2005-11-30": ""}, "SG&A Expenses": {"2020-12-31": "27517.00000", "2019-12-31": "25256.00000", "2018-12-31": "23995.00000", "2017-12-31": "23064.00000", "2016-12-31": "21688.00000", "2015-12-31": "22144.00000", "2014-12-31": "23667.00000", "2013-12-31": "22076.00000", "2012-12-31": "21593.00000", "2011-12-31": "22064.00000", "2010-12-31": "21434.00000", "2009-12-31": "19311.00000", "2008-12-31": "16791.00000", "2008-11-30": "17519.00000", "2007-12-31": "21180.00000", "2007-11-30": "21800.00000", "2006-11-30": "18519.00000", "2005-11-30": "14960.00000"}, "Other Operating Income Or Expenses": {"2020-12-31": "-3334.00000", "2019-12-31": "-2369.00000", "2018-12-31": "-2482.00000", "2017-12-31": "-2385.00000", "2016-12-31": "-2175.00000", "2015-12-31": "-2624.00000", "2014-12-31": "-5211.00000", "2013-12-31": "-4148.00000", "2012-12-31": "-2454.00000", "2011-12-31": "-2420.00000", "2010-12-31": "-2182.00000", "2009-12-31": "-1649.00000", "2008-12-31": "-2612.00000", "2008-11-30": "-3274.00000", "2007-12-31": "-1029.00000", "2007-11-30": "-1129.00000", "2006-11-30": "-911.00000", "2005-11-30": "-1180.00000"}, "Operating Expenses": {"2020-12-31": "33780.00000", "2019-12-31": "30118.00000", "2018-12-31": "28870.00000", "2017-12-31": "27542.00000", "2016-12-31": "25783.00000", "2015-12-31": "26660.00000", "2014-12-31": "30684.00000", "2013-12-31": "27935.00000", "2012-12-31": "25582.00000", "2011-12-31": "26117.00000", "2010-12-31": "25032.00000", "2009-12-31": "22150.00000", "2008-12-31": "20886.00000", "2008-11-30": "22452.00000", "2007-12-31": "23702.00000", "2007-11-30": "24585.00000", "2006-11-30": "20735.00000", "2005-11-30": "17209.00000"}, "Operating Income": {"2020-12-31": "14418.00000", "2019-12-31": "11301.00000", "2018-12-31": "11237.00000", "2017-12-31": "10403.00000", "2016-12-31": "8848.00000", "2015-12-31": "8495.00000", "2014-12-31": "3591.00000", "2013-12-31": "4558.00000", "2012-12-31": "596.00000", "2011-12-31": "6110.00000", "2010-12-31": "6198.00000", "2009-12-31": "1130.00000", "2008-12-31": "1254.00000", "2008-11-30": "2287.00000", "2007-12-31": "2776.00000", "2007-11-30": "3394.00000", "2006-11-30": "9064.00000", "2005-11-30": "6316.00000"}, "Total Non-Operating Income/Expense": {"2020-12-31": "", "2019-12-31": "", "2018-12-31": "", "2017-12-31": "", "2016-12-31": "", "2015-12-31": "", "2014-12-31": "", "2013-12-31": "", "2012-12-31": "", "2011-12-31": "", "2010-12-31": "", "2009-12-31": "", "2008-12-31": "", "2008-11-30": "", "2007-12-31": "", "2007-11-30": "", "2006-11-30": "", "2005-11-30": ""}, "Pre-Tax Income": {"2020-12-31": "14418.00000", "2019-12-31": "11301.00000", "2018-12-31": "11237.00000", "2017-12-31": "10403.00000", "2016-12-31": "8848.00000", "2015-12-31": "8495.00000", "2014-12-31": "3591.00000", "2013-12-31": "4558.00000", "2012-12-31": "596.00000", "2011-12-31": "6110.00000", "2010-12-31": "6198.00000", "2009-12-31": "1130.00000", "2008-12-31": "1254.00000", "2008-11-30": "2287.00000", "2007-12-31": "2776.00000", "2007-11-30": "3394.00000", "2006-11-30": "9064.00000", "2005-11-30": "6316.00000"}, "Income Taxes": {"2020-12-31": "3239.00000", "2019-12-31": "2064.00000", "2018-12-31": "2350.00000", "2017-12-31": "4168.00000", "2016-12-31": "2726.00000", "2015-12-31": "2200.00000", "2014-12-31": "-90.00000", "2013-12-31": "902.00000", "2012-12-31": "-161.00000", "2011-12-31": "1414.00000", "2010-12-31": "743.00000", "2009-12-31": "-297.00000", "2008-12-31": "16.00000", "2008-11-30": "480.00000", "2007-12-31": "576.00000", "2007-11-30": "831.00000", "2006-11-30": "2729.00000", "2005-11-30": "1473.00000"}, "Income After Taxes": {"2020-12-31": "11179.00000", "2019-12-31": "9237.00000", "2018-12-31": "8887.00000", "2017-12-31": "6235.00000", "2016-12-31": "6122.00000", "2015-12-31": "6295.00000", "2014-12-31": "3681.00000", "2013-12-31": "3656.00000", "2012-12-31": "757.00000", "2011-12-31": "4696.00000", "2010-12-31": "5455.00000", "2009-12-31": "1427.00000", "2008-12-31": "1238.00000", "2008-11-30": "1807.00000", "2007-12-31": "2200.00000", "2007-11-30": "2563.00000", "2006-11-30": "6335.00000", "2005-11-30": "4843.00000"}, "Other Income": {"2020-12-31": "", "2019-12-31": "", "2018-12-31": "", "2017-12-31": "", "2016-12-31": "", "2015-12-31": "", "2014-12-31": "", "2013-12-31": "", "2012-12-31": "", "2011-12-31": "", "2010-12-31": "", "2009-12-31": "", "2008-12-31": "", "2008-11-30": "", "2007-12-31": "", "2007-11-30": "", "2006-11-30": "", "2005-11-30": ""}, "Income From Continuous Operations": {"2020-12-31": "11179.00000", "2019-12-31": "9237.00000", "2018-12-31": "8887.00000", "2017-12-31": "6235.00000", "2016-12-31": "6122.00000", "2015-12-31": "6295.00000", "2014-12-31": "3681.00000", "2013-12-31": "3656.00000", "2012-12-31": "757.00000", "2011-12-31": "4696.00000", "2010-12-31": "5455.00000", "2009-12-31": "1427.00000", "2008-12-31": "1238.00000", "2008-11-30": "1807.00000", "2007-12-31": "2200.00000", "2007-11-30": "2563.00000", "2006-11-30": "6335.00000", "2005-11-30": "4532.00000"}, "Income From Discontinued Operations": {"2020-12-31": "", "2019-12-31": "", "2018-12-31": "-4.00000", "2017-12-31": "-19.00000", "2016-12-31": "1.00000", "2015-12-31": "-16.00000", "2014-12-31": "-14.00000", "2013-12-31": "-43.00000", "2012-12-31": "-41.00000", "2011-12-31": "-51.00000", "2010-12-31": "247.00000", "2009-12-31": "-21.00000", "2008-12-31": "540.00000", "2008-11-30": "-100.00000", "2007-12-31": "1049.00000", "2007-11-30": "646.00000", "2006-11-30": "1137.00000", "2005-11-30": "358.00000"}, "Net Income": {"2020-12-31": "10500.00000", "2019-12-31": "8512.00000", "2018-12-31": "8222.00000", "2017-12-31": "5588.00000", "2016-12-31": "5508.00000", "2015-12-31": "5671.00000", "2014-12-31": "3152.00000", "2013-12-31": "2655.00000", "2012-12-31": "-30.00000", "2011-12-31": "2067.00000", "2010-12-31": "3594.00000", "2009-12-31": "-907.00000", "2008-12-31": "1495.00000", "2008-11-30": "1588.00000", "2007-12-31": "2976.00000", "2007-11-30": "3141.00000", "2006-11-30": "7453.00000", "2005-11-30": "4939.00000"}, "EBITDA": {"2020-12-31": "14418.00000", "2019-12-31": "13944.00000", "2018-12-31": "13081.00000", "2017-12-31": "12156.00000", "2016-12-31": "10584.00000", "2015-12-31": "9928.00000", "2014-12-31": "4752.00000", "2013-12-31": "6069.00000", "2012-12-31": "2177.00000", "2011-12-31": "7514.00000", "2010-12-31": "7617.00000", "2009-12-31": "2354.00000", "2008-12-31": "2048.00000", "2008-11-30": "3081.00000", "2007-12-31": "3251.00000", "2007-11-30": "3869.00000", "2006-11-30": "9940.00000", "2005-11-30": "7131.00000"}, "EBIT": {"2020-12-31": "14418.00000", "2019-12-31": "11301.00000", "2018-12-31": "11237.00000", "2017-12-31": "10403.00000", "2016-12-31": "8848.00000", "2015-12-31": "8495.00000", "2014-12-31": "3591.00000", "2013-12-31": "4558.00000", "2012-12-31": "596.00000", "2011-12-31": "6110.00000", "2010-12-31": "6198.00000", "2009-12-31": "1130.00000", "2008-12-31": "1254.00000", "2008-11-30": "2287.00000", "2007-12-31": "2776.00000", "2007-11-30": "3394.00000", "2006-11-30": "9064.00000", "2005-11-30": "6316.00000"}, "Basic Shares Outstanding": {"2020-12-31": "1603.00000", "2019-12-31": "1617.00000", "2018-12-31": "1708.00000", "2017-12-31": "1780.00000", "2016-12-31": "1849.00000", "2015-12-31": "1909.00000", "2014-12-31": "1924.00000", "2013-12-31": "1905.82400", "2012-12-31": "1885.77400", "2011-12-31": "1654.70900", "2010-12-31": "1361.67100", "2009-12-31": "1185.41500", "2008-12-31": "1028.18000", "2008-11-30": "1028.18000", "2007-12-31": "1001.87900", "2007-11-30": "1001.87900", "2006-11-30": "1010.25400", "2005-11-30": "1049.89600"}, "Shares Outstanding": {"2020-12-31": "1624.00000", "2019-12-31": "1640.00000", "2018-12-31": "1738.00000", "2017-12-31": "1821.00000", "2016-12-31": "1887.00000", "2015-12-31": "1953.00000", "2014-12-31": "1971.00000", "2013-12-31": "1956.52000", "2012-12-31": "1918.81100", "2011-12-31": "1675.27200", "2010-12-31": "1411.26900", "2009-12-31": "1185.41500", "2008-12-31": "1073.49600", "2008-11-30": "1095.70500", "2007-12-31": "1024.83700", "2007-11-30": "1054.24000", "2006-11-30": "1054.79600", "2005-11-30": "1079.93600"}, "Basic EPS": {"2020-12-31": "6.55000", "2019-12-31": "5.26000", "2018-12-31": "4.81000", "2017-12-31": "3.14000", "2016-12-31": "2.98000", "2015-12-31": "2.97000", "2014-12-31": "1.64000", "2013-12-31": "1.39000", "2012-12-31": "-0.02000", "2011-12-31": "1.25000", "2010-12-31": "2.64000", "2009-12-31": "-0.77000", "2008-12-31": "1.45000", "2008-11-30": "1.54000", "2007-12-31": "2.97000", "2007-11-30": "3.13000", "2006-11-30": "7.38000", "2005-11-30": "4.70000"}, "EPS - Earnings Per Share": {"2020-12-31": "6.46000", "2019-12-31": "5.19000", "2018-12-31": "4.73000", "2017-12-31": "3.07000", "2016-12-31": "2.92000", "2015-12-31": "2.90000", "2014-12-31": "1.60000", "2013-12-31": "1.36000", "2012-12-31": "-0.02000", "2011-12-31": "1.23000", "2010-12-31": "2.63000", "2009-12-31": "-0.77000", "2008-12-31": "1.39000", "2008-11-30": "1.45000", "2007-12-31": "2.90000", "2007-11-30": "2.98000", "2006-11-30": "7.07000", "2005-11-30": "4.57000"}}, "income statement, quarterly": {"Revenue": {"2020-12-31": "13640.00000", "2020-09-30": "11657.00000", "2020-06-30": "13414.00000", "2020-03-31": "9487.00000", "2019-12-31": "10857.00000", "2019-09-30": "10032.00000", "2019-06-30": "10244.00000", "2019-03-31": "10286.00000", "2018-12-31": "8548.00000", "2018-09-30": "9872.00000", "2018-06-30": "10610.00000", "2018-03-31": "11077.00000", "2017-12-31": "9500.00000", "2017-09-30": "9197.00000", "2017-06-30": "9503.00000", "2017-03-31": "9745.00000", "2016-12-31": "9021.00000", "2016-09-30": "8909.00000", "2016-06-30": "8909.00000", "2016-03-31": "7792.00000", "2015-12-31": "7738.00000", "2015-09-30": "7767.00000", "2015-06-30": "9743.00000", "2015-03-31": "9907.00000", "2014-12-31": "7764.00000", "2014-09-30": "8907.00000", "2014-06-30": "8608.00000", "2014-03-31": "8996.00000", "2013-12-31": "7872.00000", "2013-09-30": "7956.00000", "2013-06-30": "8515.00000", "2013-03-31": "8150.00000", "2012-12-31": "7032.00000", "2012-09-30": "5280.00000", "2012-06-30": "6942.00000", "2012-03-31": "6924.00000", "2011-12-31": "5636.00000", "2011-09-30": "9810.00000", "2011-06-30": "9207.00000", "2011-03-31": "7574.00000", "2010-12-31": "7415.00000", "2010-09-30": "6780.00000", "2010-06-30": "7963.00000", "2010-03-31": "9072.00000", "2009-12-31": "6718.00000", "2009-09-30": "8468.00000", "2009-06-30": "5197.00000", "2009-03-31": "2897.00000", "2008-12-31": "-741.00000", "2008-11-30": "1858.00000", "2008-09-30": "18011.00000", "2008-08-31": "8049.00000", "2008-06-30": "6111.00000", "2008-05-31": "6510.00000", "2008-03-31": "7917.00000", "2008-02-29": "8322.00000", "2007-12-31": "-1998.00000", "2007-11-30": "", "2007-08-31": "7958.00000", "2007-05-31": "10524.00000", "2007-02-28": "9994.00000", "2006-11-30": "", "2006-08-31": "7064.00000", "2006-05-31": "8704.00000", "2006-02-28": "8552.00000", "2005-11-30": "", "2005-08-31": "6947.00000", "2005-05-31": "6031.00000", "2005-02-28": "6838.00000"}, "Cost Of Goods Sold": {"2020-12-31": "776.00000", "2020-09-30": "697.00000", "2020-06-30": "716.00000", "2020-03-31": "740.00000", "2019-12-31": "633.00000", "2019-09-30": "637.00000", "2019-06-30": "630.00000", "2019-03-31": "593.00000", "2018-12-31": "598.00000", "2018-09-30": "559.00000", "2018-06-30": "609.00000", "2018-03-31": "627.00000", "2017-12-31": "537.00000", "2017-09-30": "522.00000", "2017-06-30": "525.00000", "2017-03-31": "509.00000", "2016-12-31": "480.00000", "2016-09-30": "491.00000", "2016-06-30": "484.00000", "2016-03-31": "465.00000", "2015-12-31": "457.00000", "2015-09-30": "485.00000", "2015-06-30": "487.00000", "2015-03-31": "463.00000", "2014-12-31": "468.00000", "2014-09-30": "437.00000", "2014-06-30": "458.00000", "2014-03-31": "443.00000", "2013-12-31": "411.00000", "2013-09-30": "416.00000", "2013-06-30": "456.00000", "2013-03-31": "428.00000", "2012-12-31": "368.00000", "2012-09-30": "359.00000", "2012-06-30": "405.00000", "2012-03-31": "403.00000", "2011-12-31": "379.00000", "2011-09-30": "443.00000", "2011-06-30": "410.00000", "2011-03-31": "401.00000", "2010-12-31": "365.00000", "2010-09-30": "332.00000", "2010-06-30": "371.00000", "2010-03-31": "348.00000", "2009-12-31": "390.00000", "2009-09-30": "285.00000", "2009-06-30": "267.00000", "2009-03-31": "248.00000", "2008-12-31": "213.00000", "2008-11-30": "", "2008-09-30": "394.00000", "2008-08-31": "378.00000", "2008-06-30": "421.00000", "2008-05-31": "448.00000", "2008-03-31": "470.00000", "2008-02-29": "444.00000", "2007-12-31": "307.00000", "2007-11-30": "", "2007-08-31": "459.00000", "2007-05-31": "366.00000", "2007-02-28": "361.00000", "2006-11-30": "", "2006-08-31": "339.00000", "2006-05-31": "340.00000", "2006-02-28": "292.00000", "2005-11-30": "", "2005-08-31": "267.00000", "2005-05-31": "276.00000", "2005-02-28": "260.00000"}, "Gross Profit": {"2020-12-31": "12864.00000", "2020-09-30": "10960.00000", "2020-06-30": "12698.00000", "2020-03-31": "8747.00000", "2019-12-31": "10224.00000", "2019-09-30": "9395.00000", "2019-06-30": "9614.00000", "2019-03-31": "9693.00000", "2018-12-31": "7950.00000", "2018-09-30": "9313.00000", "2018-06-30": "10001.00000", "2018-03-31": "10450.00000", "2017-12-31": "8963.00000", "2017-09-30": "8675.00000", "2017-06-30": "8978.00000", "2017-03-31": "9236.00000", "2016-12-31": "8541.00000", "2016-09-30": "8418.00000", "2016-06-30": "8425.00000", "2016-03-31": "7327.00000", "2015-12-31": "7281.00000", "2015-09-30": "7282.00000", "2015-06-30": "9256.00000", "2015-03-31": "9444.00000", "2014-12-31": "7296.00000", "2014-09-30": "8470.00000", "2014-06-30": "8150.00000", "2014-03-31": "8553.00000", "2013-12-31": "7461.00000", "2013-09-30": "7540.00000", "2013-06-30": "8059.00000", "2013-03-31": "7722.00000", "2012-12-31": "6664.00000", "2012-09-30": "4921.00000", "2012-06-30": "6537.00000", "2012-03-31": "6521.00000", "2011-12-31": "5257.00000", "2011-09-30": "9367.00000", "2011-06-30": "8797.00000", "2011-03-31": "7173.00000", "2010-12-31": "7050.00000", "2010-09-30": "6448.00000", "2010-06-30": "7592.00000", "2010-03-31": "8724.00000", "2009-12-31": "6328.00000", "2009-09-30": "8183.00000", "2009-06-30": "4930.00000", "2009-03-31": "2649.00000", "2008-12-31": "-954.00000", "2008-11-30": "", "2008-09-30": "17617.00000", "2008-08-31": "7671.00000", "2008-06-30": "5690.00000", "2008-05-31": "6062.00000", "2008-03-31": "7447.00000", "2008-02-29": "7878.00000", "2007-12-31": "-2305.00000", "2007-11-30": "", "2007-08-31": "7499.00000", "2007-05-31": "10158.00000", "2007-02-28": "9633.00000", "2006-11-30": "", "2006-08-31": "6725.00000", "2006-05-31": "8364.00000", "2006-02-28": "8260.00000", "2005-11-30": "", "2005-08-31": "6680.00000", "2005-05-31": "5755.00000", "2005-02-28": "6578.00000"}, "Research And Development Expenses": {"2020-12-31": "", "2020-09-30": "", "2020-06-30": "", "2020-03-31": "", "2019-12-31": "", "2019-09-30": "", "2019-06-30": "", "2019-03-31": "", "2018-12-31": "", "2018-09-30": "", "2018-06-30": "", "2018-03-31": "", "2017-12-31": "", "2017-09-30": "", "2017-06-30": "", "2017-03-31": "", "2016-12-31": "", "2016-09-30": "", "2016-06-30": "", "2016-03-31": "", "2015-12-31": "", "2015-09-30": "", "2015-06-30": "", "2015-03-31": "", "2014-12-31": "", "2014-09-30": "", "2014-06-30": "", "2014-03-31": "", "2013-12-31": "", "2013-09-30": "", "2013-06-30": "", "2013-03-31": "", "2012-12-31": "", "2012-09-30": "", "2012-06-30": "", "2012-03-31": "", "2011-12-31": "", "2011-09-30": "", "2011-06-30": "", "2011-03-31": "", "2010-12-31": "", "2010-09-30": "", "2010-06-30": "", "2010-03-31": "", "2009-12-31": "", "2009-09-30": "", "2009-06-30": "", "2009-03-31": "", "2008-12-31": "", "2008-11-30": "", "2008-09-30": "", "2008-08-31": "", "2008-06-30": "", "2008-05-31": "", "2008-03-31": "", "2008-02-29": "", "2007-12-31": "", "2007-11-30": "", "2007-08-31": "", "2007-05-31": "", "2007-02-28": "", "2006-11-30": "", "2006-08-31": "", "2006-05-31": "", "2006-02-28": "", "2005-11-30": "", "2005-08-31": "", "2005-05-31": "", "2005-02-28": ""}, "SG&A Expenses": {"2020-12-31": "7443.00000", "2020-09-30": "6695.00000", "2020-06-30": "7587.00000", "2020-03-31": "5792.00000", "2019-12-31": "6925.00000", "2019-09-30": "6025.00000", "2019-06-30": "6121.00000", "2019-03-31": "6185.00000", "2018-12-31": "5499.00000", "2018-09-30": "5896.00000", "2018-06-30": "6222.00000", "2018-03-31": "6378.00000", "2017-12-31": "5826.00000", "2017-09-30": "5620.00000", "2017-06-30": "5734.00000", "2017-03-31": "5884.00000", "2016-12-31": "5601.00000", "2016-09-30": "5511.00000", "2016-06-30": "5474.00000", "2016-03-31": "5102.00000", "2015-12-31": "5297.00000", "2015-09-30": "4959.00000", "2015-06-30": "5971.00000", "2015-03-31": "5917.00000", "2014-12-31": "6669.00000", "2014-09-30": "5642.00000", "2014-06-30": "5665.00000", "2014-03-31": "5691.00000", "2013-12-31": "5552.00000", "2013-09-30": "5343.00000", "2013-06-30": "5568.00000", "2013-03-31": "5613.00000", "2012-12-31": "5209.00000", "2012-09-30": "5421.00000", "2012-06-30": "5128.00000", "2012-03-31": "5835.00000", "2011-12-31": "5259.00000", "2011-09-30": "5059.00000", "2011-06-30": "6079.00000", "2011-03-31": "5667.00000", "2010-12-31": "5262.00000", "2010-09-30": "5090.00000", "2010-06-30": "5352.00000", "2010-03-31": "5730.00000", "2009-12-31": "5138.00000", "2009-09-30": "6170.00000", "2009-06-30": "4993.00000", "2009-03-31": "3010.00000", "2008-12-31": "2356.00000", "2008-11-30": "", "2008-09-30": "6240.00000", "2008-08-31": "4931.00000", "2008-06-30": "4416.00000", "2008-05-31": "4280.00000", "2008-03-31": "5012.00000", "2008-02-29": "5224.00000", "2007-12-31": "4154.00000", "2007-11-30": "", "2007-08-31": "4874.00000", "2007-05-31": "6268.00000", "2007-02-28": "5884.00000", "2006-11-30": "", "2006-08-31": "4198.00000", "2006-05-31": "5236.00000", "2006-02-28": "5489.00000", "2005-11-30": "", "2005-08-31": "4534.00000", "2005-05-31": "3939.00000", "2005-02-28": "4164.00000"}, "Other Operating Income Or Expenses": {"2020-12-31": "-991.00000", "2020-09-30": "-778.00000", "2020-06-30": "-756.00000", "2020-03-31": "-809.00000", "2019-12-31": "-566.00000", "2019-09-30": "-660.00000", "2019-06-30": "-590.00000", "2019-03-31": "-553.00000", "2018-12-31": "-594.00000", "2018-09-30": "-566.00000", "2018-06-30": "-670.00000", "2018-03-31": "-652.00000", "2017-12-31": "-666.00000", "2017-09-30": "-573.00000", "2017-06-30": "-602.00000", "2017-03-31": "-544.00000", "2016-12-31": "-694.00000", "2016-09-30": "-526.00000", "2016-06-30": "-468.00000", "2016-03-31": "-487.00000", "2015-12-31": "-545.00000", "2015-09-30": "-849.00000", "2015-06-30": "-558.00000", "2015-03-31": "-672.00000", "2014-12-31": "-3558.00000", "2014-09-30": "-608.00000", "2014-06-30": "-553.00000", "2014-03-31": "-492.00000", "2013-12-31": "-2095.00000", "2013-09-30": "-832.00000", "2013-06-30": "-695.00000", "2013-03-31": "-526.00000", "2012-12-31": "-515.00000", "2012-09-30": "-983.00000", "2012-06-30": "-472.00000", "2012-03-31": "-484.00000", "2011-12-31": "-444.00000", "2011-09-30": "-623.00000", "2011-06-30": "-748.00000", "2011-03-31": "-605.00000", "2010-12-31": "-609.00000", "2010-09-30": "-557.00000", "2010-06-30": "-537.00000", "2010-03-31": "-479.00000", "2009-12-31": "-339.00000", "2009-09-30": "-520.00000", "2009-06-30": "-521.00000", "2009-03-31": "-269.00000", "2008-12-31": "-1044.00000", "2008-11-30": "", "2008-09-30": "-696.00000", "2008-08-31": "-792.00000", "2008-06-30": "-388.00000", "2008-05-31": "-336.00000", "2008-03-31": "-397.00000", "2008-02-29": "-440.00000", "2007-12-31": "-10.00000", "2007-11-30": "", "2007-08-31": "-360.00000", "2007-05-31": "-366.00000", "2007-02-28": "-293.00000", "2006-11-30": "", "2006-08-31": "-283.00000", "2006-05-31": "-265.00000", "2006-02-28": "-311.00000", "2005-11-30": "", "2005-08-31": "-404.00000", "2005-05-31": "-422.00000", "2005-02-28": "-319.00000"}, "Operating Expenses": {"2020-12-31": "9210.00000", "2020-09-30": "8170.00000", "2020-06-30": "9059.00000", "2020-03-31": "7341.00000", "2019-12-31": "8124.00000", "2019-09-30": "7322.00000", "2019-06-30": "7341.00000", "2019-03-31": "7331.00000", "2018-12-31": "6691.00000", "2018-09-30": "7021.00000", "2018-06-30": "7501.00000", "2018-03-31": "7657.00000", "2017-12-31": "7029.00000", "2017-09-30": "6715.00000", "2017-06-30": "6861.00000", "2017-03-31": "6937.00000", "2016-12-31": "6775.00000", "2016-09-30": "6528.00000", "2016-06-30": "6426.00000", "2016-03-31": "6054.00000", "2015-12-31": "6299.00000", "2015-09-30": "6293.00000", "2015-06-30": "7016.00000", "2015-03-31": "7052.00000", "2014-12-31": "10695.00000", "2014-09-30": "6687.00000", "2014-06-30": "6676.00000", "2014-03-31": "6626.00000", "2013-12-31": "8058.00000", "2013-09-30": "6591.00000", "2013-06-30": "6719.00000", "2013-03-31": "6567.00000", "2012-12-31": "6092.00000", "2012-09-30": "6763.00000", "2012-06-30": "6005.00000", "2012-03-31": "6722.00000", "2011-12-31": "6082.00000", "2011-09-30": "6125.00000", "2011-06-30": "7237.00000", "2011-03-31": "6673.00000", "2010-12-31": "6236.00000", "2010-09-30": "5979.00000", "2010-06-30": "6260.00000", "2010-03-31": "6557.00000", "2009-12-31": "5867.00000", "2009-09-30": "6975.00000", "2009-06-30": "5781.00000", "2009-03-31": "3527.00000", "2008-12-31": "2613.00000", "2008-11-30": "", "2008-09-30": "7330.00000", "2008-08-31": "6101.00000", "2008-06-30": "5225.00000", "2008-05-31": "5064.00000", "2008-03-31": "5879.00000", "2008-02-29": "6108.00000", "2007-12-31": "4471.00000", "2007-11-30": "", "2007-08-31": "5693.00000", "2007-05-31": "7000.00000", "2007-02-28": "6538.00000", "2006-11-30": "", "2006-08-31": "4820.00000", "2006-05-31": "5841.00000", "2006-02-28": "6092.00000", "2005-11-30": "", "2005-08-31": "5205.00000", "2005-05-31": "4637.00000", "2005-02-28": "4743.00000"}, "Operating Income": {"2020-12-31": "4430.00000", "2020-09-30": "3487.00000", "2020-06-30": "4355.00000", "2020-03-31": "2146.00000", "2019-12-31": "2733.00000", "2019-09-30": "2710.00000", "2019-06-30": "2903.00000", "2019-03-31": "2955.00000", "2018-12-31": "1857.00000", "2018-09-30": "2851.00000", "2018-06-30": "3109.00000", "2018-03-31": "3420.00000", "2017-12-31": "2471.00000", "2017-09-30": "2482.00000", "2017-06-30": "2642.00000", "2017-03-31": "2808.00000", "2016-12-31": "2246.00000", "2016-09-30": "2381.00000", "2016-06-30": "2483.00000", "2016-03-31": "1738.00000", "2015-12-31": "1439.00000", "2015-09-30": "1474.00000", "2015-06-30": "2727.00000", "2015-03-31": "2855.00000", "2014-12-31": "-2931.00000", "2014-09-30": "2220.00000", "2014-06-30": "1932.00000", "2014-03-31": "2370.00000", "2013-12-31": "-186.00000", "2013-09-30": "1365.00000", "2013-06-30": "1796.00000", "2013-03-31": "1583.00000", "2012-12-31": "940.00000", "2012-09-30": "-1483.00000", "2012-06-30": "937.00000", "2012-03-31": "202.00000", "2011-12-31": "-446.00000", "2011-09-30": "3685.00000", "2011-06-30": "1970.00000", "2011-03-31": "901.00000", "2010-12-31": "1179.00000", "2010-09-30": "801.00000", "2010-06-30": "1703.00000", "2010-03-31": "2515.00000", "2009-12-31": "851.00000", "2009-09-30": "1493.00000", "2009-06-30": "-584.00000", "2009-03-31": "-630.00000", "2008-12-31": "-3354.00000", "2008-11-30": "", "2008-09-30": "10681.00000", "2008-08-31": "1948.00000", "2008-06-30": "886.00000", "2008-05-31": "1446.00000", "2008-03-31": "2038.00000", "2008-02-29": "2214.00000", "2007-12-31": "-6469.00000", "2007-11-30": "", "2007-08-31": "2265.00000", "2007-05-31": "3524.00000", "2007-02-28": "3456.00000", "2006-11-30": "", "2006-08-31": "2244.00000", "2006-05-31": "2863.00000", "2006-02-28": "2460.00000", "2005-11-30": "", "2005-08-31": "1742.00000", "2005-05-31": "1394.00000", "2005-02-28": "2095.00000"}, "Total Non-Operating Income/Expense": {"2020-12-31": "", "2020-09-30": "", "2020-06-30": "", "2020-03-31": "", "2019-12-31": "", "2019-09-30": "", "2019-06-30": "", "2019-03-31": "", "2018-12-31": "", "2018-09-30": "", "2018-06-30": "", "2018-03-31": "", "2017-12-31": "", "2017-09-30": "", "2017-06-30": "", "2017-03-31": "", "2016-12-31": "", "2016-09-30": "", "2016-06-30": "", "2016-03-31": "", "2015-12-31": "", "2015-09-30": "", "2015-06-30": "", "2015-03-31": "", "2014-12-31": "", "2014-09-30": "", "2014-06-30": "", "2014-03-31": "", "2013-12-31": "", "2013-09-30": "", "2013-06-30": "", "2013-03-31": "", "2012-12-31": "", "2012-09-30": "", "2012-06-30": "", "2012-03-31": "", "2011-12-31": "", "2011-09-30": "", "2011-06-30": "", "2011-03-31": "", "2010-12-31": "", "2010-09-30": "", "2010-06-30": "", "2010-03-31": "", "2009-12-31": "", "2009-09-30": "", "2009-06-30": "", "2009-03-31": "", "2008-12-31": "", "2008-11-30": "", "2008-09-30": "", "2008-08-31": "", "2008-06-30": "", "2008-05-31": "", "2008-03-31": "", "2008-02-29": "", "2007-12-31": "", "2007-11-30": "", "2007-08-31": "", "2007-05-31": "", "2007-02-28": "", "2006-11-30": "", "2006-08-31": "", "2006-05-31": "", "2006-02-28": "", "2005-11-30": "", "2005-08-31": "", "2005-05-31": "", "2005-02-28": ""}, "Pre-Tax Income": {"2020-12-31": "4430.00000", "2020-09-30": "3487.00000", "2020-06-30": "4355.00000", "2020-03-31": "2146.00000", "2019-12-31": "2733.00000", "2019-09-30": "2710.00000", "2019-06-30": "2903.00000", "2019-03-31": "2955.00000", "2018-12-31": "1857.00000", "2018-09-30": "2851.00000", "2018-06-30": "3109.00000", "2018-03-31": "3420.00000", "2017-12-31": "2471.00000", "2017-09-30": "2482.00000", "2017-06-30": "2642.00000", "2017-03-31": "2808.00000", "2016-12-31": "2246.00000", "2016-09-30": "2381.00000", "2016-06-30": "2483.00000", "2016-03-31": "1738.00000", "2015-12-31": "1439.00000", "2015-09-30": "1474.00000", "2015-06-30": "2727.00000", "2015-03-31": "2855.00000", "2014-12-31": "-2931.00000", "2014-09-30": "2220.00000", "2014-06-30": "1932.00000", "2014-03-31": "2370.00000", "2013-12-31": "-186.00000", "2013-09-30": "1365.00000", "2013-06-30": "1796.00000", "2013-03-31": "1583.00000", "2012-12-31": "940.00000", "2012-09-30": "-1483.00000", "2012-06-30": "937.00000", "2012-03-31": "202.00000", "2011-12-31": "-446.00000", "2011-09-30": "3685.00000", "2011-06-30": "1970.00000", "2011-03-31": "901.00000", "2010-12-31": "1179.00000", "2010-09-30": "801.00000", "2010-06-30": "1703.00000", "2010-03-31": "2515.00000", "2009-12-31": "851.00000", "2009-09-30": "1493.00000", "2009-06-30": "-584.00000", "2009-03-31": "-630.00000", "2008-12-31": "-4354.00000", "2008-11-30": "", "2008-09-30": "10681.00000", "2008-08-31": "1948.00000", "2008-06-30": "886.00000", "2008-05-31": "1446.00000", "2008-03-31": "2038.00000", "2008-02-29": "2214.00000", "2007-12-31": "-6469.00000", "2007-11-30": "", "2007-08-31": "2265.00000", "2007-05-31": "3524.00000", "2007-02-28": "3456.00000", "2006-11-30": "", "2006-08-31": "2244.00000", "2006-05-31": "2863.00000", "2006-02-28": "2460.00000", "2005-11-30": "", "2005-08-31": "1742.00000", "2005-05-31": "1394.00000", "2005-02-28": "2095.00000"}, "Income Taxes": {"2020-12-31": "1018.00000", "2020-09-30": "736.00000", "2020-06-30": "1119.00000", "2020-03-31": "366.00000", "2019-12-31": "428.00000", "2019-09-30": "492.00000", "2019-06-30": "657.00000", "2019-03-31": "487.00000", "2018-12-31": "300.00000", "2018-09-30": "696.00000", "2018-06-30": "640.00000", "2018-03-31": "714.00000", "2017-12-31": "1810.00000", "2017-09-30": "697.00000", "2017-06-30": "846.00000", "2017-03-31": "815.00000", "2016-12-31": "566.00000", "2016-09-30": "749.00000", "2016-06-30": "833.00000", "2016-03-31": "578.00000", "2015-12-31": "496.00000", "2015-09-30": "423.00000", "2015-06-30": "894.00000", "2015-03-31": "387.00000", "2014-12-31": "-1353.00000", "2014-09-30": "463.00000", "2014-06-30": "15.00000", "2014-03-31": "785.00000", "2013-12-31": "-368.00000", "2013-09-30": "363.00000", "2013-06-30": "574.00000", "2013-03-31": "333.00000", "2012-12-31": "86.00000", "2012-09-30": "-525.00000", "2012-06-30": "224.00000", "2012-03-31": "54.00000", "2011-12-31": "-295.00000", "2011-09-30": "1415.00000", "2011-06-30": "538.00000", "2011-03-31": "-244.00000", "2010-12-31": "90.00000", "2010-09-30": "-23.00000", "2010-06-30": "240.00000", "2010-03-31": "436.00000", "2009-12-31": "96.00000", "2009-09-30": "521.00000", "2009-06-30": "-319.00000", "2009-03-31": "-595.00000", "2008-12-31": "-1619.00000", "2008-11-30": "", "2008-09-30": "2974.00000", "2008-08-31": "531.00000", "2008-06-30": "192.00000", "2008-05-31": "439.00000", "2008-03-31": "606.00000", "2008-02-29": "665.00000", "2007-12-31": "-2453.00000", "2007-11-30": "", "2007-08-31": "772.00000", "2007-05-31": "1141.00000", "2007-02-28": "1116.00000", "2006-11-30": "", "2006-08-31": "676.00000", "2006-05-31": "1058.00000", "2006-02-28": "789.00000", "2005-11-30": "", "2005-08-31": "471.00000", "2005-05-31": "396.00000", "2005-02-28": "673.00000"}, "Income After Taxes": {"2020-12-31": "3412.00000", "2020-09-30": "2751.00000", "2020-06-30": "3236.00000", "2020-03-31": "1780.00000", "2019-12-31": "2305.00000", "2019-09-30": "2218.00000", "2019-06-30": "2246.00000", "2019-03-31": "2468.00000", "2018-12-31": "1557.00000", "2018-09-30": "2155.00000", "2018-06-30": "2469.00000", "2018-03-31": "2706.00000", "2017-12-31": "661.00000", "2017-09-30": "1785.00000", "2017-06-30": "1796.00000", "2017-03-31": "1993.00000", "2016-12-31": "1680.00000", "2016-09-30": "1632.00000", "2016-06-30": "1650.00000", "2016-03-31": "1160.00000", "2015-12-31": "943.00000", "2015-09-30": "1051.00000", "2015-06-30": "1833.00000", "2015-03-31": "2468.00000", "2014-12-31": "-1578.00000", "2014-09-30": "1757.00000", "2014-06-30": "1917.00000", "2014-03-31": "1585.00000", "2013-12-31": "182.00000", "2013-09-30": "1002.00000", "2013-06-30": "1222.00000", "2013-03-31": "1250.00000", "2012-12-31": "854.00000", "2012-09-30": "-958.00000", "2012-06-30": "713.00000", "2012-03-31": "148.00000", "2011-12-31": "-151.00000", "2011-09-30": "2270.00000", "2011-06-30": "1432.00000", "2011-03-31": "1145.00000", "2010-12-31": "1089.00000", "2010-09-30": "824.00000", "2010-06-30": "1463.00000", "2010-03-31": "2079.00000", "2009-12-31": "755.00000", "2009-09-30": "972.00000", "2009-06-30": "-265.00000", "2009-03-31": "-35.00000", "2008-12-31": "-8712.00000", "2008-11-30": "", "2008-09-30": "7707.00000", "2008-08-31": "1417.00000", "2008-06-30": "694.00000", "2008-05-31": "1007.00000", "2008-03-31": "1432.00000", "2008-02-29": "1549.00000", "2007-12-31": "-4016.00000", "2007-11-30": "", "2007-08-31": "1493.00000", "2007-05-31": "2383.00000", "2007-02-28": "2340.00000", "2006-11-30": "", "2006-08-31": "1568.00000", "2006-05-31": "1805.00000", "2006-02-28": "1671.00000", "2005-11-30": "", "2005-08-31": "1271.00000", "2005-05-31": "998.00000", "2005-02-28": "1422.00000"}, "Other Income": {"2020-12-31": "", "2020-09-30": "", "2020-06-30": "", "2020-03-31": "", "2019-12-31": "", "2019-09-30": "", "2019-06-30": "", "2019-03-31": "", "2018-12-31": "", "2018-09-30": "", "2018-06-30": "", "2018-03-31": "", "2017-12-31": "", "2017-09-30": "", "2017-06-30": "", "2017-03-31": "", "2016-12-31": "", "2016-09-30": "", "2016-06-30": "", "2016-03-31": "", "2015-12-31": "", "2015-09-30": "", "2015-06-30": "", "2015-03-31": "", "2014-12-31": "", "2014-09-30": "", "2014-06-30": "", "2014-03-31": "", "2013-12-31": "", "2013-09-30": "", "2013-06-30": "", "2013-03-31": "", "2012-12-31": "", "2012-09-30": "", "2012-06-30": "", "2012-03-31": "", "2011-12-31": "", "2011-09-30": "", "2011-06-30": "", "2011-03-31": "", "2010-12-31": "", "2010-09-30": "", "2010-06-30": "", "2010-03-31": "", "2009-12-31": "", "2009-09-30": "", "2009-06-30": "", "2009-03-31": "", "2008-12-31": "", "2008-11-30": "", "2008-09-30": "", "2008-08-31": "", "2008-06-30": "", "2008-05-31": "", "2008-03-31": "", "2008-02-29": "", "2007-12-31": "", "2007-11-30": "", "2007-08-31": "", "2007-05-31": "", "2007-02-28": "", "2006-11-30": "", "2006-08-31": "", "2006-05-31": "", "2006-02-28": "", "2005-11-30": "", "2005-08-31": "", "2005-05-31": "", "2005-02-28": ""}, "Income From Continuous Operations": {"2020-12-31": "3412.00000", "2020-09-30": "2751.00000", "2020-06-30": "3236.00000", "2020-03-31": "1780.00000", "2019-12-31": "2305.00000", "2019-09-30": "2218.00000", "2019-06-30": "2246.00000", "2019-03-31": "2468.00000", "2018-12-31": "1557.00000", "2018-09-30": "2155.00000", "2018-06-30": "2469.00000", "2018-03-31": "2706.00000", "2017-12-31": "661.00000", "2017-09-30": "1785.00000", "2017-06-30": "1796.00000", "2017-03-31": "1993.00000", "2016-12-31": "1680.00000", "2016-09-30": "1632.00000", "2016-06-30": "1650.00000", "2016-03-31": "1160.00000", "2015-12-31": "943.00000", "2015-09-30": "1051.00000", "2015-06-30": "1833.00000", "2015-03-31": "2468.00000", "2014-12-31": "-1578.00000", "2014-09-30": "1757.00000", "2014-06-30": "1917.00000", "2014-03-31": "1585.00000", "2013-12-31": "182.00000", "2013-09-30": "1002.00000", "2013-06-30": "1222.00000", "2013-03-31": "1250.00000", "2012-12-31": "854.00000", "2012-09-30": "-958.00000", "2012-06-30": "713.00000", "2012-03-31": "148.00000", "2011-12-31": "-151.00000", "2011-09-30": "2270.00000", "2011-06-30": "1432.00000", "2011-03-31": "1145.00000", "2010-12-31": "1089.00000", "2010-09-30": "824.00000", "2010-06-30": "1463.00000", "2010-03-31": "2079.00000", "2009-12-31": "755.00000", "2009-09-30": "972.00000", "2009-06-30": "-265.00000", "2009-03-31": "-35.00000", "2008-12-31": "-2645.00000", "2008-11-30": "", "2008-09-30": "7707.00000", "2008-08-31": "1425.00000", "2008-06-30": "694.00000", "2008-05-31": "1026.00000", "2008-03-31": "1432.00000", "2008-02-29": "1551.00000", "2007-12-31": "-3951.00000", "2007-11-30": "", "2007-08-31": "1474.00000", "2007-05-31": "2363.00000", "2007-02-28": "2314.00000", "2006-11-30": "", "2006-08-31": "1588.00000", "2006-05-31": "1828.00000", "2006-02-28": "1602.00000", "2005-11-30": "", "2005-08-31": "1166.00000", "2005-05-31": "931.00000", "2005-02-28": "1349.00000"}, "Income From Discontinued Operations": {"2020-12-31": "", "2020-09-30": "", "2020-06-30": "", "2020-03-31": "", "2019-12-31": "", "2019-09-30": "", "2019-06-30": "", "2019-03-31": "", "2018-12-31": "1.00000", "2018-09-30": "-1.00000", "2018-06-30": "-2.00000", "2018-03-31": "-2.00000", "2017-12-31": "2.00000", "2017-09-30": "6.00000", "2017-06-30": "-5.00000", "2017-03-31": "-22.00000", "2016-12-31": "", "2016-09-30": "8.00000", "2016-06-30": "-4.00000", "2016-03-31": "-3.00000", "2015-12-31": "-7.00000", "2015-09-30": "-2.00000", "2015-06-30": "-2.00000", "2015-03-31": "-5.00000", "2014-12-31": "-8.00000", "2014-09-30": "-5.00000", "2014-06-30": "0.00000", "2014-03-31": "-1.00000", "2013-12-31": "-9.00000", "2013-09-30": "16.00000", "2013-06-30": "-31.00000", "2013-03-31": "-19.00000", "2012-12-31": "-66.00000", "2012-09-30": "2.00000", "2012-06-30": "37.00000", "2012-03-31": "-14.00000", "2011-12-31": "-33.00000", "2011-09-30": "23.00000", "2011-06-30": "-26.00000", "2011-03-31": "-15.00000", "2010-12-31": "-23.00000", "2010-09-30": "-183.00000", "2010-06-30": "521.00000", "2010-03-31": "-68.00000", "2009-12-31": "15.00000", "2009-09-30": "-179.00000", "2009-06-30": "298.00000", "2009-03-31": "-155.00000", "2008-12-31": "-389.00000", "2008-11-30": "", "2008-09-30": "464.00000", "2008-08-31": "", "2008-06-30": "465.00000", "2008-05-31": "", "2008-03-31": "", "2008-02-29": "", "2007-12-31": "403.00000", "2007-11-30": "", "2007-08-31": "69.00000", "2007-05-31": "219.00000", "2007-02-28": "358.00000", "2006-11-30": "", "2006-08-31": "263.00000", "2006-05-31": "13.00000", "2006-02-28": "-28.00000", "2005-11-30": "", "2005-08-31": "-1022.00000", "2005-05-31": "-3.00000", "2005-02-28": "4.00000"}, "Net Income": {"2020-12-31": "3266.00000", "2020-09-30": "2597.00000", "2020-06-30": "3047.00000", "2020-03-31": "1590.00000", "2019-12-31": "2085.00000", "2019-09-30": "2060.00000", "2019-06-30": "2031.00000", "2019-03-31": "2336.00000", "2018-12-31": "1361.00000", "2018-09-30": "2019.00000", "2018-06-30": "2267.00000", "2018-03-31": "2575.00000", "2017-12-31": "473.00000", "2017-09-30": "1688.00000", "2017-06-30": "1587.00000", "2017-03-31": "1840.00000", "2016-12-31": "1510.00000", "2016-09-30": "1518.00000", "2016-06-30": "1425.00000", "2016-03-31": "1055.00000", "2015-12-31": "753.00000", "2015-09-30": "939.00000", "2015-06-30": "1665.00000", "2015-03-31": "2314.00000", "2014-12-31": "-1746.00000", "2014-09-30": "1629.00000", "2014-06-30": "1820.00000", "2014-03-31": "1449.00000", "2013-12-31": "36.00000", "2013-09-30": "880.00000", "2013-06-30": "803.00000", "2013-03-31": "936.00000", "2012-12-31": "572.00000", "2012-09-30": "-1047.00000", "2012-06-30": "564.00000", "2012-03-31": "-119.00000", "2011-12-31": "-264.00000", "2011-09-30": "2153.00000", "2011-06-30": "-558.00000", "2011-03-31": "736.00000", "2010-12-31": "696.00000", "2010-09-30": "-91.00000", "2010-06-30": "1578.00000", "2010-03-31": "1411.00000", "2009-12-31": "429.00000", "2009-09-30": "498.00000", "2009-06-30": "-1256.00000", "2009-03-31": "-578.00000", "2008-12-31": "-2465.00000", "2008-11-30": "", "2008-09-30": "7684.00000", "2008-08-31": "1414.00000", "2008-06-30": "1062.00000", "2008-05-31": "1012.00000", "2008-03-31": "1311.00000", "2008-02-29": "1534.00000", "2007-12-31": "-3770.00000", "2007-11-30": "", "2007-08-31": "1526.00000", "2007-05-31": "2565.00000", "2007-02-28": "2655.00000", "2006-11-30": "", "2006-08-31": "1851.00000", "2006-05-31": "1841.00000", "2006-02-28": "1574.00000", "2005-11-30": "", "2005-08-31": "144.00000", "2005-05-31": "928.00000", "2005-02-28": "1402.00000"}, "EBITDA": {"2020-12-31": "", "2020-09-30": "4340.00000", "2020-06-30": "5041.00000", "2020-03-31": "2970.00000", "2019-12-31": "3389.00000", "2019-09-30": "3364.00000", "2019-06-30": "3578.00000", "2019-03-31": "3613.00000", "2018-12-31": "2326.00000", "2018-09-30": "3319.00000", "2018-06-30": "3626.00000", "2018-03-31": "3810.00000", "2017-12-31": "2884.00000", "2017-09-30": "2933.00000", "2017-06-30": "3097.00000", "2017-03-31": "3242.00000", "2016-12-31": "2625.00000", "2016-09-30": "2859.00000", "2016-06-30": "2947.00000", "2016-03-31": "2153.00000", "2015-12-31": "1849.00000", "2015-09-30": "1843.00000", "2015-06-30": "3060.00000", "2015-03-31": "3176.00000", "2014-12-31": "-2518.00000", "2014-09-30": "2356.00000", "2014-06-30": "2218.00000", "2014-03-31": "2696.00000", "2013-12-31": "241.00000", "2013-09-30": "1733.00000", "2013-06-30": "2152.00000", "2013-03-31": "1943.00000", "2012-12-31": "1303.00000", "2012-09-30": "-1058.00000", "2012-06-30": "1355.00000", "2012-03-31": "577.00000", "2011-12-31": "-229.00000", "2011-09-30": "4113.00000", "2011-06-30": "2350.00000", "2011-03-31": "1280.00000", "2010-12-31": "761.00000", "2010-09-30": "1447.00000", "2010-06-30": "2740.00000", "2010-03-31": "2669.00000", "2009-12-31": "1246.00000", "2009-09-30": "1959.00000", "2009-06-30": "-376.00000", "2009-03-31": "-475.00000", "2008-12-31": "-2869.00000", "2008-11-30": "-1836.00000", "2008-09-30": "10752.00000", "2008-08-31": "2019.00000", "2008-06-30": "1043.00000", "2008-05-31": "1603.00000", "2008-03-31": "2119.00000", "2008-02-29": "2295.00000", "2007-12-31": "-6472.00000", "2007-11-30": "", "2007-08-31": "2489.00000", "2007-05-31": "3574.00000", "2007-02-28": "3660.00000", "2006-11-30": "", "2006-08-31": "2417.00000", "2006-05-31": "3049.00000", "2006-02-28": "2639.00000", "2005-11-30": "", "2005-08-31": "1954.00000", "2005-05-31": "1641.00000", "2005-02-28": "2326.00000"}, "EBIT": {"2020-12-31": "4430.00000", "2020-09-30": "3487.00000", "2020-06-30": "4355.00000", "2020-03-31": "2146.00000", "2019-12-31": "2733.00000", "2019-09-30": "2710.00000", "2019-06-30": "2903.00000", "2019-03-31": "2955.00000", "2018-12-31": "1857.00000", "2018-09-30": "2851.00000", "2018-06-30": "3109.00000", "2018-03-31": "3420.00000", "2017-12-31": "2471.00000", "2017-09-30": "2482.00000", "2017-06-30": "2642.00000", "2017-03-31": "2808.00000", "2016-12-31": "2246.00000", "2016-09-30": "2381.00000", "2016-06-30": "2483.00000", "2016-03-31": "1738.00000", "2015-12-31": "1439.00000", "2015-09-30": "1474.00000", "2015-06-30": "2727.00000", "2015-03-31": "2855.00000", "2014-12-31": "-2931.00000", "2014-09-30": "2220.00000", "2014-06-30": "1932.00000", "2014-03-31": "2370.00000", "2013-12-31": "-186.00000", "2013-09-30": "1365.00000", "2013-06-30": "1796.00000", "2013-03-31": "1583.00000", "2012-12-31": "940.00000", "2012-09-30": "-1483.00000", "2012-06-30": "937.00000", "2012-03-31": "202.00000", "2011-12-31": "-446.00000", "2011-09-30": "3685.00000", "2011-06-30": "1970.00000", "2011-03-31": "901.00000", "2010-12-31": "1179.00000", "2010-09-30": "801.00000", "2010-06-30": "1703.00000", "2010-03-31": "2515.00000", "2009-12-31": "851.00000", "2009-09-30": "1493.00000", "2009-06-30": "-584.00000", "2009-03-31": "-630.00000", "2008-12-31": "-3618.00000", "2008-11-30": "", "2008-09-30": "10681.00000", "2008-08-31": "1948.00000", "2008-06-30": "886.00000", "2008-05-31": "1446.00000", "2008-03-31": "2038.00000", "2008-02-29": "2214.00000", "2007-12-31": "-6469.00000", "2007-11-30": "", "2007-08-31": "2265.00000", "2007-05-31": "3524.00000", "2007-02-28": "3456.00000", "2006-11-30": "", "2006-08-31": "2244.00000", "2006-05-31": "2863.00000", "2006-02-28": "2460.00000", "2005-11-30": "", "2005-08-31": "1742.00000", "2005-05-31": "1394.00000", "2005-02-28": "2095.00000"}, "Basic Shares Outstanding": {"2020-12-31": "1774.00000", "2020-09-30": "1542.00000", "2020-06-30": "1541.00000", "2020-03-31": "1555.00000", "2019-12-31": "1617.00000", "2019-09-30": "1604.00000", "2019-06-30": "1634.00000", "2019-03-31": "1658.00000", "2018-12-31": "1708.00000", "2018-09-30": "1697.00000", "2018-06-30": "1720.00000", "2018-03-31": "1740.00000", "2017-12-31": "1780.00000", "2017-09-30": "1776.00000", "2017-06-30": "1791.00000", "2017-03-31": "1801.00000", "2016-12-31": "1849.00000", "2016-09-30": "1838.00000", "2016-06-30": "1866.00000", "2016-03-31": "1883.00000", "2015-12-31": "1909.00000", "2015-09-30": "1904.00000", "2015-06-30": "1919.00000", "2015-03-31": "1924.12200", "2014-12-31": "1924.00000", "2014-09-30": "1922.99600", "2014-06-30": "1928.25000", "2014-03-31": "1924.27000", "2013-12-31": "1905.82400", "2013-09-30": "1909.35100", "2013-06-30": "1907.73700", "2013-03-31": "1901.20500", "2012-12-31": "1885.77400", "2012-09-30": "1889.30100", "2012-06-30": "1885.17900", "2012-03-31": "1876.96200", "2011-12-31": "1654.70900", "2011-09-30": "1848.24600", "2011-06-30": "1464.29600", "2011-03-31": "1456.01600", "2010-12-31": "1361.67100", "2010-09-30": "1377.23000", "2010-06-30": "1317.68600", "2010-03-31": "1314.60800", "2009-12-31": "1185.41500", "2009-09-30": "1294.29800", "2009-06-30": "1138.44400", "2009-03-31": "1011.74100", "2008-12-31": "1028.18000", "2008-11-30": "", "2008-09-30": "1040.88800", "2008-08-31": "1042.54200", "2008-06-30": "1041.17900", "2008-05-31": "1038.14500", "2008-03-31": "1034.34200", "2008-02-29": "1020.80200", "2007-12-31": "1001.87900", "2007-11-30": "", "2007-08-31": "1002.33000", "2007-05-31": "996.54500", "2007-02-28": "1009.18700", "2006-11-30": "", "2006-08-31": "1010.46800", "2006-05-31": "1013.24200", "2006-02-28": "1020.04100", "2005-11-30": "", "2005-08-31": "1045.87400", "2005-05-31": "1053.81300", "2005-02-28": "1069.09700"}, "Shares Outstanding": {"2020-12-31": "1802.00000", "2020-09-30": "1566.00000", "2020-06-30": "1557.00000", "2020-03-31": "1573.00000", "2019-12-31": "1640.00000", "2019-09-30": "1627.00000", "2019-06-30": "1655.00000", "2019-03-31": "1677.00000", "2018-12-31": "1738.00000", "2018-09-30": "1727.00000", "2018-06-30": "1748.00000", "2018-03-31": "1771.00000", "2017-12-31": "1821.00000", "2017-09-30": "1818.00000", "2017-06-30": "1830.00000", "2017-03-31": "1842.00000", "2016-12-31": "1887.00000", "2016-09-30": "1879.00000", "2016-06-30": "1899.00000", "2016-03-31": "1915.00000", "2015-12-31": "1953.00000", "2015-09-30": "1949.00000", "2015-06-30": "1960.00000", "2015-03-31": "1962.99600", "2014-12-31": "1971.00000", "2014-09-30": "1970.92200", "2014-06-30": "1969.69800", "2014-03-31": "1969.65300", "2013-12-31": "1956.52000", "2013-09-30": "1964.81300", "2013-06-30": "1951.36300", "2013-03-31": "1940.26400", "2012-12-31": "1918.81100", "2012-09-30": "1889.30100", "2012-06-30": "1911.70900", "2012-03-31": "1876.96200", "2011-12-31": "1675.27200", "2011-09-30": "1868.74400", "2011-06-30": "1464.29600", "2011-03-31": "1472.30800", "2010-12-31": "1411.26900", "2010-09-30": "1443.10100", "2010-06-30": "1748.20900", "2010-03-31": "1626.20700", "2009-12-31": "1185.41500", "2009-09-30": "1300.07000", "2009-06-30": "1138.44400", "2009-03-31": "1011.74100", "2008-12-31": "1073.49600", "2008-11-30": "", "2008-09-30": "1041.67700", "2008-08-31": "1072.01600", "2008-06-30": "1044.72100", "2008-05-31": "1067.18400", "2008-03-31": "1039.02700", "2008-02-29": "1057.86700", "2007-12-31": "1024.83700", "2007-11-30": "", "2007-08-31": "1057.49600", "2007-05-31": "1045.64300", "2007-02-28": "1057.91300", "2006-11-30": "", "2006-08-31": "1055.66400", "2006-05-31": "1054.73400", "2006-02-28": "1061.76500", "2005-11-30": "", "2005-08-31": "1072.03300", "2005-05-31": "1079.81100", "2005-02-28": "1090.16600"}, "Basic EPS": {"2020-12-31": "1.84000", "2020-09-30": "1.68000", "2020-06-30": "1.98000", "2020-03-31": "1.02000", "2019-12-31": "1.33000", "2019-09-30": "1.28000", "2019-06-30": "1.24000", "2019-03-31": "1.41000", "2018-12-31": "0.82000", "2018-09-30": "1.19000", "2018-06-30": "1.32000", "2018-03-31": "1.48000", "2017-12-31": "0.28000", "2017-09-30": "0.95000", "2017-06-30": "0.89000", "2017-03-31": "1.02000", "2016-12-31": "0.83000", "2016-09-30": "0.83000", "2016-06-30": "0.76000", "2016-03-31": "0.56000", "2015-12-31": "0.41000", "2015-09-30": "0.49000", "2015-06-30": "0.87000", "2015-03-31": "1.20000", "2014-12-31": "-0.90000", "2014-09-30": "0.85000", "2014-06-30": "0.94000", "2014-03-31": "0.75000", "2013-12-31": "0.02000", "2013-09-30": "0.46000", "2013-06-30": "0.42000", "2013-03-31": "0.49000", "2012-12-31": "0.29000", "2012-09-30": "-0.55000", "2012-06-30": "0.30000", "2012-03-31": "-0.06000", "2011-12-31": "-0.04000", "2011-09-30": "1.16000", "2011-06-30": "-0.38000", "2011-03-31": "0.51000", "2010-12-31": "0.44000", "2010-09-30": "-0.07000", "2010-06-30": "1.20000", "2010-03-31": "1.07000", "2009-12-31": "0.51000", "2009-09-30": "0.39000", "2009-06-30": "-1.10000", "2009-03-31": "-0.57000", "2008-12-31": "-2.38000", "2008-11-30": "", "2008-09-30": "7.38000", "2008-08-31": "1.36000", "2008-06-30": "1.02000", "2008-05-31": "0.97000", "2008-03-31": "1.27000", "2008-02-29": "1.50000", "2007-12-31": "-3.75000", "2007-11-30": "", "2007-08-31": "1.52000", "2007-05-31": "2.57000", "2007-02-28": "2.63000", "2006-11-30": "", "2006-08-31": "1.83000", "2006-05-31": "1.82000", "2006-02-28": "1.54000", "2005-11-30": "", "2005-08-31": "0.14000", "2005-05-31": "0.88000", "2005-02-28": "1.31000"}, "EPS - Earnings Per Share": {"2020-12-31": "1.81000", "2020-09-30": "1.66000", "2020-06-30": "1.96000", "2020-03-31": "1.01000", "2019-12-31": "1.30000", "2019-09-30": "1.27000", "2019-06-30": "1.23000", "2019-03-31": "1.39000", "2018-12-31": "0.81000", "2018-09-30": "1.17000", "2018-06-30": "1.30000", "2018-03-31": "1.45000", "2017-12-31": "0.27000", "2017-09-30": "0.93000", "2017-06-30": "0.87000", "2017-03-31": "1.00000", "2016-12-31": "0.81000", "2016-09-30": "0.81000", "2016-06-30": "0.75000", "2016-03-31": "0.55000", "2015-12-31": "0.39000", "2015-09-30": "0.48000", "2015-06-30": "0.85000", "2015-03-31": "1.18000", "2014-12-31": "-0.89000", "2014-09-30": "0.83000", "2014-06-30": "0.92000", "2014-03-31": "0.74000", "2013-12-31": "0.02000", "2013-09-30": "0.45000", "2013-06-30": "0.41000", "2013-03-31": "0.48000", "2012-12-31": "0.30000", "2012-09-30": "-0.55000", "2012-06-30": "0.29000", "2012-03-31": "-0.06000", "2011-12-31": "-0.04000", "2011-09-30": "1.15000", "2011-06-30": "-0.38000", "2011-03-31": "0.50000", "2010-12-31": "0.62000", "2010-09-30": "-0.07000", "2010-06-30": "1.09000", "2010-03-31": "0.99000", "2009-12-31": "0.52000", "2009-09-30": "0.38000", "2009-06-30": "-1.10000", "2009-03-31": "-0.57000", "2008-12-31": "-2.33000", "2008-11-30": "0.00000", "2008-09-30": "7.38000", "2008-08-31": "1.32000", "2008-06-30": "1.02000", "2008-05-31": "0.95000", "2008-03-31": "1.26000", "2008-02-29": "1.45000", "2007-12-31": "-3.50000", "2007-11-30": "0.00000", "2007-08-31": "1.44000", "2007-05-31": "2.45000", "2007-02-28": "2.51000", "2006-11-30": "0.00000", "2006-08-31": "1.75000", "2006-05-31": "1.75000", "2006-02-28": "1.48000", "2005-11-30": "0.00000", "2005-08-31": "0.13000", "2005-05-31": "0.86000", "2005-02-28": "1.29000"}}, "balance sheet": {"Cash On Hand": {"2020-12-31": "", "2019-12-31": "276944.00000", "2018-12-31": "302031.00000", "2017-12-31": "288663.00000", "2016-12-31": "304551.00000", "2015-12-31": "284156.00000", "2014-12-31": "328903.00000", "2013-12-31": "367431.00000", "2012-12-31": "348265.00000", "2011-12-31": "345646.00000", "2010-12-31": "370315.00000", "2009-12-31": "380068.00000", "2008-12-31": "318701.00000", "2008-11-30": "301521.00000", "2007-12-31": "", "2007-11-30": "536316.00000", "2006-11-30": "590177.00000", "2005-11-30": "531672.00000"}, "Receivables": {"2020-12-31": "", "2019-12-31": "186283.00000", "2018-12-31": "168877.00000", "2017-12-31": "160313.00000", "2016-12-31": "140708.00000", "2015-12-31": "131166.00000", "2014-12-31": "115538.00000", "2013-12-31": "99978.00000", "2012-12-31": "93334.00000", "2011-12-31": "64038.00000", "2010-12-31": "64726.00000", "2009-12-31": "51736.00000", "2008-12-31": "49320.00000", "2008-11-30": "52115.00000", "2007-12-31": "", "2007-11-30": "112312.00000", "2006-11-30": "111401.00000", "2005-11-30": "62146.00000"}, "Inventory": {"2020-12-31": "", "2019-12-31": "", "2018-12-31": "", "2017-12-31": "", "2016-12-31": "", "2015-12-31": "", "2014-12-31": "", "2013-12-31": "", "2012-12-31": "", "2011-12-31": "", "2010-12-31": "", "2009-12-31": "", "2008-12-31": "", "2008-11-30": "", "2007-12-31": "", "2007-11-30": "", "2006-11-30": "", "2005-11-30": ""}, "Pre-Paid Expenses": {"2020-12-31": "", "2019-12-31": "", "2018-12-31": "", "2017-12-31": "", "2016-12-31": "", "2015-12-31": "", "2014-12-31": "", "2013-12-31": "", "2012-12-31": "", "2011-12-31": "", "2010-12-31": "", "2009-12-31": "", "2008-12-31": "", "2008-11-30": "", "2007-12-31": "", "2007-11-30": "", "2006-11-30": "", "2005-11-30": ""}, "Other Current Assets": {"2020-12-31": "", "2019-12-31": "", "2018-12-31": "", "2017-12-31": "", "2016-12-31": "", "2015-12-31": "", "2014-12-31": "", "2013-12-31": "", "2012-12-31": "", "2011-12-31": "", "2010-12-31": "", "2009-12-31": "", "2008-12-31": "", "2008-11-30": "", "2007-12-31": "", "2007-11-30": "", "2006-11-30": "", "2005-11-30": ""}, "Total Current Assets": {"2020-12-31": "", "2019-12-31": "463227.00000", "2018-12-31": "470908.00000", "2017-12-31": "448976.00000", "2016-12-31": "445259.00000", "2015-12-31": "415322.00000", "2014-12-31": "444441.00000", "2013-12-31": "467409.00000", "2012-12-31": "441599.00000", "2011-12-31": "409684.00000", "2010-12-31": "435041.00000", "2009-12-31": "431804.00000", "2008-12-31": "368021.00000", "2008-11-30": "353636.00000", "2007-12-31": "", "2007-11-30": "648628.00000", "2006-11-30": "724493.00000", "2005-11-30": "616734.00000"}, "Property, Plant, And Equipment": {"2020-12-31": "", "2019-12-31": "", "2018-12-31": "", "2017-12-31": "", "2016-12-31": "", "2015-12-31": "", "2014-12-31": "6108.00000", "2013-12-31": "6019.00000", "2012-12-31": "5946.00000", "2011-12-31": "6457.00000", "2010-12-31": "6154.00000", "2009-12-31": "7067.00000", "2008-12-31": "5095.00000", "2008-11-30": "5057.00000", "2007-12-31": "", "2007-11-30": "4372.00000", "2006-11-30": "4086.00000", "2005-11-30": "5878.00000"}, "Long-Term Investments": {"2020-12-31": "", "2019-12-31": "402835.00000", "2018-12-31": "358131.00000", "2017-12-31": "377084.00000", "2016-12-31": "342246.00000", "2015-12-31": "311488.00000", "2014-12-31": "330472.00000", "2013-12-31": "339260.00000", "2012-12-31": "312471.00000", "2011-12-31": "310680.00000", "2010-12-31": "341807.00000", "2009-12-31": "303530.00000", "2008-12-31": "284349.00000", "2008-11-30": "281634.00000", "2007-12-31": "", "2007-11-30": "379487.00000", "2006-11-30": "378010.00000", "2005-11-30": "260615.00000"}, "Goodwill And Intangible Assets": {"2020-12-31": "", "2019-12-31": "9250.00000", "2018-12-31": "8851.00000", "2017-12-31": "9045.00000", "2016-12-31": "9298.00000", "2015-12-31": "9568.00000", "2014-12-31": "9747.00000", "2013-12-31": "9881.00000", "2012-12-31": "10433.00000", "2011-12-31": "10971.00000", "2010-12-31": "11406.00000", "2009-12-31": "12216.00000", "2008-12-31": "3162.00000", "2008-11-30": "3138.00000", "2007-12-31": "", "2007-11-30": "4071.00000", "2006-11-30": "3443.00000", "2005-11-30": "2500.00000"}, "Other Long-Term Assets": {"2020-12-31": "", "2019-12-31": "20117.00000", "2018-12-31": "15641.00000", "2017-12-31": "16628.00000", "2016-12-31": "18146.00000", "2015-12-31": "51087.00000", "2014-12-31": "10742.00000", "2013-12-31": "10133.00000", "2012-12-31": "10511.00000", "2011-12-31": "12106.00000", "2010-12-31": "13290.00000", "2009-12-31": "16845.00000", "2008-12-31": "16137.00000", "2008-11-30": "15347.00000", "2007-12-31": "", "2007-11-30": "8851.00000", "2006-11-30": "11160.00000", "2005-11-30": "12796.00000"}, "Total Long-Term Assets": {"2020-12-31": "", "2019-12-31": "432202.00000", "2018-12-31": "382623.00000", "2017-12-31": "402757.00000", "2016-12-31": "369690.00000", "2015-12-31": "372143.00000", "2014-12-31": "357069.00000", "2013-12-31": "365293.00000", "2012-12-31": "339361.00000", "2011-12-31": "340214.00000", "2010-12-31": "372657.00000", "2009-12-31": "339658.00000", "2008-12-31": "308743.00000", "2008-11-30": "305176.00000", "2007-12-31": "", "2007-11-30": "396781.00000", "2006-11-30": "396699.00000", "2005-11-30": "281789.00000"}, "Total Assets": {"2020-12-31": "0.00000", "2019-12-31": "895429.00000", "2018-12-31": "853531.00000", "2017-12-31": "851733.00000", "2016-12-31": "814949.00000", "2015-12-31": "787465.00000", "2014-12-31": "801510.00000", "2013-12-31": "832702.00000", "2012-12-31": "780960.00000", "2011-12-31": "749898.00000", "2010-12-31": "807698.00000", "2009-12-31": "771462.00000", "2008-12-31": "676764.00000", "2008-11-30": "658812.00000", "2007-12-31": "0.00000", "2007-11-30": "1045409.00000", "2006-11-30": "1121192.00000", "2005-11-30": "898523.00000"}, "Total Current Liabilities": {"2020-12-31": "", "2019-12-31": "620105.00000", "2018-12-31": "582463.00000", "2017-12-31": "580685.00000", "2016-12-31": "572056.00000", "2015-12-31": "557513.00000", "2014-12-31": "576634.00000", "2013-12-31": "610097.00000", "2012-12-31": "541652.00000", "2011-12-31": "495586.00000", "2010-12-31": "549834.00000", "2009-12-31": "525308.00000", "2008-12-31": "447473.00000", "2008-11-30": "444544.00000", "2007-12-31": "", "2007-11-30": "823516.00000", "2006-11-30": "940784.00000", "2005-11-30": "758810.00000"}, "Long Term Debt": {"2020-12-31": "", "2019-12-31": "192627.00000", "2018-12-31": "189662.00000", "2017-12-31": "192582.00000", "2016-12-31": "165716.00000", "2015-12-31": "153768.00000", "2014-12-31": "152772.00000", "2013-12-31": "153575.00000", "2012-12-31": "169571.00000", "2011-12-31": "184234.00000", "2010-12-31": "192457.00000", "2009-12-31": "193374.00000", "2008-12-31": "179835.00000", "2008-11-30": "163437.00000", "2007-12-31": "", "2007-11-30": "190624.00000", "2006-11-30": "144978.00000", "2005-11-30": "110465.00000"}, "Other Non-Current Liabilities": {"2020-12-31": "", "2019-12-31": "", "2018-12-31": "", "2017-12-31": "", "2016-12-31": "", "2015-12-31": "", "2014-12-31": "", "2013-12-31": "", "2012-12-31": "", "2011-12-31": "", "2010-12-31": "", "2009-12-31": "", "2008-12-31": "", "2008-11-30": "", "2007-12-31": "", "2007-11-30": "", "2006-11-30": "66.00000", "2005-11-30": "66.00000"}, "Total Long Term Liabilities": {"2020-12-31": "", "2019-12-31": "192627.00000", "2018-12-31": "189662.00000", "2017-12-31": "192582.00000", "2016-12-31": "165716.00000", "2015-12-31": "153768.00000", "2014-12-31": "152772.00000", "2013-12-31": "153575.00000", "2012-12-31": "173880.00000", "2011-12-31": "184234.00000", "2010-12-31": "192457.00000", "2009-12-31": "193374.00000", "2008-12-31": "179835.00000", "2008-11-30": "163437.00000", "2007-12-31": "", "2007-11-30": "190624.00000", "2006-11-30": "145044.00000", "2005-11-30": "110531.00000"}, "Total Liabilities": {"2020-12-31": "", "2019-12-31": "812732.00000", "2018-12-31": "772125.00000", "2017-12-31": "773267.00000", "2016-12-31": "737772.00000", "2015-12-31": "711281.00000", "2014-12-31": "729406.00000", "2013-12-31": "763672.00000", "2012-12-31": "715532.00000", "2011-12-31": "679820.00000", "2010-12-31": "742291.00000", "2009-12-31": "718682.00000", "2008-12-31": "627308.00000", "2008-11-30": "607981.00000", "2007-12-31": "", "2007-11-30": "1014140.00000", "2006-11-30": "1085828.00000", "2005-11-30": "869341.00000"}, "Common Stock Net": {"2020-12-31": "", "2019-12-31": "20.00000", "2018-12-31": "20.00000", "2017-12-31": "20.00000", "2016-12-31": "20.00000", "2015-12-31": "20.00000", "2014-12-31": "20.00000", "2013-12-31": "20.00000", "2012-12-31": "20.00000", "2011-12-31": "20.00000", "2010-12-31": "16.00000", "2009-12-31": "15.00000", "2008-12-31": "12.00000", "2008-11-30": "12.00000", "2007-12-31": "", "2007-11-30": "12.00000", "2006-11-30": "12.00000", "2005-11-30": "12.00000"}, "Retained Earnings (Accumulated Deficit)": {"2020-12-31": "", "2019-12-31": "70589.00000", "2018-12-31": "64175.00000", "2017-12-31": "57577.00000", "2016-12-31": "53679.00000", "2015-12-31": "49204.00000", "2014-12-31": "44625.00000", "2013-12-31": "42172.00000", "2012-12-31": "39912.00000", "2011-12-31": "40341.00000", "2010-12-31": "38603.00000", "2009-12-31": "35056.00000", "2008-12-31": "36154.00000", "2008-11-30": "38096.00000", "2007-12-31": "", "2007-11-30": "38045.00000", "2006-11-30": "41422.00000", "2005-11-30": "35185.00000"}, "Comprehensive Income": {"2020-12-31": "", "2019-12-31": "-2788.00000", "2018-12-31": "-2292.00000", "2017-12-31": "-3060.00000", "2016-12-31": "-2643.00000", "2015-12-31": "-1656.00000", "2014-12-31": "-1248.00000", "2013-12-31": "-1093.00000", "2012-12-31": "-516.00000", "2011-12-31": "-157.00000", "2010-12-31": "-467.00000", "2009-12-31": "-560.00000", "2008-12-31": "-420.00000", "2008-11-30": "-125.00000", "2007-12-31": "", "2007-11-30": "-199.00000", "2006-11-30": "-35.00000", "2005-11-30": "-190.00000"}, "Other Share Holders Equity": {"2020-12-31": "", "2019-12-31": "0.00000", "2018-12-31": "0.00000", "2017-12-31": "0.00000", "2016-12-31": "0.00000", "2015-12-31": "0.00000", "2014-12-31": "", "2013-12-31": "", "2012-12-31": "", "2011-12-31": "", "2010-12-31": "", "2009-12-31": "", "2008-12-31": "", "2008-11-30": "0.00000", "2007-12-31": "", "2007-11-30": "0.00000", "2006-11-30": "0.00000", "2005-11-30": "0.00000"}, "Share Holder Equity": {"2020-12-31": "", "2019-12-31": "82697.00000", "2018-12-31": "81406.00000", "2017-12-31": "78466.00000", "2016-12-31": "77177.00000", "2015-12-31": "76184.00000", "2014-12-31": "72104.00000", "2013-12-31": "69030.00000", "2012-12-31": "65428.00000", "2011-12-31": "70078.00000", "2010-12-31": "65407.00000", "2009-12-31": "52780.00000", "2008-12-31": "49456.00000", "2008-11-30": "50831.00000", "2007-12-31": "", "2007-11-30": "31269.00000", "2006-11-30": "35364.00000", "2005-11-30": "29182.00000"}, "Total Liabilities And Share Holders Equity": {"2020-12-31": "", "2019-12-31": "895429.00000", "2018-12-31": "853531.00000", "2017-12-31": "851733.00000", "2016-12-31": "814949.00000", "2015-12-31": "787465.00000", "2014-12-31": "801510.00000", "2013-12-31": "832702.00000", "2012-12-31": "780960.00000", "2011-12-31": "749898.00000", "2010-12-31": "807698.00000", "2009-12-31": "771462.00000", "2008-12-31": "676764.00000", "2008-11-30": "658812.00000", "2007-12-31": "", "2007-11-30": "1045409.00000", "2006-11-30": "1121192.00000", "2005-11-30": "898523.00000"}}, "balance sheet, quarterly": {"Cash On Hand": {"2020-12-31": "", "2020-09-30": "283858.00000", "2020-06-30": "309722.00000", "2020-03-31": "308609.00000", "2019-12-31": "276944.00000", "2019-09-30": "305424.00000", "2019-06-30": "298558.00000", "2019-03-31": "316143.00000", "2018-12-31": "302031.00000", "2018-09-30": "304056.00000", "2018-06-30": "328765.00000", "2018-03-31": "303425.00000", "2017-12-31": "288663.00000", "2017-09-30": "271189.00000", "2017-06-30": "268789.00000", "2017-03-31": "259480.00000", "2016-12-31": "304551.00000", "2016-09-30": "259411.00000", "2016-06-30": "285003.00000", "2016-03-31": "301638.00000", "2015-12-31": "284156.00000", "2015-09-30": "373977.00000", "2015-06-30": "346232.00000", "2015-03-31": "344558.00000", "2014-12-31": "328903.00000", "2014-09-30": "356923.00000", "2014-06-30": "361518.00000", "2014-03-31": "375859.00000", "2013-12-31": "367431.00000", "2013-09-30": "384372.00000", "2013-06-30": "368919.00000", "2013-03-31": "368328.00000", "2012-12-31": "348265.00000", "2012-09-30": "353071.00000", "2012-06-30": "365825.00000", "2012-03-31": "364666.00000", "2011-12-31": "345646.00000", "2011-09-30": "389398.00000", "2011-06-30": "405195.00000", "2011-03-31": "393561.00000", "2010-12-31": "370315.00000", "2010-09-30": "386836.00000", "2010-06-30": "396779.00000", "2010-03-31": "394424.00000", "2009-12-31": "380068.00000", "2009-09-30": "342684.00000", "2009-06-30": "296173.00000", "2009-03-31": "291852.00000", "2008-12-31": "318701.00000", "2008-11-30": "301521.00000", "2008-09-30": "", "2008-08-31": "522326.00000", "2008-06-30": "", "2008-05-31": "526427.00000", "2008-03-31": "", "2008-02-29": "517840.00000", "2007-12-31": "", "2007-11-30": "536316.00000", "2007-08-31": "605971.00000", "2007-05-31": "587400.00000", "2007-02-28": "604190.00000", "2006-11-30": "590177.00000", "2006-08-31": "575273.00000", "2006-05-31": "587523.00000", "2006-02-28": "544755.00000", "2005-11-30": "531672.00000", "2005-08-31": "486247.00000", "2005-05-31": "489529.00000", "2005-02-28": "461748.00000"}, "Receivables": {"2020-12-31": "", "2020-09-30": "218774.00000", "2020-06-30": "204263.00000", "2020-03-31": "223121.00000", "2019-12-31": "186283.00000", "2019-09-30": "185036.00000", "2019-06-30": "174282.00000", "2019-03-31": "168864.00000", "2018-12-31": "168877.00000", "2018-09-30": "170822.00000", "2018-06-30": "173827.00000", "2018-03-31": "175970.00000", "2017-12-31": "160313.00000", "2017-09-30": "158819.00000", "2017-06-30": "152556.00000", "2017-03-31": "144297.00000", "2016-12-31": "140708.00000", "2016-09-30": "143919.00000", "2016-06-30": "145992.00000", "2016-03-31": "133564.00000", "2015-12-31": "131166.00000", "2015-09-30": "128279.00000", "2015-06-30": "133008.00000", "2015-03-31": "125436.00000", "2014-12-31": "115538.00000", "2014-09-30": "113048.00000", "2014-06-30": "109817.00000", "2014-03-31": "106811.00000", "2013-12-31": "99978.00000", "2013-09-30": "95444.00000", "2013-06-30": "99044.00000", "2013-03-31": "92886.00000", "2012-12-31": "93334.00000", "2012-09-30": "87922.00000", "2012-06-30": "78375.00000", "2012-03-31": "71672.00000", "2011-12-31": "64038.00000", "2011-09-30": "68083.00000", "2011-06-30": "70968.00000", "2011-03-31": "70812.00000", "2010-12-31": "64726.00000", "2010-09-30": "62533.00000", "2010-06-30": "54247.00000", "2010-03-31": "49776.00000", "2009-12-31": "51736.00000", "2009-09-30": "48678.00000", "2009-06-30": "50670.00000", "2009-03-31": "45772.00000", "2008-12-31": "49320.00000", "2008-11-30": "52115.00000", "2008-09-30": "", "2008-08-31": "65889.00000", "2008-06-30": "", "2008-05-31": "85604.00000", "2008-03-31": "", "2008-02-29": "102810.00000", "2007-12-31": "", "2007-11-30": "112312.00000", "2007-08-31": "135425.00000", "2007-05-31": "157200.00000", "2007-02-28": "115833.00000", "2006-11-30": "111401.00000", "2006-08-31": "72877.00000", "2006-05-31": "83991.00000", "2006-02-28": "85688.00000", "2005-11-30": "62146.00000", "2005-08-31": "65137.00000", "2005-05-31": "55475.00000", "2005-02-28": "73307.00000"}, "Inventory": {"2020-12-31": "", "2020-09-30": "", "2020-06-30": "", "2020-03-31": "", "2019-12-31": "", "2019-09-30": "", "2019-06-30": "", "2019-03-31": "", "2018-12-31": "", "2018-09-30": "", "2018-06-30": "", "2018-03-31": "", "2017-12-31": "", "2017-09-30": "", "2017-06-30": "", "2017-03-31": "", "2016-12-31": "", "2016-09-30": "", "2016-06-30": "", "2016-03-31": "", "2015-12-31": "", "2015-09-30": "", "2015-06-30": "", "2015-03-31": "", "2014-12-31": "", "2014-09-30": "", "2014-06-30": "", "2014-03-31": "", "2013-12-31": "", "2013-09-30": "", "2013-06-30": "", "2013-03-31": "", "2012-12-31": "", "2012-09-30": "", "2012-06-30": "", "2012-03-31": "", "2011-12-31": "", "2011-09-30": "", "2011-06-30": "", "2011-03-31": "", "2010-12-31": "", "2010-09-30": "", "2010-06-30": "", "2010-03-31": "", "2009-12-31": "", "2009-09-30": "", "2009-06-30": "", "2009-03-31": "", "2008-12-31": "", "2008-11-30": "", "2008-09-30": "", "2008-08-31": "", "2008-06-30": "", "2008-05-31": "", "2008-03-31": "", "2008-02-29": "", "2007-12-31": "", "2007-11-30": "", "2007-08-31": "", "2007-05-31": "", "2007-02-28": "", "2006-11-30": "", "2006-08-31": "", "2006-05-31": "", "2006-02-28": "", "2005-11-30": "", "2005-08-31": "", "2005-05-31": "", "2005-02-28": ""}, "Pre-Paid Expenses": {"2020-12-31": "", "2020-09-30": "", "2020-06-30": "", "2020-03-31": "", "2019-12-31": "", "2019-09-30": "", "2019-06-30": "", "2019-03-31": "", "2018-12-31": "", "2018-09-30": "", "2018-06-30": "", "2018-03-31": "", "2017-12-31": "", "2017-09-30": "", "2017-06-30": "", "2017-03-31": "", "2016-12-31": "", "2016-09-30": "", "2016-06-30": "", "2016-03-31": "", "2015-12-31": "", "2015-09-30": "", "2015-06-30": "", "2015-03-31": "", "2014-12-31": "", "2014-09-30": "", "2014-06-30": "", "2014-03-31": "", "2013-12-31": "", "2013-09-30": "", "2013-06-30": "", "2013-03-31": "", "2012-12-31": "", "2012-09-30": "", "2012-06-30": "", "2012-03-31": "", "2011-12-31": "", "2011-09-30": "", "2011-06-30": "", "2011-03-31": "", "2010-12-31": "", "2010-09-30": "", "2010-06-30": "", "2010-03-31": "", "2009-12-31": "", "2009-09-30": "", "2009-06-30": "", "2009-03-31": "", "2008-12-31": "", "2008-11-30": "", "2008-09-30": "", "2008-08-31": "", "2008-06-30": "", "2008-05-31": "", "2008-03-31": "", "2008-02-29": "", "2007-12-31": "", "2007-11-30": "", "2007-08-31": "", "2007-05-31": "", "2007-02-28": "", "2006-11-30": "", "2006-08-31": "", "2006-05-31": "", "2006-02-28": "", "2005-11-30": "", "2005-08-31": "", "2005-05-31": "", "2005-02-28": ""}, "Other Current Assets": {"2020-12-31": "", "2020-09-30": "", "2020-06-30": "", "2020-03-31": "", "2019-12-31": "", "2019-09-30": "", "2019-06-30": "", "2019-03-31": "", "2018-12-31": "", "2018-09-30": "", "2018-06-30": "", "2018-03-31": "", "2017-12-31": "", "2017-09-30": "", "2017-06-30": "", "2017-03-31": "", "2016-12-31": "", "2016-09-30": "", "2016-06-30": "", "2016-03-31": "", "2015-12-31": "", "2015-09-30": "", "2015-06-30": "", "2015-03-31": "", "2014-12-31": "", "2014-09-30": "", "2014-06-30": "", "2014-03-31": "", "2013-12-31": "", "2013-09-30": "", "2013-06-30": "", "2013-03-31": "", "2012-12-31": "", "2012-09-30": "", "2012-06-30": "", "2012-03-31": "", "2011-12-31": "", "2011-09-30": "", "2011-06-30": "", "2011-03-31": "", "2010-12-31": "", "2010-09-30": "", "2010-06-30": "", "2010-03-31": "", "2009-12-31": "", "2009-09-30": "", "2009-06-30": "", "2009-03-31": "", "2008-12-31": "", "2008-11-30": "", "2008-09-30": "", "2008-08-31": "", "2008-06-30": "", "2008-05-31": "", "2008-03-31": "", "2008-02-29": "", "2007-12-31": "", "2007-11-30": "", "2007-08-31": "", "2007-05-31": "", "2007-02-28": "", "2006-11-30": "", "2006-08-31": "", "2006-05-31": "", "2006-02-28": "", "2005-11-30": "", "2005-08-31": "", "2005-05-31": "", "2005-02-28": ""}, "Total Current Assets": {"2020-12-31": "", "2020-09-30": "502632.00000", "2020-06-30": "513985.00000", "2020-03-31": "531730.00000", "2019-12-31": "463227.00000", "2019-09-30": "490460.00000", "2019-06-30": "472840.00000", "2019-03-31": "485007.00000", "2018-12-31": "470908.00000", "2018-09-30": "474878.00000", "2018-06-30": "502592.00000", "2018-03-31": "479395.00000", "2017-12-31": "448976.00000", "2017-09-30": "430008.00000", "2017-06-30": "421345.00000", "2017-03-31": "403777.00000", "2016-12-31": "445259.00000", "2016-09-30": "403330.00000", "2016-06-30": "430995.00000", "2016-03-31": "435202.00000", "2015-12-31": "415322.00000", "2015-09-30": "502256.00000", "2015-06-30": "479240.00000", "2015-03-31": "469994.00000", "2014-12-31": "444441.00000", "2014-09-30": "469971.00000", "2014-06-30": "471335.00000", "2014-03-31": "482670.00000", "2013-12-31": "467409.00000", "2013-09-30": "479816.00000", "2013-06-30": "467963.00000", "2013-03-31": "461214.00000", "2012-12-31": "441599.00000", "2012-09-30": "440993.00000", "2012-06-30": "444200.00000", "2012-03-31": "436338.00000", "2011-12-31": "409684.00000", "2011-09-30": "457481.00000", "2011-06-30": "476163.00000", "2011-03-31": "464373.00000", "2010-12-31": "435041.00000", "2010-09-30": "449369.00000", "2010-06-30": "451026.00000", "2010-03-31": "444200.00000", "2009-12-31": "431804.00000", "2009-09-30": "391362.00000", "2009-06-30": "346843.00000", "2009-03-31": "337624.00000", "2008-12-31": "368021.00000", "2008-11-30": "353636.00000", "2008-09-30": "", "2008-08-31": "588215.00000", "2008-06-30": "", "2008-05-31": "612031.00000", "2008-03-31": "", "2008-02-29": "620650.00000", "2007-12-31": "", "2007-11-30": "648628.00000", "2007-08-31": "741396.00000", "2007-05-31": "766517.00000", "2007-02-28": "742452.00000", "2006-11-30": "724493.00000", "2006-08-31": "671411.00000", "2006-05-31": "693479.00000", "2006-02-28": "651169.00000", "2005-11-30": "616734.00000", "2005-08-31": "572426.00000", "2005-05-31": "564745.00000", "2005-02-28": "553840.00000"}, "Property, Plant, And Equipment": {"2020-12-31": "", "2020-09-30": "", "2020-06-30": "", "2020-03-31": "", "2019-12-31": "", "2019-09-30": "", "2019-06-30": "", "2019-03-31": "", "2018-12-31": "", "2018-09-30": "", "2018-06-30": "", "2018-03-31": "", "2017-12-31": "", "2017-09-30": "", "2017-06-30": "", "2017-03-31": "", "2016-12-31": "", "2016-09-30": "", "2016-06-30": "", "2016-03-31": "", "2015-12-31": "", "2015-09-30": "6259.00000", "2015-06-30": "6182.00000", "2015-03-31": "6141.00000", "2014-12-31": "6108.00000", "2014-09-30": "5642.00000", "2014-06-30": "5911.00000", "2014-03-31": "5778.00000", "2013-12-31": "6019.00000", "2013-09-30": "6008.00000", "2013-06-30": "5966.00000", "2013-03-31": "5928.00000", "2012-12-31": "5946.00000", "2012-09-30": "6083.00000", "2012-06-30": "6343.00000", "2012-03-31": "6410.00000", "2011-12-31": "6457.00000", "2011-09-30": "6511.00000", "2011-06-30": "6399.00000", "2011-03-31": "6366.00000", "2010-12-31": "6154.00000", "2010-09-30": "6032.00000", "2010-06-30": "6100.00000", "2010-03-31": "6047.00000", "2009-12-31": "7067.00000", "2009-09-30": "6765.00000", "2009-06-30": "6548.00000", "2009-03-31": "6018.00000", "2008-12-31": "5095.00000", "2008-11-30": "5057.00000", "2008-09-30": "", "2008-08-31": "5004.00000", "2008-06-30": "", "2008-05-31": "4856.00000", "2008-03-31": "", "2008-02-29": "4548.00000", "2007-12-31": "", "2007-11-30": "4372.00000", "2007-08-31": "4193.00000", "2007-05-31": "4501.00000", "2007-02-28": "4313.00000", "2006-11-30": "4086.00000", "2006-08-31": "3409.00000", "2006-05-31": "2809.00000", "2006-02-28": "5754.00000", "2005-11-30": "5878.00000", "2005-08-31": "4727.00000", "2005-05-31": "6395.00000", "2005-02-28": "6418.00000"}, "Long-Term Investments": {"2020-12-31": "", "2020-09-30": "424673.00000", "2020-06-30": "433011.00000", "2020-03-31": "387073.00000", "2019-12-31": "402835.00000", "2019-09-30": "383213.00000", "2019-06-30": "390031.00000", "2019-03-31": "362762.00000", "2018-12-31": "358131.00000", "2018-09-30": "365756.00000", "2018-06-30": "348386.00000", "2018-03-31": "353685.00000", "2017-12-31": "377084.00000", "2017-09-30": "364174.00000", "2017-06-30": "362378.00000", "2017-03-31": "365480.00000", "2016-12-31": "342246.00000", "2016-09-30": "352107.00000", "2016-06-30": "336938.00000", "2016-03-31": "311742.00000", "2015-12-31": "311488.00000", "2015-09-30": "306782.00000", "2015-06-30": "320583.00000", "2015-03-31": "332943.00000", "2014-12-31": "330472.00000", "2014-09-30": "320544.00000", "2014-06-30": "329934.00000", "2014-03-31": "323574.00000", "2013-12-31": "339260.00000", "2013-09-30": "325607.00000", "2013-06-30": "307765.00000", "2013-03-31": "313630.00000", "2012-12-31": "312471.00000", "2012-09-30": "296555.00000", "2012-06-30": "276754.00000", "2012-03-31": "315640.00000", "2011-12-31": "310680.00000", "2011-09-30": "306759.00000", "2011-06-30": "323935.00000", "2011-03-31": "340564.00000", "2010-12-31": "341807.00000", "2010-09-30": "361685.00000", "2010-06-30": "327598.00000", "2010-03-31": "343222.00000", "2009-12-31": "303530.00000", "2009-09-30": "342395.00000", "2009-06-30": "295205.00000", "2009-03-31": "262774.00000", "2008-12-31": "284349.00000", "2008-11-30": "281857.00000", "2008-09-30": "", "2008-08-31": "375419.00000", "2008-06-30": "", "2008-05-31": "396279.00000", "2008-03-31": "", "2008-02-29": "451094.00000", "2007-12-31": "", "2007-11-30": "379487.00000", "2007-08-31": "428807.00000", "2007-05-31": "414419.00000", "2007-02-28": "407754.00000", "2006-11-30": "378010.00000", "2006-08-31": "335672.00000", "2006-05-31": "310171.00000", "2006-02-28": "283829.00000", "2005-11-30": "260615.00000", "2005-08-31": "245789.00000", "2005-05-31": "235412.00000", "2005-02-28": "230208.00000"}, "Goodwill And Intangible Assets": {"2020-12-31": "", "2020-09-30": "9228.00000", "2020-06-30": "9287.00000", "2020-03-31": "9146.00000", "2019-12-31": "9250.00000", "2019-09-30": "9350.00000", "2019-06-30": "9434.00000", "2019-03-31": "8770.00000", "2018-12-31": "8851.00000", "2018-09-30": "8920.00000", "2018-06-30": "9024.00000", "2018-03-31": "9133.00000", "2017-12-31": "9045.00000", "2017-09-30": "9081.00000", "2017-06-30": "9158.00000", "2017-03-31": "9232.00000", "2016-12-31": "9298.00000", "2016-09-30": "9331.00000", "2016-06-30": "9414.00000", "2016-03-31": "9495.00000", "2015-12-31": "9568.00000", "2015-09-30": "9656.00000", "2015-06-30": "9745.00000", "2015-03-31": "9661.00000", "2014-12-31": "9747.00000", "2014-09-30": "9643.00000", "2014-06-30": "9737.00000", "2014-03-31": "9811.00000", "2013-12-31": "9881.00000", "2013-09-30": "10105.00000", "2013-06-30": "10202.00000", "2013-03-31": "10327.00000", "2012-12-31": "10433.00000", "2012-09-30": "10527.00000", "2012-06-30": "10597.00000", "2012-03-31": "10870.00000", "2011-12-31": "10971.00000", "2011-09-30": "11079.00000", "2011-06-30": "11218.00000", "2011-03-31": "11324.00000", "2010-12-31": "11406.00000", "2010-09-30": "11574.00000", "2010-06-30": "11673.00000", "2010-03-31": "12167.00000", "2009-12-31": "12216.00000", "2009-09-30": "12656.00000", "2009-06-30": "12389.00000", "2009-03-31": "3075.00000", "2008-12-31": "3162.00000", "2008-11-30": "3190.00000", "2008-09-30": "", "2008-08-31": "3996.00000", "2008-06-30": "", "2008-05-31": "3890.00000", "2008-03-31": "", "2008-02-29": "4061.00000", "2007-12-31": "", "2007-11-30": "4071.00000", "2007-08-31": "3451.00000", "2007-05-31": "4132.00000", "2007-02-28": "4262.00000", "2006-11-30": "3443.00000", "2006-08-31": "2943.00000", "2006-05-31": "2932.00000", "2006-02-28": "2873.00000", "2005-11-30": "2500.00000", "2005-08-31": "2531.00000", "2005-05-31": "2528.00000", "2005-02-28": "2563.00000"}, "Other Long-Term Assets": {"2020-12-31": "", "2020-09-30": "19407.00000", "2020-06-30": "19080.00000", "2020-03-31": "19846.00000", "2019-12-31": "20117.00000", "2019-09-30": "19581.00000", "2019-06-30": "19654.00000", "2019-03-31": "19425.00000", "2018-12-31": "15641.00000", "2018-09-30": "15963.00000", "2018-06-30": "15873.00000", "2018-03-31": "16282.00000", "2017-12-31": "16628.00000", "2017-09-30": "50430.00000", "2017-06-30": "48135.00000", "2017-03-31": "53902.00000", "2016-12-31": "18146.00000", "2016-09-30": "49123.00000", "2016-06-30": "51526.00000", "2016-03-31": "51058.00000", "2015-12-31": "51087.00000", "2015-09-30": "9160.00000", "2015-06-30": "10005.00000", "2015-03-31": "10360.00000", "2014-12-31": "10742.00000", "2014-09-30": "8711.00000", "2014-06-30": "9651.00000", "2014-03-31": "9548.00000", "2013-12-31": "10133.00000", "2013-09-30": "10687.00000", "2013-06-30": "10795.00000", "2013-03-31": "10284.00000", "2012-12-31": "10511.00000", "2012-09-30": "10827.00000", "2012-06-30": "10623.00000", "2012-03-31": "11772.00000", "2011-12-31": "12106.00000", "2011-09-30": "13109.00000", "2011-06-30": "13032.00000", "2011-03-31": "13558.00000", "2010-12-31": "13290.00000", "2010-09-30": "12712.00000", "2010-06-30": "13059.00000", "2010-03-31": "14083.00000", "2009-12-31": "16845.00000", "2009-09-30": "16325.00000", "2009-06-30": "15972.00000", "2009-03-31": "16532.00000", "2008-12-31": "16137.00000", "2008-11-30": "15295.00000", "2008-09-30": "", "2008-08-31": "14769.00000", "2008-06-30": "", "2008-05-31": "14172.00000", "2008-03-31": "", "2008-02-29": "10543.00000", "2007-12-31": "", "2007-11-30": "8851.00000", "2007-08-31": "7284.00000", "2007-05-31": "10424.00000", "2007-02-28": "23280.00000", "2006-11-30": "11160.00000", "2006-08-31": "15437.00000", "2006-05-31": "17652.00000", "2006-02-28": "15988.00000", "2005-11-30": "12796.00000", "2005-08-31": "11918.00000", "2005-05-31": "9631.00000", "2005-02-28": "9181.00000"}, "Total Long-Term Assets": {"2020-12-31": "", "2020-09-30": "453308.00000", "2020-06-30": "461378.00000", "2020-03-31": "416065.00000", "2019-12-31": "432202.00000", "2019-09-30": "412144.00000", "2019-06-30": "419119.00000", "2019-03-31": "390957.00000", "2018-12-31": "382623.00000", "2018-09-30": "390639.00000", "2018-06-30": "373283.00000", "2018-03-31": "379100.00000", "2017-12-31": "402757.00000", "2017-09-30": "423685.00000", "2017-06-30": "419671.00000", "2017-03-31": "428614.00000", "2016-12-31": "369690.00000", "2016-09-30": "410561.00000", "2016-06-30": "397878.00000", "2016-03-31": "372295.00000", "2015-12-31": "372143.00000", "2015-09-30": "331857.00000", "2015-06-30": "346515.00000", "2015-03-31": "359105.00000", "2014-12-31": "357069.00000", "2014-09-30": "344540.00000", "2014-06-30": "355233.00000", "2014-03-31": "348711.00000", "2013-12-31": "365293.00000", "2013-09-30": "352407.00000", "2013-06-30": "334728.00000", "2013-03-31": "340169.00000", "2012-12-31": "339361.00000", "2012-09-30": "323992.00000", "2012-06-30": "304317.00000", "2012-03-31": "344692.00000", "2011-12-31": "340214.00000", "2011-09-30": "337458.00000", "2011-06-30": "354584.00000", "2011-03-31": "371812.00000", "2010-12-31": "372657.00000", "2010-09-30": "392003.00000", "2010-06-30": "358430.00000", "2010-03-31": "375519.00000", "2009-12-31": "339658.00000", "2009-09-30": "378141.00000", "2009-06-30": "330114.00000", "2009-03-31": "288399.00000", "2008-12-31": "308743.00000", "2008-11-30": "305399.00000", "2008-09-30": "", "2008-08-31": "399188.00000", "2008-06-30": "", "2008-05-31": "419197.00000", "2008-03-31": "", "2008-02-29": "470246.00000", "2007-12-31": "", "2007-11-30": "396781.00000", "2007-08-31": "443735.00000", "2007-05-31": "433476.00000", "2007-02-28": "439609.00000", "2006-11-30": "396699.00000", "2006-08-31": "357461.00000", "2006-05-31": "333564.00000", "2006-02-28": "308444.00000", "2005-11-30": "281789.00000", "2005-08-31": "264965.00000", "2005-05-31": "253966.00000", "2005-02-28": "248370.00000"}, "Total Assets": {"2020-12-31": "0.00000", "2020-09-30": "955940.00000", "2020-06-30": "975363.00000", "2020-03-31": "947795.00000", "2019-12-31": "895429.00000", "2019-09-30": "902604.00000", "2019-06-30": "891959.00000", "2019-03-31": "875964.00000", "2018-12-31": "853531.00000", "2018-09-30": "865517.00000", "2018-06-30": "875875.00000", "2018-03-31": "858495.00000", "2017-12-31": "851733.00000", "2017-09-30": "853693.00000", "2017-06-30": "841016.00000", "2017-03-31": "832391.00000", "2016-12-31": "814949.00000", "2016-09-30": "813891.00000", "2016-06-30": "828873.00000", "2016-03-31": "807497.00000", "2015-12-31": "787465.00000", "2015-09-30": "834113.00000", "2015-06-30": "825755.00000", "2015-03-31": "829099.00000", "2014-12-31": "801510.00000", "2014-09-30": "814511.00000", "2014-06-30": "826568.00000", "2014-03-31": "831381.00000", "2013-12-31": "832702.00000", "2013-09-30": "832223.00000", "2013-06-30": "802691.00000", "2013-03-31": "801383.00000", "2012-12-31": "780960.00000", "2012-09-30": "764985.00000", "2012-06-30": "748517.00000", "2012-03-31": "781030.00000", "2011-12-31": "749898.00000", "2011-09-30": "794939.00000", "2011-06-30": "830747.00000", "2011-03-31": "836185.00000", "2010-12-31": "807698.00000", "2010-09-30": "841372.00000", "2010-06-30": "809456.00000", "2010-03-31": "819719.00000", "2009-12-31": "771462.00000", "2009-09-30": "769503.00000", "2009-06-30": "676957.00000", "2009-03-31": "626023.00000", "2008-12-31": "676764.00000", "2008-11-30": "659035.00000", "2008-09-30": "0.00000", "2008-08-31": "987403.00000", "2008-06-30": "0.00000", "2008-05-31": "1031228.00000", "2008-03-31": "0.00000", "2008-02-29": "1090896.00000", "2007-12-31": "0.00000", "2007-11-30": "1045409.00000", "2007-08-31": "1185131.00000", "2007-05-31": "1199993.00000", "2007-02-28": "1182061.00000", "2006-11-30": "1121192.00000", "2006-08-31": "1028872.00000", "2006-05-31": "1027043.00000", "2006-02-28": "959613.00000", "2005-11-30": "898523.00000", "2005-08-31": "837391.00000", "2005-05-31": "818711.00000", "2005-02-28": "802210.00000"}, "Total Current Liabilities": {"2020-12-31": "", "2020-09-30": "662678.00000", "2020-06-30": "681890.00000", "2020-03-31": "665711.00000", "2019-12-31": "620105.00000", "2019-09-30": "625395.00000", "2019-06-30": "611266.00000", "2019-03-31": "603381.00000", "2018-12-31": "582463.00000", "2018-09-30": "594554.00000", "2018-06-30": "603125.00000", "2018-03-31": "584042.00000", "2017-12-31": "580685.00000", "2017-09-30": "581902.00000", "2017-06-30": "576937.00000", "2017-03-31": "580619.00000", "2016-12-31": "572056.00000", "2016-09-30": "571502.00000", "2016-06-30": "587006.00000", "2016-03-31": "567518.00000", "2015-12-31": "557513.00000", "2015-09-30": "597350.00000", "2015-06-30": "591599.00000", "2015-03-31": "598088.00000", "2014-12-31": "576634.00000", "2014-09-30": "588143.00000", "2014-06-30": "604884.00000", "2014-03-31": "607739.00000", "2013-12-31": "610097.00000", "2013-09-30": "606177.00000", "2013-06-30": "575479.00000", "2013-03-31": "565744.00000", "2012-12-31": "541652.00000", "2012-09-30": "527069.00000", "2012-06-30": "509052.00000", "2012-03-31": "533715.00000", "2011-12-31": "495586.00000", "2011-09-30": "535752.00000", "2011-06-30": "566498.00000", "2011-03-31": "573541.00000", "2010-12-31": "549834.00000", "2010-09-30": "579299.00000", "2010-06-30": "567487.00000", "2010-03-31": "575337.00000", "2009-12-31": "525308.00000", "2009-09-30": "520842.00000", "2009-06-30": "438702.00000", "2009-03-31": "394708.00000", "2008-12-31": "447473.00000", "2008-11-30": "444062.00000", "2008-09-30": "", "2008-08-31": "749311.00000", "2008-06-30": "", "2008-05-31": "786011.00000", "2008-03-31": "", "2008-02-29": "857300.00000", "2007-12-31": "", "2007-11-30": "823516.00000", "2007-08-31": "974667.00000", "2007-05-31": "988550.00000", "2007-02-28": "984274.00000", "2006-11-30": "940784.00000", "2006-08-31": "861270.00000", "2006-05-31": "866737.00000", "2006-02-28": "808029.00000", "2005-11-30": "758810.00000", "2005-08-31": "706748.00000", "2005-05-31": "688012.00000", "2005-02-28": "669299.00000"}, "Long Term Debt": {"2020-12-31": "", "2020-09-30": "203444.00000", "2020-06-30": "205464.00000", "2020-03-31": "194856.00000", "2019-12-31": "192627.00000", "2019-09-30": "193659.00000", "2019-06-30": "197848.00000", "2019-03-31": "190691.00000", "2018-12-31": "189662.00000", "2018-09-30": "190889.00000", "2018-06-30": "192244.00000", "2018-03-31": "194964.00000", "2017-12-31": "192582.00000", "2017-09-30": "191677.00000", "2017-06-30": "184112.00000", "2017-03-31": "172688.00000", "2016-12-31": "165716.00000", "2016-09-30": "163927.00000", "2016-06-30": "163492.00000", "2016-03-31": "162804.00000", "2015-12-31": "153768.00000", "2015-09-30": "160343.00000", "2015-06-30": "158089.00000", "2015-03-31": "155545.00000", "2014-12-31": "152772.00000", "2014-09-30": "152357.00000", "2014-06-30": "149483.00000", "2014-03-31": "153374.00000", "2013-12-31": "153575.00000", "2013-09-30": "157805.00000", "2013-06-30": "161098.00000", "2013-03-31": "165142.00000", "2012-12-31": "169571.00000", "2012-09-30": "168444.00000", "2012-06-30": "167828.00000", "2012-03-31": "176723.00000", "2011-12-31": "184234.00000", "2011-09-30": "189093.00000", "2011-06-30": "196106.00000", "2011-03-31": "196136.00000", "2010-12-31": "192457.00000", "2010-09-30": "196491.00000", "2010-06-30": "182810.00000", "2010-03-31": "189203.00000", "2009-12-31": "193374.00000", "2009-09-30": "196437.00000", "2009-06-30": "186792.00000", "2009-03-31": "182108.00000", "2008-12-31": "179835.00000", "2008-11-30": "163437.00000", "2008-09-30": "", "2008-08-31": "202327.00000", "2008-06-30": "", "2008-05-31": "210724.00000", "2008-03-31": "", "2008-02-29": "200316.00000", "2007-12-31": "", "2007-11-30": "190624.00000", "2007-08-31": "175214.00000", "2007-05-31": "171932.00000", "2007-02-28": "159833.00000", "2006-11-30": "144978.00000", "2006-08-31": "133364.00000", "2006-05-31": "127985.00000", "2006-02-28": "121395.00000", "2005-11-30": "110465.00000", "2005-08-31": "102351.00000", "2005-05-31": "102303.00000", "2005-02-28": "104350.00000"}, "Other Non-Current Liabilities": {"2020-12-31": "", "2020-09-30": "", "2020-06-30": "", "2020-03-31": "", "2019-12-31": "", "2019-09-30": "", "2019-06-30": "", "2019-03-31": "", "2018-12-31": "", "2018-09-30": "", "2018-06-30": "", "2018-03-31": "", "2017-12-31": "", "2017-09-30": "", "2017-06-30": "", "2017-03-31": "", "2016-12-31": "", "2016-09-30": "", "2016-06-30": "", "2016-03-31": "", "2015-12-31": "", "2015-09-30": "", "2015-06-30": "", "2015-03-31": "", "2014-12-31": "", "2014-09-30": "", "2014-06-30": "", "2014-03-31": "", "2013-12-31": "", "2013-09-30": "", "2013-06-30": "", "2013-03-31": "", "2012-12-31": "", "2012-09-30": "", "2012-06-30": "", "2012-03-31": "", "2011-12-31": "", "2011-09-30": "", "2011-06-30": "", "2011-03-31": "", "2010-12-31": "", "2010-09-30": "", "2010-06-30": "", "2010-03-31": "", "2009-12-31": "", "2009-09-30": "", "2009-06-30": "", "2009-03-31": "", "2008-12-31": "", "2008-11-30": "", "2008-09-30": "", "2008-08-31": "", "2008-06-30": "", "2008-05-31": "", "2008-03-31": "", "2008-02-29": "", "2007-12-31": "", "2007-11-30": "", "2007-08-31": "", "2007-05-31": "", "2007-02-28": "", "2006-11-30": "66.00000", "2006-08-31": "66.00000", "2006-05-31": "66.00000", "2006-02-28": "66.00000", "2005-11-30": "66.00000", "2005-08-31": "66.00000", "2005-05-31": "66.00000", "2005-02-28": "66.00000"}, "Total Long Term Liabilities": {"2020-12-31": "", "2020-09-30": "203444.00000", "2020-06-30": "205464.00000", "2020-03-31": "194856.00000", "2019-12-31": "192627.00000", "2019-09-30": "193659.00000", "2019-06-30": "197848.00000", "2019-03-31": "190691.00000", "2018-12-31": "189662.00000", "2018-09-30": "190889.00000", "2018-06-30": "192244.00000", "2018-03-31": "194964.00000", "2017-12-31": "192582.00000", "2017-09-30": "191677.00000", "2017-06-30": "184112.00000", "2017-03-31": "172688.00000", "2016-12-31": "165716.00000", "2016-09-30": "163927.00000", "2016-06-30": "163492.00000", "2016-03-31": "162804.00000", "2015-12-31": "153768.00000", "2015-09-30": "160343.00000", "2015-06-30": "158089.00000", "2015-03-31": "155545.00000", "2014-12-31": "152772.00000", "2014-09-30": "152357.00000", "2014-06-30": "149483.00000", "2014-03-31": "153374.00000", "2013-12-31": "153575.00000", "2013-09-30": "157805.00000", "2013-06-30": "161098.00000", "2013-03-31": "169567.00000", "2012-12-31": "173880.00000", "2012-09-30": "172746.00000", "2012-06-30": "167828.00000", "2012-03-31": "176723.00000", "2011-12-31": "184234.00000", "2011-09-30": "189093.00000", "2011-06-30": "196106.00000", "2011-03-31": "196136.00000", "2010-12-31": "192457.00000", "2010-09-30": "196491.00000", "2010-06-30": "182810.00000", "2010-03-31": "189203.00000", "2009-12-31": "193374.00000", "2009-09-30": "196437.00000", "2009-06-30": "186792.00000", "2009-03-31": "182108.00000", "2008-12-31": "179835.00000", "2008-11-30": "163437.00000", "2008-09-30": "", "2008-08-31": "202327.00000", "2008-06-30": "", "2008-05-31": "210724.00000", "2008-03-31": "", "2008-02-29": "200316.00000", "2007-12-31": "", "2007-11-30": "190624.00000", "2007-08-31": "175214.00000", "2007-05-31": "171932.00000", "2007-02-28": "159833.00000", "2006-11-30": "145044.00000", "2006-08-31": "133430.00000", "2006-05-31": "128051.00000", "2006-02-28": "121461.00000", "2005-11-30": "110531.00000", "2005-08-31": "102417.00000", "2005-05-31": "102369.00000", "2005-02-28": "104416.00000"}, "Total Liabilities": {"2020-12-31": "", "2020-09-30": "866122.00000", "2020-06-30": "887354.00000", "2020-03-31": "860567.00000", "2019-12-31": "812732.00000", "2019-09-30": "819054.00000", "2019-06-30": "809114.00000", "2019-03-31": "794072.00000", "2018-12-31": "772125.00000", "2018-09-30": "785443.00000", "2018-06-30": "795369.00000", "2018-03-31": "779006.00000", "2017-12-31": "773267.00000", "2017-09-30": "773579.00000", "2017-06-30": "761049.00000", "2017-03-31": "753307.00000", "2016-12-31": "737772.00000", "2016-09-30": "735429.00000", "2016-06-30": "750498.00000", "2016-03-31": "730322.00000", "2015-12-31": "711281.00000", "2015-09-30": "757693.00000", "2015-06-30": "749688.00000", "2015-03-31": "753633.00000", "2014-12-31": "729406.00000", "2014-09-30": "740500.00000", "2014-06-30": "754367.00000", "2014-03-31": "761113.00000", "2013-12-31": "763672.00000", "2013-09-30": "763982.00000", "2013-06-30": "736577.00000", "2013-03-31": "735311.00000", "2012-12-31": "715532.00000", "2012-09-30": "699815.00000", "2012-06-30": "676880.00000", "2012-03-31": "710438.00000", "2011-12-31": "679820.00000", "2011-09-30": "724845.00000", "2011-06-30": "762604.00000", "2011-03-31": "769677.00000", "2010-12-31": "742291.00000", "2010-09-30": "775790.00000", "2010-06-30": "750297.00000", "2010-03-31": "764540.00000", "2009-12-31": "718682.00000", "2009-09-30": "717279.00000", "2009-06-30": "625494.00000", "2009-03-31": "576816.00000", "2008-12-31": "627308.00000", "2008-11-30": "607499.00000", "2008-09-30": "", "2008-08-31": "951638.00000", "2008-06-30": "", "2008-05-31": "996735.00000", "2008-03-31": "", "2008-02-29": "1057616.00000", "2007-12-31": "", "2007-11-30": "1014140.00000", "2007-08-31": "1149881.00000", "2007-05-31": "1160482.00000", "2007-02-28": "1144107.00000", "2006-11-30": "1085828.00000", "2006-08-31": "994700.00000", "2006-05-31": "994788.00000", "2006-02-28": "929490.00000", "2005-11-30": "869341.00000", "2005-08-31": "809165.00000", "2005-05-31": "790381.00000", "2005-02-28": "773715.00000"}, "Common Stock Net": {"2020-12-31": "", "2020-09-30": "20.00000", "2020-06-30": "20.00000", "2020-03-31": "20.00000", "2019-12-31": "20.00000", "2019-09-30": "20.00000", "2019-06-30": "20.00000", "2019-03-31": "20.00000", "2018-12-31": "20.00000", "2018-09-30": "20.00000", "2018-06-30": "20.00000", "2018-03-31": "20.00000", "2017-12-31": "20.00000", "2017-09-30": "20.00000", "2017-06-30": "20.00000", "2017-03-31": "20.00000", "2016-12-31": "20.00000", "2016-09-30": "20.00000", "2016-06-30": "20.00000", "2016-03-31": "20.00000", "2015-12-31": "20.00000", "2015-09-30": "20.00000", "2015-06-30": "20.00000", "2015-03-31": "20.00000", "2014-12-31": "20.00000", "2014-09-30": "20.00000", "2014-06-30": "20.00000", "2014-03-31": "20.00000", "2013-12-31": "20.00000", "2013-09-30": "20.00000", "2013-06-30": "20.00000", "2013-03-31": "20.00000", "2012-12-31": "20.00000", "2012-09-30": "20.00000", "2012-06-30": "20.00000", "2012-03-31": "20.00000", "2011-12-31": "20.00000", "2011-09-30": "20.00000", "2011-06-30": "20.00000", "2011-03-31": "16.00000", "2010-12-31": "16.00000", "2010-09-30": "16.00000", "2010-06-30": "15.00000", "2010-03-31": "15.00000", "2009-12-31": "15.00000", "2009-09-30": "15.00000", "2009-06-30": "15.00000", "2009-03-31": "12.00000", "2008-12-31": "12.00000", "2008-11-30": "12.00000", "2008-09-30": "", "2008-08-31": "12.00000", "2008-06-30": "", "2008-05-31": "12.00000", "2008-03-31": "", "2008-02-29": "12.00000", "2007-12-31": "", "2007-11-30": "12.00000", "2007-08-31": "12.00000", "2007-05-31": "12.00000", "2007-02-28": "12.00000", "2006-11-30": "12.00000", "2006-08-31": "12.00000", "2006-05-31": "12.00000", "2006-02-28": "12.00000", "2005-11-30": "12.00000", "2005-08-31": "12.00000", "2005-05-31": "12.00000", "2005-02-28": "12.00000"}, "Retained Earnings (Accumulated Deficit)": {"2020-12-31": "", "2020-09-30": "76061.00000", "2020-06-30": "74015.00000", "2020-03-31": "71518.00000", "2019-12-31": "70589.00000", "2019-09-30": "69071.00000", "2019-06-30": "67588.00000", "2019-03-31": "66061.00000", "2018-12-31": "64175.00000", "2018-09-30": "63330.00000", "2018-06-30": "61835.00000", "2018-03-31": "60009.00000", "2017-12-31": "57577.00000", "2017-09-30": "57554.00000", "2017-06-30": "56325.00000", "2017-03-31": "55109.00000", "2016-12-31": "53679.00000", "2016-09-30": "52545.00000", "2016-06-30": "51410.00000", "2016-03-31": "50272.00000", "2015-12-31": "49204.00000", "2015-09-30": "48746.00000", "2015-06-30": "48106.00000", "2015-03-31": "46740.00000", "2014-12-31": "44625.00000", "2014-09-30": "46573.00000", "2014-06-30": "45145.00000", "2014-03-31": "43522.00000", "2013-12-31": "42172.00000", "2013-09-30": "42237.00000", "2013-06-30": "41455.00000", "2013-03-31": "40750.00000", "2012-12-31": "39912.00000", "2012-09-30": "39441.00000", "2012-06-30": "40586.00000", "2012-03-31": "40118.00000", "2011-12-31": "40341.00000", "2011-09-30": "40710.00000", "2011-06-30": "38637.00000", "2011-03-31": "39269.00000", "2010-12-31": "38603.00000", "2010-09-30": "38056.00000", "2010-06-30": "38210.00000", "2010-03-31": "36539.00000", "2009-12-31": "35056.00000", "2009-09-30": "34726.00000", "2009-06-30": "34245.00000", "2009-03-31": "35577.00000", "2008-12-31": "36154.00000", "2008-11-30": "38096.00000", "2008-09-30": "", "2008-08-31": "40698.00000", "2008-06-30": "", "2008-05-31": "39581.00000", "2008-03-31": "", "2008-02-29": "38852.00000", "2007-12-31": "", "2007-11-30": "38045.00000", "2007-08-31": "42043.00000", "2007-05-31": "46256.00000", "2007-02-28": "43975.00000", "2006-11-30": "41422.00000", "2006-08-31": "39519.00000", "2006-05-31": "38125.00000", "2006-02-28": "36456.00000", "2005-11-30": "35185.00000", "2005-08-31": "33011.00000", "2005-05-31": "33160.00000", "2005-02-28": "32527.00000"}, "Comprehensive Income": {"2020-12-31": "", "2020-09-30": "-537.00000", "2020-06-30": "1.00000", "2020-03-31": "2095.00000", "2019-12-31": "-2788.00000", "2019-09-30": "-1598.00000", "2019-06-30": "-2051.00000", "2019-03-31": "-2473.00000", "2018-12-31": "-2292.00000", "2018-09-30": "-3999.00000", "2018-06-30": "-3070.00000", "2018-03-31": "-3406.00000", "2017-12-31": "-3060.00000", "2017-09-30": "-2544.00000", "2017-06-30": "-2488.00000", "2017-03-31": "-2450.00000", "2016-12-31": "-2643.00000", "2016-09-30": "-1070.00000", "2016-06-30": "-905.00000", "2016-03-31": "-1238.00000", "2015-12-31": "-1656.00000", "2015-09-30": "-1419.00000", "2015-06-30": "-1447.00000", "2015-03-31": "-1266.00000", "2014-12-31": "-1248.00000", "2014-09-30": "-1115.00000", "2014-06-30": "-733.00000", "2014-03-31": "-968.00000", "2013-12-31": "-1093.00000", "2013-09-30": "-1014.00000", "2013-06-30": "-1169.00000", "2013-03-31": "-694.00000", "2012-12-31": "-516.00000", "2012-09-30": "-146.00000", "2012-06-30": "-220.00000", "2012-03-31": "-60.00000", "2011-12-31": "-157.00000", "2011-09-30": "-413.00000", "2011-06-30": "-320.00000", "2011-03-31": "-426.00000", "2010-12-31": "-467.00000", "2010-09-30": "-116.00000", "2010-06-30": "-354.00000", "2010-03-31": "-559.00000", "2009-12-31": "-560.00000", "2009-09-30": "-299.00000", "2009-06-30": "-342.00000", "2009-03-31": "-471.00000", "2008-12-31": "-420.00000", "2008-11-30": "-125.00000", "2008-09-30": "", "2008-08-31": "-380.00000", "2008-06-30": "", "2008-05-31": "-218.00000", "2008-03-31": "", "2008-02-29": "-138.00000", "2007-12-31": "", "2007-11-30": "-199.00000", "2007-08-31": "-95.00000", "2007-05-31": "-119.00000", "2007-02-28": "-127.00000", "2006-11-30": "-35.00000", "2006-08-31": "32.00000", "2006-05-31": "20.00000", "2006-02-28": "-130.00000", "2005-11-30": "-190.00000", "2005-08-31": "-125.00000", "2005-05-31": "-151.00000", "2005-02-28": "-54.00000"}, "Other Share Holders Equity": {"2020-12-31": "", "2020-09-30": "0.00000", "2020-06-30": "0.00000", "2020-03-31": "0.00000", "2019-12-31": "0.00000", "2019-09-30": "0.00000", "2019-06-30": "0.00000", "2019-03-31": "0.00000", "2018-12-31": "", "2018-09-30": "0.00000", "2018-06-30": "0.00000", "2018-03-31": "0.00000", "2017-12-31": "", "2017-09-30": "0.00000", "2017-06-30": "0.00000", "2017-03-31": "0.00000", "2016-12-31": "", "2016-09-30": "", "2016-06-30": "", "2016-03-31": "", "2015-12-31": "", "2015-09-30": "", "2015-06-30": "", "2015-03-31": "", "2014-12-31": "", "2014-09-30": "", "2014-06-30": "", "2014-03-31": "", "2013-12-31": "", "2013-09-30": "", "2013-06-30": "", "2013-03-31": "", "2012-12-31": "", "2012-09-30": "", "2012-06-30": "", "2012-03-31": "", "2011-12-31": "", "2011-09-30": "", "2011-06-30": "", "2011-03-31": "", "2010-12-31": "", "2010-09-30": "", "2010-06-30": "", "2010-03-31": "", "2009-12-31": "", "2009-09-30": "", "2009-06-30": "", "2009-03-31": "", "2008-12-31": "", "2008-11-30": "", "2008-09-30": "", "2008-08-31": "0.00000", "2008-06-30": "", "2008-05-31": "0.00000", "2008-03-31": "", "2008-02-29": "0.00000", "2007-12-31": "", "2007-11-30": "0.00000", "2007-08-31": "0.00000", "2007-05-31": "0.00000", "2007-02-28": "0.00000", "2006-11-30": "0.00000", "2006-08-31": "0.00000", "2006-05-31": "0.00000", "2006-02-28": "0.00000", "2005-11-30": "0.00000", "2005-08-31": "0.00000", "2005-05-31": "0.00000", "2005-02-28": "0.00000"}, "Share Holder Equity": {"2020-12-31": "", "2020-09-30": "89818.00000", "2020-06-30": "88009.00000", "2020-03-31": "87228.00000", "2019-12-31": "82697.00000", "2019-09-30": "83550.00000", "2019-06-30": "82845.00000", "2019-03-31": "81892.00000", "2018-12-31": "81406.00000", "2018-09-30": "80074.00000", "2018-06-30": "80506.00000", "2018-03-31": "79489.00000", "2017-12-31": "78466.00000", "2017-09-30": "80114.00000", "2017-06-30": "79967.00000", "2017-03-31": "79084.00000", "2016-12-31": "77177.00000", "2016-09-30": "78462.00000", "2016-06-30": "78375.00000", "2016-03-31": "77175.00000", "2015-12-31": "76184.00000", "2015-09-30": "76420.00000", "2015-06-30": "76067.00000", "2015-03-31": "75466.00000", "2014-12-31": "72104.00000", "2014-09-30": "74011.00000", "2014-06-30": "72201.00000", "2014-03-31": "70268.00000", "2013-12-31": "69030.00000", "2013-09-30": "68241.00000", "2013-06-30": "66114.00000", "2013-03-31": "66072.00000", "2012-12-31": "65428.00000", "2012-09-30": "65170.00000", "2012-06-30": "71637.00000", "2012-03-31": "70592.00000", "2011-12-31": "70078.00000", "2011-09-30": "70094.00000", "2011-06-30": "68143.00000", "2011-03-31": "66508.00000", "2010-12-31": "65407.00000", "2010-09-30": "65582.00000", "2010-06-30": "59159.00000", "2010-03-31": "55179.00000", "2009-12-31": "52780.00000", "2009-09-30": "52224.00000", "2009-06-30": "51463.00000", "2009-03-31": "49207.00000", "2008-12-31": "49456.00000", "2008-11-30": "51536.00000", "2008-09-30": "", "2008-08-31": "35765.00000", "2008-06-30": "", "2008-05-31": "34493.00000", "2008-03-31": "", "2008-02-29": "33280.00000", "2007-12-31": "", "2007-11-30": "31269.00000", "2007-08-31": "35250.00000", "2007-05-31": "39511.00000", "2007-02-28": "37954.00000", "2006-11-30": "35364.00000", "2006-08-31": "34172.00000", "2006-05-31": "32255.00000", "2006-02-28": "30123.00000", "2005-11-30": "29182.00000", "2005-08-31": "28226.00000", "2005-05-31": "28330.00000", "2005-02-28": "28495.00000"}, "Total Liabilities And Share Holders Equity": {"2020-12-31": "", "2020-09-30": "955940.00000", "2020-06-30": "975363.00000", "2020-03-31": "947795.00000", "2019-12-31": "895429.00000", "2019-09-30": "902604.00000", "2019-06-30": "891959.00000", "2019-03-31": "875964.00000", "2018-12-31": "853531.00000", "2018-09-30": "865517.00000", "2018-06-30": "875875.00000", "2018-03-31": "858495.00000", "2017-12-31": "851733.00000", "2017-09-30": "853693.00000", "2017-06-30": "841016.00000", "2017-03-31": "832391.00000", "2016-12-31": "814949.00000", "2016-09-30": "813891.00000", "2016-06-30": "828873.00000", "2016-03-31": "807497.00000", "2015-12-31": "787465.00000", "2015-09-30": "834113.00000", "2015-06-30": "825755.00000", "2015-03-31": "829099.00000", "2014-12-31": "801510.00000", "2014-09-30": "814511.00000", "2014-06-30": "826568.00000", "2014-03-31": "831381.00000", "2013-12-31": "832702.00000", "2013-09-30": "832223.00000", "2013-06-30": "802691.00000", "2013-03-31": "801383.00000", "2012-12-31": "780960.00000", "2012-09-30": "764985.00000", "2012-06-30": "748517.00000", "2012-03-31": "781030.00000", "2011-12-31": "749898.00000", "2011-09-30": "794939.00000", "2011-06-30": "830747.00000", "2011-03-31": "836185.00000", "2010-12-31": "807698.00000", "2010-09-30": "841372.00000", "2010-06-30": "809456.00000", "2010-03-31": "819719.00000", "2009-12-31": "771462.00000", "2009-09-30": "769503.00000", "2009-06-30": "676957.00000", "2009-03-31": "626023.00000", "2008-12-31": "676764.00000", "2008-11-30": "659035.00000", "2008-09-30": "", "2008-08-31": "987403.00000", "2008-06-30": "", "2008-05-31": "1031228.00000", "2008-03-31": "", "2008-02-29": "1090896.00000", "2007-12-31": "", "2007-11-30": "1045409.00000", "2007-08-31": "1185131.00000", "2007-05-31": "1199993.00000", "2007-02-28": "1182061.00000", "2006-11-30": "1121192.00000", "2006-08-31": "1028872.00000", "2006-05-31": "1027043.00000", "2006-02-28": "959613.00000", "2005-11-30": "898523.00000", "2005-08-31": "837391.00000", "2005-05-31": "818711.00000", "2005-02-28": "802210.00000"}}, "cash flow statement": {"Net Income/Loss": {"2020-12-31": "0.00000", "2019-12-31": "9237.00000", "2018-12-31": "8883.00000", "2017-12-31": "6216.00000", "2016-12-31": "6123.00000", "2015-12-31": "6279.00000", "2014-12-31": "3667.00000", "2013-12-31": "3613.00000", "2012-12-31": "716.00000", "2011-12-31": "4645.00000", "2010-12-31": "5702.00000", "2009-12-31": "1406.00000", "2008-12-31": "1778.00000", "2008-11-30": "1707.00000", "2007-12-31": "3249.00000", "2007-11-30": "3209.00000", "2006-11-30": "7472.00000", "2005-11-30": "4939.00000"}, "Total Depreciation And Amortization - Cash Flow": {"2020-12-31": "", "2019-12-31": "2643.00000", "2018-12-31": "1844.00000", "2017-12-31": "1753.00000", "2016-12-31": "1736.00000", "2015-12-31": "1433.00000", "2014-12-31": "1161.00000", "2013-12-31": "1511.00000", "2012-12-31": "1581.00000", "2011-12-31": "1404.00000", "2010-12-31": "1419.00000", "2009-12-31": "1224.00000", "2008-12-31": "794.00000", "2008-11-30": "794.00000", "2007-12-31": "475.00000", "2007-11-30": "475.00000", "2006-11-30": "876.00000", "2005-11-30": "815.00000"}, "Other Non-Cash Items": {"2020-12-31": "", "2019-12-31": "1285.00000", "2018-12-31": "1553.00000", "2017-12-31": "3955.00000", "2016-12-31": "2757.00000", "2015-12-31": "2609.00000", "2014-12-31": "895.00000", "2013-12-31": "1017.00000", "2012-12-31": "548.00000", "2011-12-31": "2456.00000", "2010-12-31": "1116.00000", "2009-12-31": "108.00000", "2008-12-31": "-2632.00000", "2008-11-30": "-2592.00000", "2007-12-31": "967.00000", "2007-11-30": "604.00000", "2006-11-30": "2915.00000", "2005-11-30": "1328.00000"}, "Total Non-Cash Items": {"2020-12-31": "", "2019-12-31": "3928.00000", "2018-12-31": "3397.00000", "2017-12-31": "5708.00000", "2016-12-31": "4493.00000", "2015-12-31": "4042.00000", "2014-12-31": "2056.00000", "2013-12-31": "2528.00000", "2012-12-31": "2129.00000", "2011-12-31": "3860.00000", "2010-12-31": "2535.00000", "2009-12-31": "1332.00000", "2008-12-31": "-1838.00000", "2008-11-30": "-1798.00000", "2007-12-31": "1442.00000", "2007-11-30": "1079.00000", "2006-11-30": "3791.00000", "2005-11-30": "2143.00000"}, "Change In Accounts Receivable": {"2020-12-31": "", "2019-12-31": "233.00000", "2018-12-31": "-728.00000", "2017-12-31": "-9315.00000", "2016-12-31": "-371.00000", "2015-12-31": "-434.00000", "2014-12-31": "2204.00000", "2013-12-31": "6774.00000", "2012-12-31": "-10030.00000", "2011-12-31": "5899.00000", "2010-12-31": "-6492.00000", "2009-12-31": "-2445.00000", "2008-12-31": "54531.00000", "2008-11-30": "54531.00000", "2007-12-31": "-3973.00000", "2007-11-30": "-3973.00000", "2006-11-30": "-46287.00000", "2005-11-30": "-1598.00000"}, "Change In Inventories": {"2020-12-31": "", "2019-12-31": "7433.00000", "2018-12-31": "8816.00000", "2017-12-31": "-9121.00000", "2016-12-31": "-6775.00000", "2015-12-31": "-18983.00000", "2014-12-31": "-34812.00000", "2013-12-31": "-4603.00000", "2012-12-31": "33296.00000", "2011-12-31": "7963.00000", "2010-12-31": "38172.00000", "2009-12-31": "-47013.00000", "2008-12-31": "133477.00000", "2008-11-30": "133477.00000", "2007-12-31": "-94059.00000", "2007-11-30": "-94059.00000", "2006-11-30": "-60547.00000", "2005-11-30": "-36021.00000"}, "Change In Accounts Payable": {"2020-12-31": "", "2019-12-31": "19942.00000", "2018-12-31": "-13063.00000", "2017-12-31": "2007.00000", "2016-12-31": "1913.00000", "2015-12-31": "4633.00000", "2014-12-31": "27971.00000", "2013-12-31": "26697.00000", "2012-12-31": "-1283.00000", "2011-12-31": "-6985.00000", "2010-12-31": "697.00000", "2009-12-31": "769.00000", "2008-12-31": "-114531.00000", "2008-11-30": "-114500.00000", "2007-12-31": "71092.00000", "2007-11-30": "71495.00000", "2006-11-30": "34326.00000", "2005-11-30": "-815.00000"}, "Change In Assets/Liabilities": {"2020-12-31": "", "2019-12-31": "", "2018-12-31": "", "2017-12-31": "", "2016-12-31": "", "2015-12-31": "", "2014-12-31": "", "2013-12-31": "", "2012-12-31": "", "2011-12-31": "", "2010-12-31": "", "2009-12-31": "", "2008-12-31": "", "2008-11-30": "", "2007-12-31": "", "2007-11-30": "", "2006-11-30": "", "2005-11-30": ""}, "Total Change In Assets/Liabilities": {"2020-12-31": "", "2019-12-31": "27608.00000", "2018-12-31": "-4975.00000", "2017-12-31": "-16429.00000", "2016-12-31": "-5233.00000", "2015-12-31": "-14784.00000", "2014-12-31": "-4637.00000", "2013-12-31": "28868.00000", "2012-12-31": "21983.00000", "2011-12-31": "6877.00000", "2010-12-31": "32377.00000", "2009-12-31": "-48689.00000", "2008-12-31": "73477.00000", "2008-11-30": "73508.00000", "2007-12-31": "-26940.00000", "2007-11-30": "-26537.00000", "2006-11-30": "-72508.00000", "2005-11-30": "-38434.00000"}, "Cash Flow From Operating Activities": {"2020-12-31": "", "2019-12-31": "40773.00000", "2018-12-31": "7305.00000", "2017-12-31": "-4505.00000", "2016-12-31": "5383.00000", "2015-12-31": "-4463.00000", "2014-12-31": "1086.00000", "2013-12-31": "35009.00000", "2012-12-31": "24759.00000", "2011-12-31": "15382.00000", "2010-12-31": "40614.00000", "2009-12-31": "-45951.00000", "2008-12-31": "73417.00000", "2008-11-30": "73417.00000", "2007-12-31": "-22249.00000", "2007-11-30": "-22249.00000", "2006-11-30": "-61245.00000", "2005-11-30": "-31352.00000"}, "Net Change In Property, Plant, And Equipment": {"2020-12-31": "", "2019-12-31": "-1826.00000", "2018-12-31": "-1865.00000", "2017-12-31": "-1629.00000", "2016-12-31": "-1276.00000", "2015-12-31": "-1373.00000", "2014-12-31": "-992.00000", "2013-12-31": "-1316.00000", "2012-12-31": "-1312.00000", "2011-12-31": "-1304.00000", "2010-12-31": "-1201.00000", "2009-12-31": "-2877.00000", "2008-12-31": "-1400.00000", "2008-11-30": "-1400.00000", "2007-12-31": "-1469.00000", "2007-11-30": "-1469.00000", "2006-11-30": "993.00000", "2005-11-30": "-540.00000"}, "Net Change In Intangible Assets": {"2020-12-31": "", "2019-12-31": "", "2018-12-31": "", "2017-12-31": "", "2016-12-31": "", "2015-12-31": "", "2014-12-31": "", "2013-12-31": "", "2012-12-31": "", "2011-12-31": "", "2010-12-31": "", "2009-12-31": "", "2008-12-31": "", "2008-11-30": "", "2007-12-31": "", "2007-11-30": "", "2006-11-30": "", "2005-11-30": ""}, "Net Acquisitions/Divestitures": {"2020-12-31": "", "2019-12-31": "", "2018-12-31": "", "2017-12-31": "", "2016-12-31": "", "2015-12-31": "998.00000", "2014-12-31": "989.00000", "2013-12-31": "1147.00000", "2012-12-31": "1725.00000", "2011-12-31": "", "2010-12-31": "-202.00000", "2009-12-31": "-1595.00000", "2008-12-31": "569.00000", "2008-11-30": "2129.00000", "2007-12-31": "-693.00000", "2007-11-30": "-693.00000", "2006-11-30": "-2706.00000", "2005-11-30": "-323.00000"}, "Net Change In Short-term Investments": {"2020-12-31": "", "2019-12-31": "", "2018-12-31": "", "2017-12-31": "", "2016-12-31": "", "2015-12-31": "", "2014-12-31": "", "2013-12-31": "", "2012-12-31": "", "2011-12-31": "", "2010-12-31": "", "2009-12-31": "", "2008-12-31": "", "2008-11-30": "", "2007-12-31": "", "2007-11-30": "", "2006-11-30": "", "2005-11-30": ""}, "Net Change In Long-Term Investments": {"2020-12-31": "", "2019-12-31": "-13423.00000", "2018-12-31": "-11924.00000", "2017-12-31": "1614.00000", "2016-12-31": "-8828.00000", "2015-12-31": "-3702.00000", "2014-12-31": "-14992.00000", "2013-12-31": "-14375.00000", "2012-12-31": "-9341.00000", "2011-12-31": "-603.00000", "2010-12-31": "-28001.00000", "2009-12-31": "", "2008-12-31": "", "2008-11-30": "", "2007-12-31": "-9801.00000", "2007-11-30": "-9801.00000", "2006-11-30": "", "2005-11-30": ""}, "Net Change In Investments - Total": {"2020-12-31": "", "2019-12-31": "-13423.00000", "2018-12-31": "-11924.00000", "2017-12-31": "1614.00000", "2016-12-31": "-8828.00000", "2015-12-31": "-3702.00000", "2014-12-31": "-14992.00000", "2013-12-31": "-14375.00000", "2012-12-31": "-9341.00000", "2011-12-31": "-603.00000", "2010-12-31": "-28001.00000", "2009-12-31": "", "2008-12-31": "", "2008-11-30": "", "2007-12-31": "-9801.00000", "2007-11-30": "-9801.00000", "2006-11-30": "", "2005-11-30": ""}, "Investing Activities - Other": {"2020-12-31": "", "2019-12-31": "-18312.00000", "2018-12-31": "-9092.00000", "2017-12-31": "-12376.00000", "2016-12-31": "-9404.00000", "2015-12-31": "-15918.00000", "2014-12-31": "-20329.00000", "2013-12-31": "-9917.00000", "2012-12-31": "-3697.00000", "2011-12-31": "-8827.00000", "2010-12-31": "-60.00000", "2009-12-31": "", "2008-12-31": "", "2008-11-30": "", "2007-12-31": "525.00000", "2007-11-30": "525.00000", "2006-11-30": "-632.00000", "2005-11-30": "-3258.00000"}, "Cash Flow From Investing Activities": {"2020-12-31": "", "2019-12-31": "-33561.00000", "2018-12-31": "-22881.00000", "2017-12-31": "-12391.00000", "2016-12-31": "-19508.00000", "2015-12-31": "-19995.00000", "2014-12-31": "-35324.00000", "2013-12-31": "-24461.00000", "2012-12-31": "-12625.00000", "2011-12-31": "-10734.00000", "2010-12-31": "-29464.00000", "2009-12-31": "-4472.00000", "2008-12-31": "-831.00000", "2008-11-30": "729.00000", "2007-12-31": "-11438.00000", "2007-11-30": "-11438.00000", "2006-11-30": "-2345.00000", "2005-11-30": "-4121.00000"}, "Net Long-Term Debt": {"2020-12-31": "", "2019-12-31": "-9943.00000", "2018-12-31": "5278.00000", "2017-12-31": "19591.00000", "2016-12-31": "12030.00000", "2015-12-31": "6805.00000", "2014-12-31": "3637.00000", "2013-12-31": "-10803.00000", "2012-12-31": "-19446.00000", "2011-12-31": "-6507.00000", "2010-12-31": "-1257.00000", "2009-12-31": "10785.00000", "2008-12-31": "-8210.00000", "2008-11-30": "-8210.00000", "2007-12-31": "41354.00000", "2007-11-30": "41354.00000", "2006-11-30": "27206.00000", "2005-11-30": "19033.00000"}, "Net Current Debt": {"2020-12-31": "", "2019-12-31": "", "2018-12-31": "", "2017-12-31": "", "2016-12-31": "", "2015-12-31": "", "2014-12-31": "119.00000", "2013-12-31": "4.00000", "2012-12-31": "-705.00000", "2011-12-31": "-413.00000", "2010-12-31": "878.00000", "2009-12-31": "-7724.00000", "2008-12-31": "-24012.00000", "2008-11-30": "-24012.00000", "2007-12-31": "8274.00000", "2007-11-30": "8274.00000", "2006-11-30": "-2422.00000", "2005-11-30": "-5183.00000"}, "Debt Issuance/Retirement Net - Total": {"2020-12-31": "", "2019-12-31": "-9943.00000", "2018-12-31": "5278.00000", "2017-12-31": "19591.00000", "2016-12-31": "12030.00000", "2015-12-31": "6805.00000", "2014-12-31": "3756.00000", "2013-12-31": "-10799.00000", "2012-12-31": "-20151.00000", "2011-12-31": "-6920.00000", "2010-12-31": "-379.00000", "2009-12-31": "3061.00000", "2008-12-31": "-32222.00000", "2008-11-30": "-32222.00000", "2007-12-31": "49628.00000", "2007-11-30": "49628.00000", "2006-11-30": "24784.00000", "2005-11-30": "13850.00000"}, "Net Common Equity Issued/Repurchased": {"2020-12-31": "", "2019-12-31": "-5954.00000", "2018-12-31": "-5566.00000", "2017-12-31": "-4292.00000", "2016-12-31": "-3933.00000", "2015-12-31": "-2773.00000", "2014-12-31": "-1458.00000", "2013-12-31": "-691.00000", "2012-12-31": "-227.00000", "2011-12-31": "-317.00000", "2010-12-31": "5264.00000", "2009-12-31": "6205.00000", "2008-12-31": "-1431.00000", "2008-11-30": "-1431.00000", "2007-12-31": "-3264.00000", "2007-11-30": "-2999.00000", "2006-11-30": "-3088.00000", "2005-11-30": "-3366.00000"}, "Net Total Equity Issued/Repurchased": {"2020-12-31": "", "2019-12-31": "-5457.00000", "2018-12-31": "-5566.00000", "2017-12-31": "-3298.00000", "2016-12-31": "-3933.00000", "2015-12-31": "-1280.00000", "2014-12-31": "1324.00000", "2013-12-31": "1005.00000", "2012-12-31": "-227.00000", "2011-12-31": "-317.00000", "2010-12-31": "5264.00000", "2009-12-31": "6205.00000", "2008-12-31": "17566.00000", "2008-11-30": "17566.00000", "2007-12-31": "-3264.00000", "2007-11-30": "-2999.00000", "2006-11-30": "-1991.00000", "2005-11-30": "-3366.00000"}, "Total Common And Preferred Stock Dividends Paid": {"2020-12-31": "", "2019-12-31": "-2627.00000", "2018-12-31": "-2375.00000", "2017-12-31": "-2085.00000", "2016-12-31": "-1746.00000", "2015-12-31": "-1455.00000", "2014-12-31": "-904.00000", "2013-12-31": "-475.00000", "2012-12-31": "-469.00000", "2011-12-31": "-834.00000", "2010-12-31": "-1156.00000", "2009-12-31": "-12682.00000", "2008-12-31": "-1227.00000", "2008-11-30": "-1227.00000", "2007-12-31": "-1219.00000", "2007-11-30": "-1219.00000", "2006-11-30": "-1167.00000", "2005-11-30": "-1180.00000"}, "Financial Activities - Other": {"2020-12-31": "", "2019-12-31": "6061.00000", "2018-12-31": "26868.00000", "2017-12-31": "2053.00000", "2016-12-31": "1012.00000", "2015-12-31": "20084.00000", "2014-12-31": "18967.00000", "2013-12-31": "12902.00000", "2012-12-31": "8950.00000", "2011-12-31": "2923.00000", "2010-12-31": "434.00000", "2009-12-31": "6440.00000", "2008-12-31": "-1101.00000", "2008-11-30": "-2661.00000", "2007-12-31": "-7060.00000", "2007-11-30": "-7325.00000", "2006-11-30": "32359.00000", "2005-11-30": "22772.00000"}, "Cash Flow From Financial Activities": {"2020-12-31": "", "2019-12-31": "-11966.00000", "2018-12-31": "24205.00000", "2017-12-31": "16261.00000", "2016-12-31": "7363.00000", "2015-12-31": "24154.00000", "2014-12-31": "23143.00000", "2013-12-31": "2633.00000", "2012-12-31": "-11897.00000", "2011-12-31": "-5148.00000", "2010-12-31": "4163.00000", "2009-12-31": "3024.00000", "2008-12-31": "-16984.00000", "2008-11-30": "-18544.00000", "2007-12-31": "38085.00000", "2007-11-30": "38085.00000", "2006-11-30": "53985.00000", "2005-11-30": "32076.00000"}, "Net Cash Flow": {"2020-12-31": "", "2019-12-31": "-5025.00000", "2018-12-31": "6801.00000", "2017-12-31": "3035.00000", "2016-12-31": "-8192.00000", "2015-12-31": "-2039.00000", "2014-12-31": "-12899.00000", "2013-12-31": "12979.00000", "2012-12-31": "-408.00000", "2011-12-31": "-303.00000", "2010-12-31": "15624.00000", "2009-12-31": "-46679.00000", "2008-12-31": "53056.00000", "2008-11-30": "53056.00000", "2007-12-31": "4992.00000", "2007-11-30": "4992.00000", "2006-11-30": "-8808.00000", "2005-11-30": "-3397.00000"}, "Stock-Based Compensation": {"2020-12-31": "", "2019-12-31": "1153.00000", "2018-12-31": "920.00000", "2017-12-31": "1026.00000", "2016-12-31": "1136.00000", "2015-12-31": "1104.00000", "2014-12-31": "1260.00000", "2013-12-31": "1180.00000", "2012-12-31": "891.00000", "2011-12-31": "1300.00000", "2010-12-31": "1260.00000", "2009-12-31": "1265.00000", "2008-12-31": "1838.00000", "2008-11-30": "1878.00000", "2007-12-31": "1927.00000", "2007-11-30": "1941.00000", "2006-11-30": "1923.00000", "2005-11-30": "820.00000"}, "Common Stock Dividends Paid": {"2020-12-31": "", "2019-12-31": "-2627.00000", "2018-12-31": "-2375.00000", "2017-12-31": "-2085.00000", "2016-12-31": "-1746.00000", "2015-12-31": "-1455.00000", "2014-12-31": "-904.00000", "2013-12-31": "-475.00000", "2012-12-31": "-469.00000", "2011-12-31": "-834.00000", "2010-12-31": "-1156.00000", "2009-12-31": "-1732.00000", "2008-12-31": "-1227.00000", "2008-11-30": "-1227.00000", "2007-12-31": "-1219.00000", "2007-11-30": "-1219.00000", "2006-11-30": "-1167.00000", "2005-11-30": "-1180.00000"}}, "cash flow statement, quarterly": {"Net Income/Loss": {"2020-12-31": -7767, "2020-09-30": 2751, "2020-06-30": 3236, "2020-03-31": "1780.00000", "2019-12-31": 2305, "2019-09-30": 2218, "2019-06-30": 2246, "2019-03-31": "2468.00000", "2018-12-31": 1558, "2018-09-30": 2154, "2018-06-30": 2467, "2018-03-31": "2704.00000", "2017-12-31": 663, "2017-09-30": 1791, "2017-06-30": 1791, "2017-03-31": "1971.00000", "2016-12-31": 1680, "2016-09-30": 1640, "2016-06-30": 1646, "2016-03-31": "1157.00000", "2015-12-31": 936, "2015-09-30": 1049, "2015-06-30": 1831, "2015-03-31": "2463.00000", "2014-12-31": -1586, "2014-09-30": 1752, "2014-06-30": 1917, "2014-03-31": "1584.00000", "2013-12-31": 173, "2013-09-30": 1018, "2013-06-30": 1191, "2013-03-31": "1231.00000", "2012-12-31": 788, "2012-09-30": -956, "2012-06-30": 750, "2012-03-31": "134.00000", "2011-12-31": -184, "2011-09-30": 2293, "2011-06-30": 1406, "2011-03-31": "1130.00000", "2010-12-31": 1066, "2010-09-30": 641, "2010-06-30": 1984, "2010-03-31": "2011.00000", "2009-12-31": 770, "2009-09-30": 793, "2009-06-30": 33, "2009-03-31": "-190.00000", "2008-12-31": 1778, "2008-11-30": -10762, "2008-09-30": 6760, "2008-08-31": 1411, "2008-06-30": 14, "2008-05-31": 1145, "2008-03-31": "1432.00000", "2008-02-29": "1551.00000", "2007-12-31": 3249, "2007-11-30": -6797, "2007-08-31": 1543, "2007-05-31": 2582, "2007-02-28": "2672.00000", "2006-11-30": -5266, "2006-08-31": 1851, "2006-05-31": 1841, "2006-02-28": "1574.00000", "2005-11-30": -2474, "2005-08-31": 144, "2005-05-31": 928, "2005-02-28": "1402.00000"}, "Total Depreciation And Amortization - Cash Flow": {"2020-12-31": -2363, "2020-09-30": 853, "2020-06-30": 686, "2020-03-31": "824.00000", "2019-12-31": 656, "2019-09-30": 654, "2019-06-30": 675, "2019-03-31": "658.00000", "2018-12-31": 469, "2018-09-30": 468, "2018-06-30": 517, "2018-03-31": "390.00000", "2017-12-31": 413, "2017-09-30": 451, "2017-06-30": 455, "2017-03-31": "434.00000", "2016-12-31": 379, "2016-09-30": 478, "2016-06-30": 464, "2016-03-31": "415.00000", "2015-12-31": 410, "2015-09-30": 369, "2015-06-30": 333, "2015-03-31": "321.00000", "2014-12-31": 413, "2014-09-30": 136, "2014-06-30": 286, "2014-03-31": "326.00000", "2013-12-31": 427, "2013-09-30": 368, "2013-06-30": 356, "2013-03-31": "360.00000", "2012-12-31": 363, "2012-09-30": 425, "2012-06-30": 418, "2012-03-31": "375.00000", "2011-12-31": 217, "2011-09-30": 428, "2011-06-30": 380, "2011-03-31": "379.00000", "2010-12-31": -418, "2010-09-30": 646, "2010-06-30": 1037, "2010-03-31": "154.00000", "2009-12-31": 395, "2009-09-30": 466, "2009-06-30": 208, "2009-03-31": "155.00000", "2008-12-31": 794, "2008-11-30": -532, "2008-09-30": 223, "2008-08-31": 71, "2008-06-30": 29, "2008-05-31": 128, "2008-03-31": "81.00000", "2008-02-29": "126.00000", "2007-12-31": 475, "2007-11-30": -478, "2007-08-31": 224, "2007-05-31": 50, "2007-02-28": "204.00000", "2006-11-30": -538, "2006-08-31": 173, "2006-05-31": 186, "2006-02-28": "179.00000", "2005-11-30": -690, "2005-08-31": 212, "2005-05-31": 247, "2005-02-28": "231.00000"}, "Other Non-Cash Items": {"2020-12-31": -2222, "2020-09-30": 429, "2020-06-30": 188, "2020-03-31": "1605.00000", "2019-12-31": 470, "2019-09-30": 290, "2019-06-30": 288, "2019-03-31": "237.00000", "2018-12-31": 864, "2018-09-30": 192, "2018-06-30": 187, "2018-03-31": "310.00000", "2017-12-31": 3210, "2017-09-30": 360, "2017-06-30": 97, "2017-03-31": "288.00000", "2016-12-31": 1847, "2016-09-30": 85, "2016-06-30": 406, "2016-03-31": "419.00000", "2015-12-31": 1563, "2015-09-30": 415, "2015-06-30": 259, "2015-03-31": "372.00000", "2014-12-31": 187, "2014-09-30": 210, "2014-06-30": 226, "2014-03-31": "272.00000", "2013-12-31": 254, "2013-09-30": 312, "2013-06-30": 263, "2013-03-31": "188.00000", "2012-12-31": -565, "2012-09-30": 517, "2012-06-30": 197, "2012-03-31": "399.00000", "2011-12-31": 805, "2011-09-30": 258, "2011-06-30": 379, "2011-03-31": "1014.00000", "2010-12-31": -479, "2010-09-30": 626, "2010-06-30": -246, "2010-03-31": "1215.00000", "2009-12-31": -662, "2009-09-30": 702, "2009-06-30": -200, "2009-03-31": "268.00000", "2008-12-31": -2632, "2008-11-30": 595, "2008-09-30": -6, "2008-08-31": -368, "2008-06-30": 33, "2008-05-31": -213, "2008-03-31": "-41.00000", "2008-02-29": "606.00000", "2007-12-31": 967, "2007-11-30": -2501, "2007-08-31": 958, "2007-05-31": 883, "2007-02-28": "660.00000", "2006-11-30": -2359, "2006-08-31": 737, "2006-05-31": 579, "2006-02-28": "1043.00000", "2005-11-30": -2670, "2005-08-31": 2109, "2005-05-31": 415, "2005-02-28": "146.00000"}, "Total Non-Cash Items": {"2020-12-31": -4585, "2020-09-30": 1282, "2020-06-30": 874, "2020-03-31": "2429.00000", "2019-12-31": 1126, "2019-09-30": 944, "2019-06-30": 963, "2019-03-31": "895.00000", "2018-12-31": 1333, "2018-09-30": 660, "2018-06-30": 704, "2018-03-31": "700.00000", "2017-12-31": 3623, "2017-09-30": 811, "2017-06-30": 552, "2017-03-31": "722.00000", "2016-12-31": 2226, "2016-09-30": 563, "2016-06-30": 870, "2016-03-31": "834.00000", "2015-12-31": 1973, "2015-09-30": 784, "2015-06-30": 592, "2015-03-31": "693.00000", "2014-12-31": 600, "2014-09-30": 346, "2014-06-30": 512, "2014-03-31": "598.00000", "2013-12-31": 681, "2013-09-30": 680, "2013-06-30": 619, "2013-03-31": "548.00000", "2012-12-31": -202, "2012-09-30": 942, "2012-06-30": 615, "2012-03-31": "774.00000", "2011-12-31": 1022, "2011-09-30": 686, "2011-06-30": 759, "2011-03-31": "1393.00000", "2010-12-31": -897, "2010-09-30": 1272, "2010-06-30": 791, "2010-03-31": "1369.00000", "2009-12-31": -267, "2009-09-30": 1168, "2009-06-30": 8, "2009-03-31": "423.00000", "2008-12-31": -1838, "2008-11-30": 63, "2008-09-30": 217, "2008-08-31": -297, "2008-06-30": 62, "2008-05-31": -85, "2008-03-31": "40.00000", "2008-02-29": "732.00000", "2007-12-31": 1442, "2007-11-30": -2979, "2007-08-31": 1182, "2007-05-31": 933, "2007-02-28": "864.00000", "2006-11-30": -2897, "2006-08-31": 910, "2006-05-31": 765, "2006-02-28": "1222.00000", "2005-11-30": -3360, "2005-08-31": 2321, "2005-05-31": 662, "2005-02-28": "377.00000"}, "Change In Accounts Receivable": {"2020-12-31": 17098, "2020-09-30": -9309, "2020-06-30": 15830, "2020-03-31": "-23619.00000", "2019-12-31": 5368, "2019-09-30": -5183, "2019-06-30": -1519, "2019-03-31": "1567.00000", "2018-12-31": 3364, "2018-09-30": 5187, "2018-06-30": 3740, "2018-03-31": "-13019.00000", "2017-12-31": -1385, "2017-09-30": -1786, "2017-06-30": -4457, "2017-03-31": "-1687.00000", "2016-12-31": 2429, "2016-09-30": 7737, "2016-06-30": -11436, "2016-03-31": "899.00000", "2015-12-31": -6276, "2015-09-30": 6443, "2015-06-30": 5389, "2015-03-31": "-5990.00000", "2014-12-31": -727, "2014-09-30": 27, "2014-06-30": 4145, "2014-03-31": "-1241.00000", "2013-12-31": 13, "2013-09-30": 7644, "2013-06-30": -3613, "2013-03-31": "2730.00000", "2012-12-31": 13716, "2012-09-30": -12774, "2012-06-30": -5793, "2012-03-31": "-5179.00000", "2011-12-31": 2636, "2011-09-30": 9534, "2011-06-30": 1146, "2011-03-31": "-7417.00000", "2010-12-31": -411, "2010-09-30": -6424, "2010-06-30": -4275, "2010-03-31": "4618.00000", "2009-12-31": -1416, "2009-09-30": 1433, "2009-06-30": -5233, "2009-03-31": "2771.00000", "2008-12-31": 54531, "2008-11-30": -16488, "2008-09-30": -24530, "2008-08-31": 27522, "2008-06-30": -6688, "2008-05-31": 13282, "2008-03-31": "6902.00000", "2008-02-29": "7108.00000", "2007-12-31": -3973, "2007-11-30": 24532, "2007-08-31": 21448, "2007-05-31": -29315, "2007-02-28": "-16665.00000", "2006-11-30": 11019, "2006-08-31": 12653, "2006-05-31": 2626, "2006-02-28": "-26298.00000", "2005-11-30": 4494, "2005-08-31": -12551, "2005-05-31": 15536, "2005-02-28": "-7479.00000"}, "Change In Inventories": {"2020-12-31": 7719, "2020-09-30": 2319, "2020-06-30": -57531, "2020-03-31": "47493.00000", "2019-12-31": 10880, "2019-09-30": -10256, "2019-06-30": 4669, "2019-03-31": "2140.00000", "2018-12-31": 9978, "2018-09-30": 5286, "2018-06-30": 6250, "2018-03-31": "-12698.00000", "2017-12-31": -12455, "2017-09-30": 21983, "2017-06-30": -21363, "2017-03-31": "2714.00000", "2016-12-31": -6881, "2016-09-30": -12283, "2016-06-30": 13294, "2016-03-31": "-905.00000", "2015-12-31": 12585, "2015-09-30": -19619, "2015-06-30": 6324, "2015-03-31": "-18273.00000", "2014-12-31": -9528, "2014-09-30": -1624, "2014-06-30": -10747, "2014-03-31": "-12913.00000", "2013-12-31": 12125, "2013-09-30": -19109, "2013-06-30": 9371, "2013-03-31": "-6990.00000", "2012-12-31": -1192, "2012-09-30": 13633, "2012-06-30": 19151, "2012-03-31": "1704.00000", "2011-12-31": 30504, "2011-09-30": -5492, "2011-06-30": -19271, "2011-03-31": "2222.00000", "2010-12-31": 23402, "2010-09-30": -7253, "2010-06-30": 14414, "2010-03-31": "7609.00000", "2009-12-31": 1674, "2009-09-30": -18992, "2009-06-30": -11937, "2009-03-31": "-17758.00000", "2008-12-31": 133477, "2008-11-30": -86747, "2008-09-30": 230067, "2008-08-31": -79638, "2008-06-30": 54470, "2008-05-31": -54438, "2008-03-31": "-63714.00000", "2008-02-29": "-75848.00000", "2007-12-31": -94059, "2007-11-30": 33189, "2007-08-31": -40814, "2007-05-31": 22630, "2007-02-28": "-15005.00000", "2006-11-30": 79631, "2006-08-31": -31435, "2006-05-31": -48060, "2006-02-28": "-136.00000", "2005-11-30": 33719, "2005-08-31": 18880, "2005-05-31": -44484, "2005-02-28": "-8115.00000"}, "Change In Accounts Payable": {"2020-12-31": 5818, "2020-09-30": -4813, "2020-06-30": 3242, "2020-03-31": "-4247.00000", "2019-12-31": -2779, "2019-09-30": 11199, "2019-06-30": 1551, "2019-03-31": "9971.00000", "2018-12-31": -13373, "2018-09-30": -8743, "2018-06-30": 7924, "2018-03-31": "1129.00000", "2017-12-31": -6048, "2017-09-30": 2457, "2017-06-30": 9154, "2017-03-31": "-3556.00000", "2016-12-31": -1936, "2016-09-30": -6100, "2016-06-30": 7757, "2016-03-31": "2192.00000", "2015-12-31": -5718, "2015-09-30": 11833, "2015-06-30": -9534, "2015-03-31": "8052.00000", "2014-12-31": 4636, "2014-09-30": 1363, "2014-06-30": 5106, "2014-03-31": "16866.00000", "2013-12-31": 5197, "2013-09-30": 8185, "2013-06-30": 6339, "2013-03-31": "6976.00000", "2012-12-31": -11048, "2012-09-30": 4455, "2012-06-30": -5257, "2012-03-31": "10567.00000", "2011-12-31": -29486, "2011-09-30": 9043, "2011-06-30": 12108, "2011-03-31": "1350.00000", "2010-12-31": -1798, "2010-09-30": 1623, "2010-06-30": -4622, "2010-03-31": "5494.00000", "2009-12-31": 3476, "2009-09-30": 6879, "2009-06-30": 8181, "2009-03-31": "-17767.00000", "2008-12-31": -31, "2008-11-30": -63556, "2008-09-30": -154776, "2008-08-31": 21033, "2008-06-30": -1969, "2008-05-31": 29511, "2008-03-31": "55257.00000", "2008-02-29": "47366.00000", "2007-12-31": 71092, "2007-11-30": -45146, "2007-08-31": 28547, "2007-05-31": 18586, "2007-02-28": "-1987.00000", "2006-11-30": -37938, "2006-08-31": 13381, "2006-05-31": 21909, "2006-02-28": "2648.00000", "2005-11-30": -1565, "2005-08-31": -8821, "2005-05-31": 10902, "2005-02-28": "-516.00000"}, "Change In Assets/Liabilities": {"2020-12-31": -18442, "2020-09-30": 903, "2020-06-30": 17539, "2020-03-31": "", "2019-12-31": -17036, "2019-09-30": 14415, "2019-06-30": 2621, "2019-03-31": "", "2018-12-31": -10039, "2018-09-30": 10039, "2018-06-30": -33832, "2018-03-31": "33832.00000", "2017-12-31": 19646, "2017-09-30": -19646, "2017-06-30": 0, "2017-03-31": "", "2016-12-31": 0, "2016-09-30": 0, "2016-06-30": 0, "2016-03-31": "", "2015-12-31": 0, "2015-09-30": 0, "2015-06-30": 0, "2015-03-31": "", "2014-12-31": 0, "2014-09-30": 0, "2014-06-30": 0, "2014-03-31": "", "2013-12-31": 0, "2013-09-30": 0, "2013-06-30": 0, "2013-03-31": "", "2012-12-31": 0, "2012-09-30": 0, "2012-06-30": 0, "2012-03-31": "", "2011-12-31": 0, "2011-09-30": 0, "2011-06-30": 0, "2011-03-31": "", "2010-12-31": 0, "2010-09-30": 0, "2010-06-30": 0, "2010-03-31": "", "2009-12-31": 0, "2009-09-30": 0, "2009-06-30": 0, "2009-03-31": "", "2008-12-31": 0, "2008-11-30": 0, "2008-09-30": 0, "2008-08-31": 0, "2008-06-30": 0, "2008-05-31": 0, "2008-03-31": "", "2008-02-29": "", "2007-12-31": 0, "2007-11-30": 0, "2007-08-31": 0, "2007-05-31": 0, "2007-02-28": "", "2006-11-30": 0, "2006-08-31": 0, "2006-05-31": 0, "2006-02-28": "", "2005-11-30": 0, "2005-08-31": 0, "2005-05-31": 0, "2005-02-28": ""}, "Total Change In Assets/Liabilities": {"2020-12-31": 12193, "2020-09-30": -10900, "2020-06-30": -20920, "2020-03-31": "19627.00000", "2019-12-31": -3567, "2019-09-30": 10175, "2019-06-30": 7322, "2019-03-31": "13678.00000", "2018-12-31": -10070, "2018-09-30": 11769, "2018-06-30": -15918, "2018-03-31": "9244.00000", "2017-12-31": -242, "2017-09-30": 3008, "2017-06-30": -16666, "2017-03-31": "-2529.00000", "2016-12-31": -6388, "2016-09-30": -10646, "2016-06-30": 9615, "2016-03-31": "2186.00000", "2015-12-31": 591, "2015-09-30": -1343, "2015-06-30": 2179, "2015-03-31": "-16211.00000", "2014-12-31": -5619, "2014-09-30": -234, "2014-06-30": -1496, "2014-03-31": "2712.00000", "2013-12-31": 17335, "2013-09-30": -3280, "2013-06-30": 12097, "2013-03-31": "2716.00000", "2012-12-31": 1476, "2012-09-30": 5314, "2012-06-30": 8101, "2012-03-31": "7092.00000", "2011-12-31": 3654, "2011-09-30": 13085, "2011-06-30": -6017, "2011-03-31": "-3845.00000", "2010-12-31": 21193, "2010-09-30": -12054, "2010-06-30": 5517, "2010-03-31": "17721.00000", "2009-12-31": 3734, "2009-09-30": -10680, "2009-06-30": -8989, "2009-03-31": "-32754.00000", "2008-12-31": 73477, "2008-11-30": -52291, "2008-09-30": 50761, "2008-08-31": -31083, "2008-06-30": 45813, "2008-05-31": -11645, "2008-03-31": "-1555.00000", "2008-02-29": "-21374.00000", "2007-12-31": -26940, "2007-11-30": 12575, "2007-08-31": 9181, "2007-05-31": 11901, "2007-02-28": "-33657.00000", "2006-11-30": 52712, "2006-08-31": -5401, "2006-05-31": -23525, "2006-02-28": "-23786.00000", "2005-11-30": 36648, "2005-08-31": -2492, "2005-05-31": -18046, "2005-02-28": "-16110.00000"}, "Cash Flow From Operating Activities": {"2020-12-31": -159, "2020-09-30": -6867, "2020-06-30": -16810, "2020-03-31": "23836.00000", "2019-12-31": -136, "2019-09-30": 13337, "2019-06-30": 10531, "2019-03-31": "17041.00000", "2018-12-31": -7179, "2018-09-30": 14565, "2018-06-30": -12729, "2018-03-31": "12648.00000", "2017-12-31": 4044, "2017-09-30": 5610, "2017-06-30": -14249, "2017-03-31": "90.00000", "2016-12-31": -2482, "2016-09-30": -8443, "2016-06-30": 12131, "2016-03-31": "4177.00000", "2015-12-31": 3500, "2015-09-30": 490, "2015-06-30": 4602, "2015-03-31": "-13055.00000", "2014-12-31": -6605, "2014-09-30": 1864, "2014-06-30": 1046, "2014-03-31": "4781.00000", "2013-12-31": 18189, "2013-09-30": -1582, "2013-06-30": 13907, "2013-03-31": "4495.00000", "2012-12-31": 1993, "2012-09-30": 5300, "2012-06-30": 9466, "2012-03-31": "8000.00000", "2011-12-31": 4492, "2011-09-30": 16064, "2011-06-30": -3852, "2011-03-31": "-1322.00000", "2010-12-31": 21362, "2010-09-30": -10141, "2010-06-30": 8292, "2010-03-31": "21101.00000", "2009-12-31": 4237, "2009-09-30": -8719, "2009-06-30": -8948, "2009-03-31": "-32521.00000", "2008-12-31": 73417, "2008-11-30": -62990, "2008-09-30": 57738, "2008-08-31": -29969, "2008-06-30": 45889, "2008-05-31": -10585, "2008-03-31": "-83.00000", "2008-02-29": "-19091.00000", "2007-12-31": -22249, "2007-11-30": 2799, "2007-08-31": 11906, "2007-05-31": 15416, "2007-02-28": "-30121.00000", "2006-11-30": 44549, "2006-08-31": -2640, "2006-05-31": -20919, "2006-02-28": "-20990.00000", "2005-11-30": 30814, "2005-08-31": -27, "2005-05-31": -16456, "2005-02-28": "-14331.00000"}, "Net Change In Property, Plant, And Equipment": {"2020-12-31": 905, "2020-09-30": -123, "2020-06-30": -428, "2020-03-31": "-354.00000", "2019-12-31": -366, "2019-09-30": -452, "2019-06-30": -479, "2019-03-31": "-529.00000", "2018-12-31": -504, "2018-09-30": -453, "2018-06-30": -498, "2018-03-31": "-410.00000", "2017-12-31": -452, "2017-09-30": -454, "2017-06-30": -373, "2017-03-31": "-350.00000", "2016-12-31": -335, "2016-09-30": -296, "2016-06-30": -330, "2016-03-31": "-315.00000", "2015-12-31": -409, "2015-09-30": -344, "2015-06-30": -300, "2015-03-31": "-320.00000", "2014-12-31": -459, "2014-09-30": -120, "2014-06-30": -415, "2014-03-31": "2.00000", "2013-12-31": -372, "2013-09-30": -361, "2013-06-30": -320, "2013-03-31": "-263.00000", "2012-12-31": -447, "2012-09-30": -429, "2012-06-30": -224, "2012-03-31": "-212.00000", "2011-12-31": -216, "2011-09-30": -363, "2011-06-30": -316, "2011-03-31": "-409.00000", "2010-12-31": -401, "2010-09-30": -364, "2010-06-30": -298, "2010-03-31": "-138.00000", "2009-12-31": -570, "2009-09-30": -428, "2009-06-30": -752, "2009-03-31": "-1127.00000", "2008-12-31": -1400, "2008-11-30": 1368, "2008-09-30": -245, "2008-08-31": -150, "2008-06-30": -163, "2008-05-31": -290, "2008-03-31": "-520.00000", "2008-02-29": "-335.00000", "2007-12-31": -1469, "2007-11-30": 1228, "2007-08-31": -621, "2007-05-31": -312, "2007-02-28": "-295.00000", "2006-11-30": -1327, "2006-08-31": -663, "2006-05-31": 2119, "2006-02-28": "-129.00000", "2005-11-30": 416, "2005-08-31": -146, "2005-05-31": -184, "2005-02-28": "-86.00000"}, "Net Change In Intangible Assets": {"2020-12-31": 0, "2020-09-30": 0, "2020-06-30": 0, "2020-03-31": "", "2019-12-31": 0, "2019-09-30": 0, "2019-06-30": 0, "2019-03-31": "", "2018-12-31": 0, "2018-09-30": 0, "2018-06-30": 0, "2018-03-31": "", "2017-12-31": 0, "2017-09-30": 0, "2017-06-30": 0, "2017-03-31": "", "2016-12-31": 0, "2016-09-30": 0, "2016-06-30": 0, "2016-03-31": "", "2015-12-31": 0, "2015-09-30": 0, "2015-06-30": 0, "2015-03-31": "", "2014-12-31": 0, "2014-09-30": 0, "2014-06-30": 0, "2014-03-31": "", "2013-12-31": 0, "2013-09-30": 0, "2013-06-30": 0, "2013-03-31": "", "2012-12-31": 0, "2012-09-30": 0, "2012-06-30": 0, "2012-03-31": "", "2011-12-31": 0, "2011-09-30": 0, "2011-06-30": 0, "2011-03-31": "", "2010-12-31": 0, "2010-09-30": 0, "2010-06-30": 0, "2010-03-31": "", "2009-12-31": 0, "2009-09-30": 0, "2009-06-30": 0, "2009-03-31": "", "2008-12-31": 0, "2008-11-30": 0, "2008-09-30": 0, "2008-08-31": 0, "2008-06-30": 0, "2008-05-31": 0, "2008-03-31": "", "2008-02-29": "", "2007-12-31": 0, "2007-11-30": 0, "2007-08-31": 0, "2007-05-31": 0, "2007-02-28": "", "2006-11-30": 0, "2006-08-31": 0, "2006-05-31": 0, "2006-02-28": "", "2005-11-30": 0, "2005-08-31": 0, "2005-05-31": 0, "2005-02-28": ""}, "Net Acquisitions/Divestitures": {"2020-12-31": 0, "2020-09-30": 0, "2020-06-30": 0, "2020-03-31": "", "2019-12-31": 0, "2019-09-30": 0, "2019-06-30": 0, "2019-03-31": "", "2018-12-31": 0, "2018-09-30": 0, "2018-06-30": 0, "2018-03-31": "", "2017-12-31": 0, "2017-09-30": 0, "2017-06-30": 0, "2017-03-31": "", "2016-12-31": 0, "2016-09-30": 0, "2016-06-30": 0, "2016-03-31": "", "2015-12-31": 998, "2015-09-30": 0, "2015-06-30": 0, "2015-03-31": "", "2014-12-31": 27, "2014-09-30": 795, "2014-06-30": 32, "2014-03-31": "135.00000", "2013-12-31": 578, "2013-09-30": 39, "2013-06-30": 49, "2013-03-31": "481.00000", "2012-12-31": 189, "2012-09-30": 0, "2012-06-30": 1536, "2012-03-31": "", "2011-12-31": 0, "2011-09-30": 0, "2011-06-30": 0, "2011-03-31": "", "2010-12-31": 26, "2010-09-30": 0, "2010-06-30": -228, "2010-03-31": "", "2009-12-31": 0, "2009-09-30": -300, "2009-06-30": -1287, "2009-03-31": "-8.00000", "2008-12-31": 569, "2008-11-30": -569, "2008-09-30": -1560, "2008-08-31": 780, "2008-06-30": 0, "2008-05-31": 605, "2008-03-31": "744.00000", "2008-02-29": "-174.00000", "2007-12-31": -693, "2007-11-30": 693, "2007-08-31": -2, "2007-05-31": 476, "2007-02-28": "-1167.00000", "2006-11-30": 1676, "2006-08-31": 0, "2006-05-31": 0, "2006-02-28": "-1676.00000", "2005-11-30": 323, "2005-08-31": -44, "2005-05-31": 0, "2005-02-28": "-279.00000"}, "Net Change In Short-term Investments": {"2020-12-31": 0, "2020-09-30": 0, "2020-06-30": 0, "2020-03-31": "", "2019-12-31": 0, "2019-09-30": 0, "2019-06-30": 0, "2019-03-31": "", "2018-12-31": 0, "2018-09-30": 0, "2018-06-30": 0, "2018-03-31": "", "2017-12-31": 0, "2017-09-30": 0, "2017-06-30": 0, "2017-03-31": "", "2016-12-31": 0, "2016-09-30": 0, "2016-06-30": 0, "2016-03-31": "", "2015-12-31": 0, "2015-09-30": 0, "2015-06-30": 0, "2015-03-31": "", "2014-12-31": 0, "2014-09-30": 0, "2014-06-30": 0, "2014-03-31": "", "2013-12-31": 0, "2013-09-30": 0, "2013-06-30": 0, "2013-03-31": "", "2012-12-31": 0, "2012-09-30": 0, "2012-06-30": 0, "2012-03-31": "", "2011-12-31": 0, "2011-09-30": 0, "2011-06-30": 0, "2011-03-31": "", "2010-12-31": 0, "2010-09-30": 0, "2010-06-30": 0, "2010-03-31": "", "2009-12-31": 0, "2009-09-30": 0, "2009-06-30": 0, "2009-03-31": "", "2008-12-31": 0, "2008-11-30": 0, "2008-09-30": 0, "2008-08-31": 0, "2008-06-30": 0, "2008-05-31": 0, "2008-03-31": "", "2008-02-29": "", "2007-12-31": 0, "2007-11-30": 0, "2007-08-31": 0, "2007-05-31": 0, "2007-02-28": "", "2006-11-30": 0, "2006-08-31": 0, "2006-05-31": 0, "2006-02-28": "", "2005-11-30": 0, "2005-08-31": 0, "2005-05-31": 0, "2005-02-28": ""}, "Net Change In Long-Term Investments": {"2020-12-31": 22687, "2020-09-30": 1311, "2020-06-30": -16580, "2020-03-31": "-7418.00000", "2019-12-31": -89, "2019-09-30": -2182, "2019-06-30": -5795, "2019-03-31": "-5357.00000", "2018-12-31": -7161, "2018-09-30": -1075, "2018-06-30": -1141, "2018-03-31": "-2547.00000", "2017-12-31": -162, "2017-09-30": -7007, "2017-06-30": 9557, "2017-03-31": "-774.00000", "2016-12-31": -2514, "2016-09-30": 605, "2016-06-30": -1759, "2016-03-31": "-5160.00000", "2015-12-31": -8642, "2015-09-30": 2475, "2015-06-30": 2432, "2015-03-31": "33.00000", "2014-12-31": -5038, "2014-09-30": 1723, "2014-06-30": -6323, "2014-03-31": "-5354.00000", "2013-12-31": -6690, "2013-09-30": -4390, "2013-06-30": -2001, "2013-03-31": "-1294.00000", "2012-12-31": -49, "2012-09-30": -8313, "2012-06-30": 1505, "2012-03-31": "-2484.00000", "2011-12-31": -3444, "2011-09-30": -2772, "2011-06-30": 2659, "2011-03-31": "2954.00000", "2010-12-31": -4658, "2010-09-30": -4110, "2010-06-30": -559, "2010-03-31": "-18674.00000", "2009-12-31": 0, "2009-09-30": 0, "2009-06-30": 0, "2009-03-31": "", "2008-12-31": 0, "2008-11-30": 0, "2008-09-30": 0, "2008-08-31": 0, "2008-06-30": 0, "2008-05-31": 0, "2008-03-31": "", "2008-02-29": "", "2007-12-31": -9801, "2007-11-30": 8978, "2007-08-31": -1003, "2007-05-31": -7975, "2007-02-28": "", "2006-11-30": 0, "2006-08-31": 0, "2006-05-31": 0, "2006-02-28": "", "2005-11-30": 0, "2005-08-31": 0, "2005-05-31": 0, "2005-02-28": ""}, "Net Change In Investments - Total": {"2020-12-31": 22687, "2020-09-30": 1311, "2020-06-30": -16580, "2020-03-31": "-7418.00000", "2019-12-31": -89, "2019-09-30": -2182, "2019-06-30": -5795, "2019-03-31": "-5357.00000", "2018-12-31": -7161, "2018-09-30": -1075, "2018-06-30": -1141, "2018-03-31": "-2547.00000", "2017-12-31": -162, "2017-09-30": -7007, "2017-06-30": 9557, "2017-03-31": "-774.00000", "2016-12-31": -2514, "2016-09-30": 605, "2016-06-30": -1759, "2016-03-31": "-5160.00000", "2015-12-31": -8642, "2015-09-30": 2475, "2015-06-30": 2432, "2015-03-31": "33.00000", "2014-12-31": -5038, "2014-09-30": 1723, "2014-06-30": -6323, "2014-03-31": "-5354.00000", "2013-12-31": -6690, "2013-09-30": -4390, "2013-06-30": -2001, "2013-03-31": "-1294.00000", "2012-12-31": -49, "2012-09-30": -8313, "2012-06-30": 1505, "2012-03-31": "-2484.00000", "2011-12-31": -3444, "2011-09-30": -2772, "2011-06-30": 2659, "2011-03-31": "2954.00000", "2010-12-31": -4658, "2010-09-30": -4110, "2010-06-30": -559, "2010-03-31": "-18674.00000", "2009-12-31": 0, "2009-09-30": 0, "2009-06-30": 0, "2009-03-31": "", "2008-12-31": 0, "2008-11-30": 0, "2008-09-30": 0, "2008-08-31": 0, "2008-06-30": 0, "2008-05-31": 0, "2008-03-31": "", "2008-02-29": "", "2007-12-31": -9801, "2007-11-30": 8978, "2007-08-31": -1003, "2007-05-31": -7975, "2007-02-28": "", "2006-11-30": 0, "2006-08-31": 0, "2006-05-31": 0, "2006-02-28": "", "2005-11-30": 0, "2005-08-31": 0, "2005-05-31": 0, "2005-02-28": ""}, "Investing Activities - Other": {"2020-12-31": 13846, "2020-09-30": -5008, "2020-06-30": 4498, "2020-03-31": "-13336.00000", "2019-12-31": -7385, "2019-09-30": -5265, "2019-06-30": -4321, "2019-03-31": "-1341.00000", "2018-12-31": -1150, "2018-09-30": -3235, "2018-06-30": -742, "2018-03-31": "-3965.00000", "2017-12-31": -2949, "2017-09-30": -4062, "2017-06-30": -4321, "2017-03-31": "-1044.00000", "2016-12-31": -1671, "2016-09-30": -2883, "2016-06-30": -1209, "2016-03-31": "-3641.00000", "2015-12-31": -4544, "2015-09-30": -2195, "2015-06-30": -6561, "2015-03-31": "-2618.00000", "2014-12-31": -6091, "2014-09-30": -2052, "2014-06-30": -7585, "2014-03-31": "-4601.00000", "2013-12-31": -3988, "2013-09-30": -2674, "2013-06-30": -1192, "2013-03-31": "-2063.00000", "2012-12-31": -1964, "2012-09-30": -133, "2012-06-30": -1031, "2012-03-31": "-569.00000", "2011-12-31": -1575, "2011-09-30": -7252, "2011-06-30": 0, "2011-03-31": "", "2010-12-31": -307, "2010-09-30": -36, "2010-06-30": 283, "2010-03-31": "", "2009-12-31": 0, "2009-09-30": 0, "2009-06-30": 0, "2009-03-31": "", "2008-12-31": 0, "2008-11-30": 0, "2008-09-30": 0, "2008-08-31": 0, "2008-06-30": 0, "2008-05-31": 0, "2008-03-31": "", "2008-02-29": "", "2007-12-31": 525, "2007-11-30": -525, "2007-08-31": -79, "2007-05-31": -351, "2007-02-28": "955.00000", "2006-11-30": -553, "2006-08-31": -1435, "2006-05-31": -1768, "2006-02-28": "3756.00000", "2005-11-30": 1074, "2005-08-31": -1525, "2005-05-31": -1005, "2005-02-28": "1456.00000"}, "Cash Flow From Investing Activities": {"2020-12-31": 37438, "2020-09-30": -3820, "2020-06-30": -12510, "2020-03-31": "-21108.00000", "2019-12-31": -7840, "2019-09-30": -7899, "2019-06-30": -10595, "2019-03-31": "-7227.00000", "2018-12-31": -8815, "2018-09-30": -4763, "2018-06-30": -2381, "2018-03-31": "-6922.00000", "2017-12-31": -3563, "2017-09-30": -11523, "2017-06-30": 4863, "2017-03-31": "-2168.00000", "2016-12-31": -4520, "2016-09-30": -2574, "2016-06-30": -3298, "2016-03-31": "-9116.00000", "2015-12-31": -12597, "2015-09-30": -64, "2015-06-30": -4429, "2015-03-31": "-2905.00000", "2014-12-31": -11561, "2014-09-30": 346, "2014-06-30": -14291, "2014-03-31": "-9818.00000", "2013-12-31": -10472, "2013-09-30": -7386, "2013-06-30": -3464, "2013-03-31": "-3139.00000", "2012-12-31": -2271, "2012-09-30": -8875, "2012-06-30": 1786, "2012-03-31": "-3265.00000", "2011-12-31": -5235, "2011-09-30": -10387, "2011-06-30": 2343, "2011-03-31": "2545.00000", "2010-12-31": -5340, "2010-09-30": -4510, "2010-06-30": -802, "2010-03-31": "-18812.00000", "2009-12-31": -570, "2009-09-30": -728, "2009-06-30": -2039, "2009-03-31": "-1135.00000", "2008-12-31": -831, "2008-11-30": 799, "2008-09-30": -1805, "2008-08-31": 630, "2008-06-30": -163, "2008-05-31": 315, "2008-03-31": "224.00000", "2008-02-29": "-509.00000", "2007-12-31": -11438, "2007-11-30": 10374, "2007-08-31": -1705, "2007-05-31": -8162, "2007-02-28": "-507.00000", "2006-11-30": -204, "2006-08-31": -2098, "2006-05-31": 351, "2006-02-28": "1951.00000", "2005-11-30": 1813, "2005-08-31": -1715, "2005-05-31": -1189, "2005-02-28": "1091.00000"}, "Net Long-Term Debt": {"2020-12-31": -4018, "2020-09-30": -4264, "2020-06-30": 2648, "2020-03-31": "5634.00000", "2019-12-31": -3249, "2019-09-30": -4873, "2019-06-30": 2015, "2019-03-31": "-3836.00000", "2018-12-31": -720, "2018-09-30": 745, "2018-06-30": 1260, "2018-03-31": "3993.00000", "2017-12-31": -1433, "2017-09-30": 5323, "2017-06-30": 8806, "2017-03-31": "6895.00000", "2016-12-31": 7404, "2016-09-30": -102, "2016-06-30": -494, "2016-03-31": "5222.00000", "2015-12-31": -5739, "2015-09-30": 2598, "2015-06-30": 3941, "2015-03-31": "6005.00000", "2014-12-31": 1839, "2014-09-30": 8315, "2014-06-30": -5432, "2014-03-31": "-1085.00000", "2013-12-31": -4485, "2013-09-30": -5058, "2013-06-30": 712, "2013-03-31": "-1972.00000", "2012-12-31": 744, "2012-09-30": -3167, "2012-06-30": -6300, "2012-03-31": "-10723.00000", "2011-12-31": -4634, "2011-09-30": -277, "2011-06-30": -2835, "2011-03-31": "1239.00000", "2010-12-31": -1664, "2010-09-30": 4220, "2010-06-30": -1875, "2010-03-31": "-1938.00000", "2009-12-31": 2989, "2009-09-30": 3666, "2009-06-30": -889, "2009-03-31": "5019.00000", "2008-12-31": -8210, "2008-11-30": 8347, "2008-09-30": -20222, "2008-08-31": 5973, "2008-06-30": -7806, "2008-05-31": 18109, "2008-03-31": "-4401.00000", "2008-02-29": "4974.00000", "2007-12-31": 41354, "2007-11-30": -32390, "2007-08-31": 6221, "2007-05-31": 10880, "2007-02-28": "15289.00000", "2006-11-30": -18375, "2006-08-31": 3677, "2006-05-31": 4578, "2006-02-28": "10120.00000", "2005-11-30": -8605, "2005-08-31": -375, "2005-05-31": -280, "2005-02-28": "9260.00000"}, "Net Current Debt": {"2020-12-31": 0, "2020-09-30": 0, "2020-06-30": 0, "2020-03-31": "", "2019-12-31": 0, "2019-09-30": 0, "2019-06-30": 0, "2019-03-31": "", "2018-12-31": 0, "2018-09-30": 0, "2018-06-30": 0, "2018-03-31": "", "2017-12-31": 0, "2017-09-30": 0, "2017-06-30": 0, "2017-03-31": "", "2016-12-31": 1233, "2016-09-30": 60, "2016-06-30": -229, "2016-03-31": "-1064.00000", "2015-12-31": 279, "2015-09-30": -1140, "2015-06-30": 243, "2015-03-31": "618.00000", "2014-12-31": 501, "2014-09-30": -23, "2014-06-30": -3, "2014-03-31": "-356.00000", "2013-12-31": -191, "2013-09-30": -33, "2013-06-30": -109, "2013-03-31": "337.00000", "2012-12-31": 15, "2012-09-30": 135, "2012-06-30": -29, "2012-03-31": "-826.00000", "2011-12-31": -38, "2011-09-30": -685, "2011-06-30": 264, "2011-03-31": "46.00000", "2010-12-31": -1393, "2010-09-30": 814, "2010-06-30": 512, "2010-03-31": "945.00000", "2009-12-31": -535, "2009-09-30": -117, "2009-06-30": -381, "2009-03-31": "-6691.00000", "2008-12-31": -24012, "2008-11-30": 16870, "2008-09-30": 3466, "2008-08-31": -10130, "2008-06-30": 473, "2008-05-31": -6326, "2008-03-31": "-4353.00000", "2008-02-29": "-8543.00000", "2007-12-31": 8274, "2007-11-30": -4624, "2007-08-31": 183, "2007-05-31": -82, "2007-02-28": "4523.00000", "2006-11-30": 5122, "2006-08-31": -8030, "2006-05-31": 4619, "2006-02-28": "-1711.00000", "2005-11-30": -1526, "2005-08-31": -2228, "2005-05-31": 9265, "2005-02-28": "-5511.00000"}, "Debt Issuance/Retirement Net - Total": {"2020-12-31": -4018, "2020-09-30": -4264, "2020-06-30": 2648, "2020-03-31": "5634.00000", "2019-12-31": -3249, "2019-09-30": -4873, "2019-06-30": 2015, "2019-03-31": "-3836.00000", "2018-12-31": -720, "2018-09-30": 745, "2018-06-30": 1260, "2018-03-31": "3993.00000", "2017-12-31": -1433, "2017-09-30": 5323, "2017-06-30": 8806, "2017-03-31": "6895.00000", "2016-12-31": 8637, "2016-09-30": -42, "2016-06-30": -723, "2016-03-31": "4158.00000", "2015-12-31": -5460, "2015-09-30": 1458, "2015-06-30": 4184, "2015-03-31": "6623.00000", "2014-12-31": 2340, "2014-09-30": 8292, "2014-06-30": -5435, "2014-03-31": "-1441.00000", "2013-12-31": -4676, "2013-09-30": -5091, "2013-06-30": 603, "2013-03-31": "-1635.00000", "2012-12-31": 759, "2012-09-30": -3032, "2012-06-30": -6329, "2012-03-31": "-11549.00000", "2011-12-31": -4672, "2011-09-30": -962, "2011-06-30": -2571, "2011-03-31": "1285.00000", "2010-12-31": -3057, "2010-09-30": 5034, "2010-06-30": -1363, "2010-03-31": "-993.00000", "2009-12-31": 2454, "2009-09-30": 3549, "2009-06-30": -1270, "2009-03-31": "-1672.00000", "2008-12-31": -32222, "2008-11-30": 25217, "2008-09-30": -16756, "2008-08-31": -4157, "2008-06-30": -7333, "2008-05-31": 11783, "2008-03-31": "-8754.00000", "2008-02-29": "-3569.00000", "2007-12-31": 49628, "2007-11-30": -37014, "2007-08-31": 6404, "2007-05-31": 10798, "2007-02-28": "19812.00000", "2006-11-30": -13253, "2006-08-31": -4353, "2006-05-31": 9197, "2006-02-28": "8409.00000", "2005-11-30": -10131, "2005-08-31": -2603, "2005-05-31": 8985, "2005-02-28": "3749.00000"}, "Net Common Equity Issued/Repurchased": {"2020-12-31": 1840, "2020-09-30": -30, "2020-06-30": -28, "2020-03-31": "-1782.00000", "2019-12-31": -1507, "2019-09-30": -1538, "2019-06-30": -1264, "2019-03-31": "-1645.00000", "2018-12-31": -1186, "2018-09-30": -1207, "2018-06-30": -1305, "2018-03-31": "-1868.00000", "2017-12-31": -1284, "2017-09-30": -1299, "2017-06-30": -548, "2017-03-31": "-1161.00000", "2016-12-31": -1025, "2016-09-30": -1279, "2016-06-30": -653, "2016-03-31": "-976.00000", "2015-12-31": -638, "2015-09-30": -662, "2015-06-30": -634, "2015-03-31": "-839.00000", "2014-12-31": -286, "2014-09-30": -208, "2014-06-30": -292, "2014-03-31": "-672.00000", "2013-12-31": -240, "2013-09-30": -137, "2013-06-30": -8, "2013-03-31": "-306.00000", "2012-12-31": -5, "2012-09-30": -31, "2012-06-30": -8, "2012-03-31": "-183.00000", "2011-12-31": -6, "2011-09-30": -28, "2011-06-30": -10, "2011-03-31": "-273.00000", "2010-12-31": -19, "2010-09-30": 5556, "2010-06-30": -12, "2010-03-31": "-261.00000", "2009-12-31": -11, "2009-09-30": -6, "2009-06-30": 6217, "2009-03-31": "5.00000", "2008-12-31": -1431, "2008-11-30": 1295, "2008-09-30": -1592, "2008-08-31": 97, "2008-06-30": -84, "2008-05-31": 132, "2008-03-31": "152.00000", "2008-02-29": "241.00000", "2007-12-31": -3264, "2007-11-30": 2735, "2007-08-31": -512, "2007-05-31": -1345, "2007-02-28": "-878.00000", "2006-11-30": 1991, "2006-08-31": -908, "2006-05-31": 17, "2006-02-28": "-1100.00000", "2005-11-30": 2205, "2005-08-31": -182, "2005-05-31": -863, "2005-02-28": "-1160.00000"}, "Net Total Equity Issued/Repurchased": {"2020-12-31": 1840, "2020-09-30": -30, "2020-06-30": -28, "2020-03-31": "-1782.00000", "2019-12-31": -1010, "2019-09-30": -1538, "2019-06-30": -1264, "2019-03-31": "-1645.00000", "2018-12-31": -1186, "2018-09-30": -1207, "2018-06-30": -1305, "2018-03-31": "-1868.00000", "2017-12-31": -1284, "2017-09-30": -1299, "2017-06-30": -548, "2017-03-31": "-167.00000", "2016-12-31": -1025, "2016-09-30": -1279, "2016-06-30": -653, "2016-03-31": "-976.00000", "2015-12-31": -638, "2015-09-30": -662, "2015-06-30": -634, "2015-03-31": "654.00000", "2014-12-31": -286, "2014-09-30": 786, "2014-06-30": 1496, "2014-03-31": "-672.00000", "2013-12-31": 602, "2013-09-30": 717, "2013-06-30": -8, "2013-03-31": "-306.00000", "2012-12-31": -5, "2012-09-30": -31, "2012-06-30": -8, "2012-03-31": "-183.00000", "2011-12-31": -6, "2011-09-30": -28, "2011-06-30": -10, "2011-03-31": "-273.00000", "2010-12-31": -19, "2010-09-30": 5556, "2010-06-30": -12, "2010-03-31": "-261.00000", "2009-12-31": 10939, "2009-09-30": -956, "2009-06-30": -3783, "2009-03-31": "5.00000", "2008-12-31": 17566, "2008-11-30": 1295, "2008-09-30": -1592, "2008-08-31": 97, "2008-06-30": -84, "2008-05-31": 132, "2008-03-31": "152.00000", "2008-02-29": "241.00000", "2007-12-31": -3264, "2007-11-30": 2735, "2007-08-31": -512, "2007-05-31": -1345, "2007-02-28": "-878.00000", "2006-11-30": 894, "2006-08-31": 189, "2006-05-31": 17, "2006-02-28": "-1100.00000", "2005-11-30": 2205, "2005-08-31": -182, "2005-05-31": -863, "2005-02-28": "-1160.00000"}, "Total Common And Preferred Stock Dividends Paid": {"2020-12-31": 2008, "2020-09-30": -680, "2020-06-30": -640, "2020-03-31": "-688.00000", "2019-12-31": -545, "2019-09-30": -670, "2019-06-30": -749, "2019-03-31": "-663.00000", "2018-12-31": -587, "2018-09-30": -673, "2018-06-30": -516, "2018-03-31": "-599.00000", "2017-12-31": -523, "2017-09-30": -608, "2017-06-30": -443, "2017-03-31": "-511.00000", "2016-12-31": -435, "2016-09-30": -520, "2016-06-30": -355, "2016-03-31": "-436.00000", "2015-12-31": -359, "2015-09-30": -423, "2015-06-30": -363, "2015-03-31": "-310.00000", "2014-12-31": -252, "2014-09-30": -265, "2014-06-30": -244, "2014-03-31": "-143.00000", "2013-12-31": -117, "2013-09-30": -119, "2013-06-30": -120, "2013-03-31": "-119.00000", "2012-12-31": -120, "2012-09-30": -119, "2012-06-30": -118, "2012-03-31": "-112.00000", "2011-12-31": -120, "2011-09-30": -120, "2011-06-30": -292, "2011-03-31": "-302.00000", "2010-12-31": -289, "2010-09-30": -285, "2010-06-30": -289, "2010-03-31": "-293.00000", "2009-12-31": -11237, "2009-09-30": -367, "2009-06-30": -433, "2009-03-31": "-645.00000", "2008-12-31": -1227, "2008-11-30": 935, "2008-09-30": 0, "2008-08-31": -309, "2008-06-30": 0, "2008-05-31": -312, "2008-03-31": "-314.00000", "2008-02-29": "-314.00000", "2007-12-31": -1219, "2007-11-30": 913, "2007-08-31": -305, "2007-05-31": -303, "2007-02-28": "-305.00000", "2006-11-30": 864, "2006-08-31": -283, "2006-05-31": -291, "2006-02-28": "-290.00000", "2005-11-30": 889, "2005-08-31": -293, "2005-05-31": -295, "2005-02-28": "-301.00000"}, "Financial Activities - Other": {"2020-12-31": -48755, "2020-09-30": 2300, "2020-06-30": 1665, "2020-03-31": "44790.00000", "2019-12-31": 14018, "2019-09-30": 3162, "2019-06-30": -1399, "2019-03-31": "-9720.00000", "2018-12-31": 13336, "2018-09-30": 2671, "2018-06-30": 12024, "2018-03-31": "-1163.00000", "2017-12-31": 1968, "2017-09-30": 6752, "2017-06-30": -3172, "2017-03-31": "-3495.00000", "2016-12-31": 5648, "2016-09-30": -1063, "2016-06-30": -4676, "2016-03-31": "1103.00000", "2015-12-31": 7949, "2015-09-30": 6585, "2015-06-30": 2566, "2015-03-31": "2984.00000", "2014-12-31": 8387, "2014-09-30": 4984, "2014-06-30": 2821, "2014-03-31": "2775.00000", "2013-12-31": -1985, "2013-09-30": 23691, "2013-06-30": -6702, "2013-03-31": "-2102.00000", "2012-12-31": 10078, "2012-09-30": 1112, "2012-06-30": -1203, "2012-03-31": "-1037.00000", "2011-12-31": -749, "2011-09-30": -1239, "2011-06-30": 2805, "2011-03-31": "2106.00000", "2010-12-31": 1948, "2010-09-30": -225, "2010-06-30": -4414, "2010-03-31": "3125.00000", "2009-12-31": -2293, "2009-09-30": 157, "2009-06-30": 2076, "2009-03-31": "6500.00000", "2008-12-31": -1101, "2008-11-30": 5256, "2008-09-30": -6282, "2008-08-31": -5106, "2008-06-30": 774, "2008-05-31": -12349, "2008-03-31": "17707.00000", "2008-02-29": "18264.00000", "2007-12-31": -7060, "2007-11-30": 4550, "2007-08-31": -11309, "2007-05-31": -1314, "2007-02-28": "8073.00000", "2006-11-30": -21982, "2006-08-31": 12938, "2006-05-31": 1029, "2006-02-28": "8015.00000", "2005-11-30": -20460, "2005-08-31": 7415, "2005-05-31": 836, "2005-02-28": "12209.00000"}, "Cash Flow From Financial Activities": {"2020-12-31": -48925, "2020-09-30": -2674, "2020-06-30": 3645, "2020-03-31": "47954.00000", "2019-12-31": 9214, "2019-09-30": -3919, "2019-06-30": -1397, "2019-03-31": "-15864.00000", "2018-12-31": 10843, "2018-09-30": 1536, "2018-06-30": 11463, "2018-03-31": "363.00000", "2017-12-31": -1272, "2017-09-30": 10168, "2017-06-30": 4643, "2017-03-31": "2722.00000", "2016-12-31": 12825, "2016-09-30": -2904, "2016-06-30": -6407, "2016-03-31": "3849.00000", "2015-12-31": 1492, "2015-09-30": 6958, "2015-06-30": 5753, "2015-03-31": "9951.00000", "2014-12-31": 10189, "2014-09-30": 13797, "2014-06-30": -1362, "2014-03-31": "519.00000", "2013-12-31": -6176, "2013-09-30": 19198, "2013-06-30": -6227, "2013-03-31": "-4162.00000", "2012-12-31": 10712, "2012-09-30": -2070, "2012-06-30": -7658, "2012-03-31": "-12881.00000", "2011-12-31": -5547, "2011-09-30": -2349, "2011-06-30": -68, "2011-03-31": "2816.00000", "2010-12-31": -1417, "2010-09-30": 10080, "2010-06-30": -6078, "2010-03-31": "1578.00000", "2009-12-31": -137, "2009-09-30": 2383, "2009-06-30": -3410, "2009-03-31": "4188.00000", "2008-12-31": -16984, "2008-11-30": 32703, "2008-09-30": -24630, "2008-08-31": -9475, "2008-06-30": -6643, "2008-05-31": -746, "2008-03-31": "8791.00000", "2008-02-29": "14622.00000", "2007-12-31": 38085, "2007-11-30": -28816, "2007-08-31": -5722, "2007-05-31": 7836, "2007-02-28": "26702.00000", "2006-11-30": -33477, "2006-08-31": 8491, "2006-05-31": 9952, "2006-02-28": "15034.00000", "2005-11-30": -27497, "2005-08-31": 4337, "2005-05-31": 8663, "2005-02-28": "14497.00000"}, "Net Cash Flow": {"2020-12-31": -12601, "2020-09-30": -11504, "2020-06-30": -25233, "2020-03-31": "49338.00000", "2019-12-31": 2515, "2019-09-30": 76, "2019-06-30": -1102, "2019-03-31": "-6514.00000", "2018-12-31": -5285, "2018-09-30": 10892, "2018-06-30": -5755, "2018-03-31": "6949.00000", "2017-12-31": -527, "2017-09-30": 6092, "2017-06-30": -4051, "2017-03-31": "1521.00000", "2016-12-31": 3339, "2016-09-30": -13581, "2016-06-30": 2495, "2016-03-31": "-445.00000", "2015-12-31": -8573, "2015-09-30": 7159, "2015-06-30": 6066, "2015-03-31": "-6691.00000", "2014-12-31": -8842, "2014-09-30": 14941, "2014-06-30": -14539, "2014-03-31": "-4459.00000", "2013-12-31": 2102, "2013-09-30": 10582, "2013-06-30": 4297, "2013-03-31": "-4002.00000", "2012-12-31": 10318, "2012-09-30": -5420, "2012-06-30": 3281, "2012-03-31": "-8587.00000", "2011-12-31": -6595, "2011-09-30": 3160, "2011-06-30": -1861, "2011-03-31": "4993.00000", "2010-12-31": 14500, "2010-09-30": -3232, "2010-06-30": 869, "2010-03-31": "3487.00000", "2009-12-31": 3381, "2009-09-30": -6396, "2009-06-30": -13535, "2009-03-31": "-30129.00000", "2008-12-31": 53056, "2008-11-30": -28907, "2008-09-30": 30803, "2008-08-31": -40000, "2008-06-30": 39920, "2008-05-31": -11433, "2008-03-31": "9617.00000", "2008-02-29": "-4633.00000", "2007-12-31": 4992, "2007-11-30": -15982, "2007-08-31": 4802, "2007-05-31": 15150, "2007-02-28": "-3970.00000", "2006-11-30": 10868, "2006-08-31": 3753, "2006-05-31": -10616, "2006-02-28": "-4005.00000", "2005-11-30": 5130, "2005-08-31": 2595, "2005-05-31": -8982, "2005-02-28": "1257.00000"}, "Stock-Based Compensation": {"2020-12-31": -802, "2020-09-30": 254, "2020-06-30": 394, "2020-03-31": "154.00000", "2019-12-31": 328, "2019-09-30": 233, "2019-06-30": 299, "2019-03-31": "293.00000", "2018-12-31": 177, "2018-09-30": 217, "2018-06-30": 205, "2018-03-31": "321.00000", "2017-12-31": 251, "2017-09-30": 257, "2017-06-30": 249, "2017-03-31": "269.00000", "2016-12-31": 342, "2016-09-30": 302, "2016-06-30": 275, "2016-03-31": "217.00000", "2015-12-31": 268, "2015-09-30": 225, "2015-06-30": 316, "2015-03-31": "295.00000", "2014-12-31": 327, "2014-09-30": 304, "2014-06-30": 318, "2014-03-31": "311.00000", "2013-12-31": 330, "2013-09-30": 291, "2013-06-30": 294, "2013-03-31": "265.00000", "2012-12-31": -7, "2012-09-30": 280, "2012-06-30": 246, "2012-03-31": "372.00000", "2011-12-31": 294, "2011-09-30": 278, "2011-06-30": 388, "2011-03-31": "340.00000", "2010-12-31": 283, "2010-09-30": 306, "2010-06-30": 301, "2010-03-31": "370.00000", "2009-12-31": 244, "2009-09-30": 394, "2009-06-30": 423, "2009-03-31": "204.00000", "2008-12-31": 1838, "2008-11-30": -1637, "2008-09-30": -35, "2008-08-31": 393, "2008-06-30": 12, "2008-05-31": 610, "2008-03-31": "657.00000", "2008-02-29": "608.00000", "2007-12-31": 1927, "2007-11-30": -2132, "2007-08-31": 866, "2007-05-31": 659, "2007-02-28": "607.00000", "2006-11-30": -1742, "2006-08-31": 527, "2006-05-31": 452, "2006-02-28": "763.00000", "2005-11-30": -638, "2005-08-31": 230, "2005-05-31": 206, "2005-02-28": "202.00000"}, "Common Stock Dividends Paid": {"2020-12-31": 2008, "2020-09-30": -680, "2020-06-30": -640, "2020-03-31": "-688.00000", "2019-12-31": -545, "2019-09-30": -670, "2019-06-30": -749, "2019-03-31": "-663.00000", "2018-12-31": -587, "2018-09-30": -673, "2018-06-30": -516, "2018-03-31": "-599.00000", "2017-12-31": -523, "2017-09-30": -608, "2017-06-30": -443, "2017-03-31": "-511.00000", "2016-12-31": -435, "2016-09-30": -520, "2016-06-30": -355, "2016-03-31": "-436.00000", "2015-12-31": -359, "2015-09-30": -423, "2015-06-30": -363, "2015-03-31": "-310.00000", "2014-12-31": -252, "2014-09-30": -265, "2014-06-30": -244, "2014-03-31": "-143.00000", "2013-12-31": -117, "2013-09-30": -119, "2013-06-30": -120, "2013-03-31": "-119.00000", "2012-12-31": -120, "2012-09-30": -119, "2012-06-30": -118, "2012-03-31": "-112.00000", "2011-12-31": -120, "2011-09-30": -120, "2011-06-30": -292, "2011-03-31": "-302.00000", "2010-12-31": -289, "2010-09-30": -285, "2010-06-30": -289, "2010-03-31": "-293.00000", "2009-12-31": -287, "2009-09-30": -367, "2009-06-30": -433, "2009-03-31": "-645.00000", "2008-12-31": -1227, "2008-11-30": 935, "2008-09-30": 0, "2008-08-31": -309, "2008-06-30": 0, "2008-05-31": -312, "2008-03-31": "-314.00000", "2008-02-29": "-314.00000", "2007-12-31": -1219, "2007-11-30": 913, "2007-08-31": -305, "2007-05-31": -303, "2007-02-28": "-305.00000", "2006-11-30": 864, "2006-08-31": -283, "2006-05-31": -291, "2006-02-28": "-290.00000", "2005-11-30": 889, "2005-08-31": -293, "2005-05-31": -295, "2005-02-28": "-301.00000"}}, "financial ratios": {"Current Ratio": {"2019-12-31": "0.74700", "2018-12-31": "0.80850", "2017-12-31": "0.77320", "2016-12-31": "0.77830", "2015-12-31": "0.74500", "2014-12-31": "0.77080", "2013-12-31": "0.76610", "2012-12-31": "0.81530", "2011-12-31": "0.82670", "2010-12-31": "0.79120", "2009-12-31": "0.82200", "2008-12-31": "0.82240", "2008-11-30": "0.79550", "2007-12-31": "", "2007-11-30": "0.78760", "2006-11-30": "0.77010", "2005-11-30": "0.81280"}, "Long-term Debt / Capital": {"2019-12-31": "0.69960", "2018-12-31": "0.69970", "2017-12-31": "0.71050", "2016-12-31": "0.68230", "2015-12-31": "0.66870", "2014-12-31": "0.67940", "2013-12-31": "0.68990", "2012-12-31": "0.72160", "2011-12-31": "0.72440", "2010-12-31": "0.74640", "2009-12-31": "0.78560", "2008-12-31": "0.78430", "2008-11-30": "0.76280", "2007-12-31": "", "2007-11-30": "0.85910", "2006-11-30": "0.80390", "2005-11-30": "0.79100"}, "Debt/Equity Ratio": {"2019-12-31": "4.87790", "2018-12-31": "4.76060", "2017-12-31": "5.16360", "2016-12-31": "4.86540", "2015-12-31": "4.59300", "2014-12-31": "5.48310", "2013-12-31": "6.91720", "2012-12-31": "7.41740", "2011-12-31": "6.77240", "2010-12-31": "8.14560", "2009-12-31": "9.67300", "2008-12-31": "8.72020", "2008-11-30": "8.41670", "2007-12-31": "", "2007-11-30": "23.75270", "2006-11-30": "25.02990", "2005-11-30": "24.44670"}, "Gross Margin": {"2019-12-31": "93.98100", "2018-12-31": "94.03350", "2017-12-31": "94.48410", "2016-12-31": "94.45580", "2015-12-31": "94.61810", "2014-12-31": "94.73090", "2013-12-31": "94.73430", "2012-12-31": "94.13630", "2011-12-31": "94.93280", "2010-12-31": "95.46590", "2009-12-31": "94.88830", "2008-12-31": "93.30170", "2008-11-30": "93.29400", "2007-12-31": "94.36140", "2007-11-30": "94.08130", "2006-11-30": "95.62070", "2005-11-30": "95.45590"}, "Operating Margin": {"2019-12-31": "27.28460", "2018-12-31": "28.01760", "2017-12-31": "27.41600", "2016-12-31": "25.54940", "2015-12-31": "24.16440", "2014-12-31": "10.47700", "2013-12-31": "14.02760", "2012-12-31": "2.27670", "2011-12-31": "18.95930", "2010-12-31": "19.84630", "2009-12-31": "4.85400", "2008-12-31": "5.66400", "2008-11-30": "9.24450", "2007-12-31": "10.48420", "2007-11-30": "12.13050", "2006-11-30": "30.41710", "2005-11-30": "26.84800"}, "EBIT Margin": {"2019-12-31": "27.28460", "2018-12-31": "28.01760", "2017-12-31": "27.41600", "2016-12-31": "25.54940", "2015-12-31": "24.16440", "2014-12-31": "10.47700", "2013-12-31": "14.02760", "2012-12-31": "2.27670", "2011-12-31": "18.95930", "2010-12-31": "19.84630", "2009-12-31": "4.85400", "2008-12-31": "5.66400", "2008-11-30": "9.24450", "2007-12-31": "10.48420", "2007-11-30": "12.13050", "2006-11-30": "30.41710", "2005-11-30": "26.84800"}, "EBITDA Margin": {"2019-12-31": "33.66570", "2018-12-31": "32.61530", "2017-12-31": "32.03580", "2016-12-31": "30.56220", "2015-12-31": "28.24070", "2014-12-31": "13.86430", "2013-12-31": "18.67790", "2012-12-31": "8.31610", "2011-12-31": "23.31590", "2010-12-31": "24.39000", "2009-12-31": "10.11170", "2008-12-31": "9.25020", "2008-11-30": "12.45400", "2007-12-31": "12.27810", "2007-11-30": "13.82820", "2006-11-30": "33.35680", "2005-11-30": "30.31240"}, "Pre-Tax Profit Margin": {"2019-12-31": "27.28460", "2018-12-31": "28.01760", "2017-12-31": "27.41600", "2016-12-31": "25.54940", "2015-12-31": "24.16440", "2014-12-31": "10.47700", "2013-12-31": "14.02760", "2012-12-31": "2.27670", "2011-12-31": "18.95930", "2010-12-31": "19.84630", "2009-12-31": "4.85400", "2008-12-31": "5.66400", "2008-11-30": "9.24450", "2007-12-31": "10.48420", "2007-11-30": "12.13050", "2006-11-30": "30.41710", "2005-11-30": "26.84800"}, "Net Profit Margin": {"2019-12-31": "20.55100", "2018-12-31": "20.50020", "2017-12-31": "14.72660", "2016-12-31": "15.90480", "2015-12-31": "16.13140", "2014-12-31": "9.19620", "2013-12-31": "8.17100", "2012-12-31": "-0.11460", "2011-12-31": "6.41390", "2010-12-31": "11.50820", "2009-12-31": "-3.89600", "2008-12-31": "6.75250", "2008-11-30": "6.41900", "2007-12-31": "11.23950", "2007-11-30": "11.22630", "2006-11-30": "25.01090", "2005-11-30": "20.99470"}, "Asset Turnover": {"2019-12-31": "0.04630", "2018-12-31": "0.04700", "2017-12-31": "0.04460", "2016-12-31": "0.04250", "2015-12-31": "0.04460", "2014-12-31": "0.04280", "2013-12-31": "0.03900", "2012-12-31": "0.03350", "2011-12-31": "0.04300", "2010-12-31": "0.03870", "2009-12-31": "0.03020", "2008-12-31": "0.03270", "2008-11-30": "0.03760", "2007-12-31": "", "2007-11-30": "0.02680", "2006-11-30": "0.02660", "2005-11-30": "0.02620"}, "Inventory Turnover Ratio": {"2019-12-31": "", "2018-12-31": "", "2017-12-31": "", "2016-12-31": "", "2015-12-31": "", "2014-12-31": "", "2013-12-31": "", "2012-12-31": "", "2011-12-31": "", "2010-12-31": "", "2009-12-31": "", "2008-12-31": "", "2008-11-30": "", "2007-12-31": "", "2007-11-30": "", "2006-11-30": "", "2005-11-30": ""}, "Receiveable Turnover": {"2019-12-31": "0.74430", "2018-12-31": "0.75250", "2017-12-31": "0.67530", "2016-12-31": "0.74540", "2015-12-31": "0.77420", "2014-12-31": "0.70000", "2013-12-31": "0.56900", "2012-12-31": "0.40720", "2011-12-31": "0.66220", "2010-12-31": "0.57670", "2009-12-31": "0.52340", "2008-12-31": "0.51760", "2008-11-30": "0.54270", "2007-12-31": "", "2007-11-30": "0.27790", "2006-11-30": "0.29950", "2005-11-30": "0.37850"}, "Days Sales In Receivables": {"2019-12-31": "490.37370", "2018-12-31": "485.04680", "2017-12-31": "540.47320", "2016-12-31": "489.67400", "2015-12-31": "471.44240", "2014-12-31": "521.39360", "2013-12-31": "641.46000", "2012-12-31": "896.36800", "2011-12-31": "551.22060", "2010-12-31": "632.87700", "2009-12-31": "697.34130", "2008-12-31": "705.15560", "2008-11-30": "672.59210", "2007-12-31": "", "2007-11-30": "1313.46000", "2006-11-30": "1218.66300", "2005-11-30": "964.22060"}, "ROE - Return On Equity": {"2019-12-31": "12.45270", "2018-12-31": "12.19300", "2017-12-31": "8.91400", "2016-12-31": "8.78880", "2015-12-31": "9.16780", "2014-12-31": "5.57020", "2013-12-31": "5.55540", "2012-12-31": "1.18430", "2011-12-31": "6.84850", "2010-12-31": "9.77420", "2009-12-31": "3.30450", "2008-12-31": "4.08740", "2008-11-30": "5.70460", "2007-12-31": "", "2007-11-30": "8.49550", "2006-11-30": "18.48880", "2005-11-30": "15.53010"}, "Return On Tangible Equity": {"2019-12-31": "12.57640", "2018-12-31": "12.24860", "2017-12-31": "8.98140", "2016-12-31": "9.01900", "2015-12-31": "9.44970", "2014-12-31": "5.90310", "2013-12-31": "6.18100", "2012-12-31": "1.37650", "2011-12-31": "7.94490", "2010-12-31": "10.10170", "2009-12-31": "3.51790", "2008-12-31": "2.67420", "2008-11-30": "3.78880", "2007-12-31": "", "2007-11-30": "9.42350", "2006-11-30": "19.84590", "2005-11-30": "16.98520"}, "ROA - Return On Assets": {"2019-12-31": "1.03160", "2018-12-31": "1.04120", "2017-12-31": "0.73200", "2016-12-31": "0.75120", "2015-12-31": "0.79940", "2014-12-31": "0.45930", "2013-12-31": "0.43910", "2012-12-31": "0.09690", "2011-12-31": "0.62620", "2010-12-31": "0.67540", "2009-12-31": "0.18500", "2008-12-31": "0.18290", "2008-11-30": "0.27430", "2007-12-31": "", "2007-11-30": "0.24520", "2006-11-30": "0.56500", "2005-11-30": "0.50440"}, "ROI - Return On Investment": {"2019-12-31": "3.35500", "2018-12-31": "3.27850", "2017-12-31": "2.30030", "2016-12-31": "2.52050", "2015-12-31": "2.73750", "2014-12-31": "1.63690", "2013-12-31": "1.64240", "2012-12-31": "0.32210", "2011-12-31": "1.84660", "2010-12-31": "2.11550", "2009-12-31": "0.57970", "2008-12-31": "0.53990", "2008-11-30": "0.84330", "2007-12-31": "", "2007-11-30": "1.15510", "2006-11-30": "3.51280", "2005-11-30": "3.24530"}, "Book Value Per Share": {"2019-12-31": "51.88100", "2018-12-31": "47.89070", "2017-12-31": "43.88270", "2016-12-31": "41.66140", "2015-12-31": "39.67870", "2014-12-31": "36.95780", "2013-12-31": "35.49340", "2012-12-31": "33.14420", "2011-12-31": "36.36660", "2010-12-31": "43.25800", "2009-12-31": "38.79190", "2008-12-31": "46.02710", "2008-11-30": "48.52150", "2007-12-31": "", "2007-11-30": "29.60270", "2006-11-30": "33.71610", "2005-11-30": "27.59060"}, "Operating Cash Flow Per Share": {"2019-12-31": 20.6585, "2018-12-31": 6.677, "2017-12-31": -5.3266, "2016-12-31": 5.1379, "2015-12-31": -2.8362, "2014-12-31": -17.3425, "2013-12-31": 4.9902, "2012-12-31": 3.7215, "2011-12-31": -19.5966, "2010-12-31": 67.542, "2009-12-31": -107.1542, "2008-12-31": 1.3862, "2008-11-30": 88.7142, "2007-12-31": -0.6055, "2007-11-30": 36.9591, "2006-11-30": -29.0321, "2005-11-30": -29.0313}, "Free Cash Flow Per Share": {"2019-12-31": 20.6182, "2018-12-31": 6.4985, "2017-12-31": -5.545, "2016-12-31": 5.1647, "2015-12-31": -3.0359, "2014-12-31": -17.1732, "2013-12-31": 5.0013, "2012-12-31": 3.8162, "2011-12-31": -19.524, "2010-12-31": 69.118, "2009-12-31": -108.277, "2008-12-31": 1.3598, "2008-11-30": 88.8698, "2007-12-31": -0.6455, "2007-11-30": 34.6242, "2006-11-30": -27.5905, "2005-11-30": -29.5314}}, "financial ratios, quarterly": {"Current Ratio": {"2020-09-30": "0.75850", "2020-06-30": "0.75380", "2020-03-31": "0.79870", "2019-12-31": "0.74700", "2019-09-30": "0.78420", "2019-06-30": "0.77350", "2019-03-31": "0.80380", "2018-12-31": "0.80850", "2018-09-30": "0.79870", "2018-06-30": "0.83330", "2018-03-31": "0.82080", "2017-12-31": "0.77320", "2017-09-30": "0.73900", "2017-06-30": "0.73030", "2017-03-31": "0.69540", "2016-12-31": "0.77830", "2016-09-30": "0.70570", "2016-06-30": "0.73420", "2016-03-31": "0.76690", "2015-12-31": "0.74500", "2015-09-30": "0.84080", "2015-06-30": "0.81010", "2015-03-31": "0.78580", "2014-12-31": "0.77080", "2014-09-30": "0.79910", "2014-06-30": "0.77920", "2014-03-31": "0.79420", "2013-12-31": "0.76610", "2013-09-30": "0.79150", "2013-06-30": "0.81320", "2013-03-31": "0.81520", "2012-12-31": "0.81530", "2012-09-30": "0.83670", "2012-06-30": "0.87260", "2012-03-31": "0.81750", "2011-12-31": "0.82670", "2011-09-30": "0.85390", "2011-06-30": "0.84050", "2011-03-31": "0.80970", "2010-12-31": "0.79120", "2010-09-30": "0.77570", "2010-06-30": "0.79480", "2010-03-31": "0.77210", "2009-12-31": "0.82200", "2009-09-30": "0.75140", "2009-06-30": "0.79060", "2009-03-31": "0.85540", "2008-12-31": "0.82240", "2008-11-30": "0.79640", "2008-09-30": "", "2008-08-31": "0.78500", "2008-06-30": "", "2008-05-31": "0.77870", "2008-03-31": "", "2008-02-29": "0.72400", "2007-12-31": "", "2007-11-30": "", "2007-08-31": "0.76070", "2007-05-31": "0.77540", "2007-02-28": "0.75430", "2006-11-30": "", "2006-08-31": "0.77960", "2006-05-31": "0.80010", "2006-02-28": "0.80590", "2005-11-30": "", "2005-08-31": "0.80990", "2005-05-31": "0.82080", "2005-02-28": "0.82750"}, "Long-term Debt / Capital": {"2020-09-30": "0.69370", "2020-06-30": "0.70010", "2020-03-31": "0.69080", "2019-12-31": "0.69960", "2019-09-30": "0.69860", "2019-06-30": "0.70490", "2019-03-31": "0.69960", "2018-12-31": "0.69970", "2018-09-30": "0.70450", "2018-06-30": "0.70480", "2018-03-31": "0.71040", "2017-12-31": "0.71050", "2017-09-30": "0.70520", "2017-06-30": "0.69720", "2017-03-31": "0.68590", "2016-12-31": "0.68230", "2016-09-30": "0.67630", "2016-06-30": "0.67600", "2016-03-31": "0.67840", "2015-12-31": "0.66870", "2015-09-30": "0.67720", "2015-06-30": "0.67510", "2015-03-31": "0.67330", "2014-12-31": "0.67940", "2014-09-30": "0.67310", "2014-06-30": "0.67430", "2014-03-31": "0.68580", "2013-12-31": "0.68990", "2013-09-30": "0.69810", "2013-06-30": "0.70900", "2013-03-31": "0.71420", "2012-12-31": "0.72160", "2012-09-30": "0.72100", "2012-06-30": "0.70080", "2012-03-31": "0.71460", "2011-12-31": "0.72440", "2011-09-30": "0.72960", "2011-06-30": "0.74210", "2011-03-31": "0.74680", "2010-12-31": "0.74640", "2010-09-30": "0.74980", "2010-06-30": "0.75550", "2010-03-31": "0.77420", "2009-12-31": "0.78560", "2009-09-30": "0.79000", "2009-06-30": "0.78400", "2009-03-31": "0.78730", "2008-12-31": "0.78430", "2008-11-30": "0.76030", "2008-09-30": "", "2008-08-31": "0.84980", "2008-06-30": "", "2008-05-31": "0.85930", "2008-03-31": "", "2008-02-29": "0.85750", "2007-12-31": "", "2007-11-30": "", "2007-08-31": "0.83250", "2007-05-31": "0.81310", "2007-02-28": "0.80810", "2006-11-30": "", "2006-08-31": "0.79600", "2006-05-31": "0.79870", "2006-02-28": "0.80120", "2005-11-30": "", "2005-08-31": "0.78380", "2005-05-31": "0.78310", "2005-02-28": "0.78550"}, "Debt/Equity Ratio": {"2020-09-30": "4.58280", "2020-06-30": "4.88840", "2020-03-31": "4.67090", "2019-12-31": "4.87790", "2019-09-30": "4.97970", "2019-06-30": "5.09210", "2019-03-31": "4.93030", "2018-12-31": "4.76060", "2018-09-30": "5.02210", "2018-06-30": "5.02900", "2018-03-31": "5.15030", "2017-12-31": "5.16360", "2017-09-30": "5.04100", "2017-06-30": "5.05260", "2017-03-31": "5.03290", "2016-12-31": "4.86540", "2016-09-30": "4.77180", "2016-06-30": "4.88040", "2016-03-31": "4.73500", "2015-12-31": "4.59300", "2015-09-30": "5.20230", "2015-06-30": "5.39090", "2015-03-31": "5.43410", "2014-12-31": "5.48310", "2014-09-30": "5.66590", "2014-06-30": "6.13330", "2014-03-31": "6.46590", "2013-12-31": "6.91720", "2013-09-30": "7.18650", "2013-06-30": "7.47330", "2013-03-31": "7.56010", "2012-12-31": "7.41740", "2012-09-30": "7.39920", "2012-06-30": "6.52080", "2012-03-31": "7.03030", "2011-12-31": "6.77240", "2011-09-30": "6.97590", "2011-06-30": "7.92260", "2011-03-31": "8.41570", "2010-12-31": "8.14560", "2010-09-30": "8.67380", "2010-06-30": "9.22950", "2010-03-31": "9.98170", "2009-12-31": "9.67300", "2009-09-30": "9.92190", "2009-06-30": "8.36210", "2009-03-31": "7.96540", "2008-12-31": "8.72020", "2008-11-30": "8.30160", "2008-09-30": "", "2008-08-31": "15.81560", "2008-06-30": "", "2008-05-31": "18.40010", "2008-03-31": "", "2008-02-29": "22.07430", "2007-12-31": "", "2007-11-30": "", "2007-08-31": "25.83950", "2007-05-31": "23.48320", "2007-02-28": "24.66820", "2006-11-30": "", "2006-08-31": "23.24720", "2006-05-31": "25.13050", "2006-02-28": "25.43020", "2005-11-30": "", "2005-08-31": "22.98620", "2005-05-31": "22.05340", "2005-02-28": "21.80790"}, "Gross Margin": {"2020-09-30": "94.02080", "2020-06-30": "94.66230", "2020-03-31": "92.19990", "2019-12-31": "94.16970", "2019-09-30": "93.65030", "2019-06-30": "93.85010", "2019-03-31": "94.23490", "2018-12-31": "93.00420", "2018-09-30": "94.33750", "2018-06-30": "94.26010", "2018-03-31": "94.33960", "2017-12-31": "94.34740", "2017-09-30": "94.32420", "2017-06-30": "94.47540", "2017-03-31": "94.77680", "2016-12-31": "94.67910", "2016-09-30": "94.48870", "2016-06-30": "94.56730", "2016-03-31": "94.03230", "2015-12-31": "94.09410", "2015-09-30": "93.75560", "2015-06-30": "95.00150", "2015-03-31": "95.32650", "2014-12-31": "93.97220", "2014-09-30": "95.09370", "2014-06-30": "94.67940", "2014-03-31": "95.07560", "2013-12-31": "94.77900", "2013-09-30": "94.77120", "2013-06-30": "94.64470", "2013-03-31": "94.74850", "2012-12-31": "94.76680", "2012-09-30": "93.20080", "2012-06-30": "94.16600", "2012-03-31": "94.17970", "2011-12-31": "93.27540", "2011-09-30": "95.48420", "2011-06-30": "95.54690", "2011-03-31": "94.70560", "2010-12-31": "95.07760", "2010-09-30": "95.10330", "2010-06-30": "95.34100", "2010-03-31": "96.16400", "2009-12-31": "94.19470", "2009-09-30": "96.63440", "2009-06-30": "94.86240", "2009-03-31": "91.43940", "2008-12-31": "20.37790", "2008-11-30": "122.28200", "2008-09-30": "97.81250", "2008-08-31": "95.30380", "2008-06-30": "93.11080", "2008-05-31": "93.11830", "2008-03-31": "94.06340", "2008-02-29": "94.66480", "2007-12-31": "115.36540", "2007-11-30": "", "2007-08-31": "94.23220", "2007-05-31": "96.52220", "2007-02-28": "96.38780", "2006-11-30": "", "2006-08-31": "95.20100", "2006-05-31": "96.09380", "2006-02-28": "96.58560", "2005-11-30": "", "2005-08-31": "96.15660", "2005-05-31": "95.42370", "2005-02-28": "96.19770"}, "Operating Margin": {"2020-09-30": "29.91340", "2020-06-30": "32.46610", "2020-03-31": "22.62040", "2019-12-31": "25.17270", "2019-09-30": "27.01360", "2019-06-30": "28.33850", "2019-03-31": "28.72840", "2018-12-31": "21.72440", "2018-09-30": "28.87970", "2018-06-30": "29.30250", "2018-03-31": "30.87480", "2017-12-31": "26.01050", "2017-09-30": "26.98710", "2017-06-30": "27.80180", "2017-03-31": "28.81480", "2016-12-31": "24.89750", "2016-09-30": "26.72580", "2016-06-30": "27.87070", "2016-03-31": "22.30490", "2015-12-31": "18.59650", "2015-09-30": "18.97770", "2015-06-30": "27.98930", "2015-03-31": "28.81800", "2014-12-31": "-37.75120", "2014-09-30": "24.92420", "2014-06-30": "22.44420", "2014-03-31": "26.34500", "2013-12-31": "-2.36280", "2013-09-30": "17.15690", "2013-06-30": "21.09220", "2013-03-31": "19.42330", "2012-12-31": "13.36750", "2012-09-30": "-28.08710", "2012-06-30": "13.49760", "2012-03-31": "2.91740", "2011-12-31": "-7.91340", "2011-09-30": "37.56370", "2011-06-30": "21.39680", "2011-03-31": "11.89600", "2010-12-31": "15.90020", "2010-09-30": "11.81420", "2010-06-30": "21.38640", "2010-03-31": "27.72270", "2009-12-31": "12.66750", "2009-09-30": "17.63110", "2009-06-30": "-11.23730", "2009-03-31": "-21.74660", "2008-12-31": "452.63160", "2008-11-30": "-124.91930", "2008-09-30": "59.30270", "2008-08-31": "24.20180", "2008-06-30": "14.49850", "2008-05-31": "22.21200", "2008-03-31": "25.74210", "2008-02-29": "26.60420", "2007-12-31": "323.77380", "2007-11-30": "", "2007-08-31": "28.46190", "2007-05-31": "33.48540", "2007-02-28": "34.58080", "2006-11-30": "", "2006-08-31": "31.76670", "2006-05-31": "32.89290", "2006-02-28": "28.76520", "2005-11-30": "", "2005-08-31": "25.07560", "2005-05-31": "23.11390", "2005-02-28": "30.63760"}, "EBIT Margin": {"2020-09-30": "29.91340", "2020-06-30": "32.46610", "2020-03-31": "22.62040", "2019-12-31": "25.17270", "2019-09-30": "27.01360", "2019-06-30": "28.33850", "2019-03-31": "28.72840", "2018-12-31": "21.72440", "2018-09-30": "28.87970", "2018-06-30": "29.30250", "2018-03-31": "30.87480", "2017-12-31": "26.01050", "2017-09-30": "26.98710", "2017-06-30": "27.80180", "2017-03-31": "28.81480", "2016-12-31": "24.89750", "2016-09-30": "26.72580", "2016-06-30": "27.87070", "2016-03-31": "22.30490", "2015-12-31": "18.59650", "2015-09-30": "18.97770", "2015-06-30": "27.98930", "2015-03-31": "28.81800", "2014-12-31": "-37.75120", "2014-09-30": "24.92420", "2014-06-30": "22.44420", "2014-03-31": "26.34500", "2013-12-31": "-2.36280", "2013-09-30": "17.15690", "2013-06-30": "21.09220", "2013-03-31": "19.42330", "2012-12-31": "13.36750", "2012-09-30": "-28.08710", "2012-06-30": "13.49760", "2012-03-31": "2.91740", "2011-12-31": "-7.91340", "2011-09-30": "37.56370", "2011-06-30": "21.39680", "2011-03-31": "11.89600", "2010-12-31": "15.90020", "2010-09-30": "11.81420", "2010-06-30": "21.38640", "2010-03-31": "27.72270", "2009-12-31": "12.66750", "2009-09-30": "17.63110", "2009-06-30": "-11.23730", "2009-03-31": "-21.74660", "2008-12-31": "488.25910", "2008-11-30": "-139.12810", "2008-09-30": "59.30270", "2008-08-31": "24.20180", "2008-06-30": "14.49850", "2008-05-31": "22.21200", "2008-03-31": "25.74210", "2008-02-29": "26.60420", "2007-12-31": "323.77380", "2007-11-30": "", "2007-08-31": "28.46190", "2007-05-31": "33.48540", "2007-02-28": "34.58080", "2006-11-30": "", "2006-08-31": "31.76670", "2006-05-31": "32.89290", "2006-02-28": "28.76520", "2005-11-30": "", "2005-08-31": "25.07560", "2005-05-31": "23.11390", "2005-02-28": "30.63760"}, "EBITDA Margin": {"2020-09-30": "", "2020-06-30": "", "2020-03-31": "", "2019-12-31": "", "2019-09-30": "", "2019-06-30": "", "2019-03-31": "", "2018-12-31": "", "2018-09-30": "", "2018-06-30": "", "2018-03-31": "", "2017-12-31": "", "2017-09-30": "", "2017-06-30": "", "2017-03-31": "", "2016-12-31": "", "2016-09-30": "", "2016-06-30": "", "2016-03-31": "", "2015-12-31": "", "2015-09-30": "", "2015-06-30": "", "2015-03-31": "", "2014-12-31": "", "2014-09-30": "", "2014-06-30": "", "2014-03-31": "", "2013-12-31": "", "2013-09-30": "", "2013-06-30": "", "2013-03-31": "", "2012-12-31": "", "2012-09-30": "", "2012-06-30": "", "2012-03-31": "", "2011-12-31": "", "2011-09-30": "", "2011-06-30": "", "2011-03-31": "", "2010-12-31": "", "2010-09-30": "", "2010-06-30": "", "2010-03-31": "", "2009-12-31": "", "2009-09-30": "", "2009-06-30": "", "2009-03-31": "", "2008-12-31": "", "2008-11-30": "", "2008-09-30": "", "2008-08-31": "", "2008-06-30": "", "2008-05-31": "", "2008-03-31": "", "2008-02-29": "", "2007-12-31": "", "2007-11-30": "", "2007-08-31": "", "2007-05-31": "", "2007-02-28": "", "2006-11-30": "", "2006-08-31": "", "2006-05-31": "", "2006-02-28": "", "2005-11-30": "", "2005-08-31": "", "2005-05-31": "", "2005-02-28": ""}, "Pre-Tax Profit Margin": {"2020-09-30": "29.91340", "2020-06-30": "32.46610", "2020-03-31": "22.62040", "2019-12-31": "25.17270", "2019-09-30": "27.01360", "2019-06-30": "28.33850", "2019-03-31": "28.72840", "2018-12-31": "21.72440", "2018-09-30": "28.87970", "2018-06-30": "29.30250", "2018-03-31": "30.87480", "2017-12-31": "26.01050", "2017-09-30": "26.98710", "2017-06-30": "27.80180", "2017-03-31": "28.81480", "2016-12-31": "24.89750", "2016-09-30": "26.72580", "2016-06-30": "27.87070", "2016-03-31": "22.30490", "2015-12-31": "18.59650", "2015-09-30": "18.97770", "2015-06-30": "27.98930", "2015-03-31": "28.81800", "2014-12-31": "-37.75120", "2014-09-30": "24.92420", "2014-06-30": "22.44420", "2014-03-31": "26.34500", "2013-12-31": "-2.36280", "2013-09-30": "17.15690", "2013-06-30": "21.09220", "2013-03-31": "19.42330", "2012-12-31": "13.36750", "2012-09-30": "-28.08710", "2012-06-30": "13.49760", "2012-03-31": "2.91740", "2011-12-31": "-7.91340", "2011-09-30": "37.56370", "2011-06-30": "21.39680", "2011-03-31": "11.89600", "2010-12-31": "15.90020", "2010-09-30": "11.81420", "2010-06-30": "21.38640", "2010-03-31": "27.72270", "2009-12-31": "12.66750", "2009-09-30": "17.63110", "2009-06-30": "-11.23730", "2009-03-31": "-21.74660", "2008-12-31": "587.58440", "2008-11-30": "-178.74060", "2008-09-30": "59.30270", "2008-08-31": "24.20180", "2008-06-30": "14.49850", "2008-05-31": "22.21200", "2008-03-31": "25.74210", "2008-02-29": "26.60420", "2007-12-31": "323.77380", "2007-11-30": "", "2007-08-31": "28.46190", "2007-05-31": "33.48540", "2007-02-28": "34.58080", "2006-11-30": "", "2006-08-31": "31.76670", "2006-05-31": "32.89290", "2006-02-28": "28.76520", "2005-11-30": "", "2005-08-31": "25.07560", "2005-05-31": "23.11390", "2005-02-28": "30.63760"}, "Net Profit Margin": {"2020-09-30": "22.27850", "2020-06-30": "22.71510", "2020-03-31": "16.75980", "2019-12-31": "19.20420", "2019-09-30": "20.53430", "2019-06-30": "19.82620", "2019-03-31": "22.71050", "2018-12-31": "15.92190", "2018-09-30": "20.45180", "2018-06-30": "21.36660", "2018-03-31": "23.24640", "2017-12-31": "4.97890", "2017-09-30": "18.35380", "2017-06-30": "16.70000", "2017-03-31": "18.88150", "2016-12-31": "16.73870", "2016-09-30": "17.03900", "2016-06-30": "15.99510", "2016-03-31": "13.53950", "2015-12-31": "9.73120", "2015-09-30": "12.08960", "2015-06-30": "17.08920", "2015-03-31": "23.35720", "2014-12-31": "-22.48840", "2014-09-30": "18.28900", "2014-06-30": "21.14310", "2014-03-31": "16.10720", "2013-12-31": "0.45730", "2013-09-30": "11.06080", "2013-06-30": "9.43040", "2013-03-31": "11.48470", "2012-12-31": "8.13420", "2012-09-30": "-19.82960", "2012-06-30": "8.12450", "2012-03-31": "-1.71870", "2011-12-31": "-4.68420", "2011-09-30": "21.94700", "2011-06-30": "-6.06060", "2011-03-31": "9.71750", "2010-12-31": "9.38640", "2010-09-30": "-1.34220", "2010-06-30": "19.81670", "2010-03-31": "15.55340", "2009-12-31": "6.38580", "2009-09-30": "5.88100", "2009-06-30": "-24.16780", "2009-03-31": "-19.95170", "2008-12-31": "332.65860", "2008-11-30": "-127.66420", "2008-09-30": "42.66280", "2008-08-31": "17.56740", "2008-06-30": "17.37850", "2008-05-31": "15.54530", "2008-03-31": "16.55930", "2008-02-29": "18.43310", "2007-12-31": "188.68870", "2007-11-30": "", "2007-08-31": "19.17570", "2007-05-31": "24.37290", "2007-02-28": "26.56590", "2006-11-30": "", "2006-08-31": "26.20330", "2006-05-31": "21.15120", "2006-02-28": "18.40510", "2005-11-30": "", "2005-08-31": "2.07280", "2005-05-31": "15.38720", "2005-02-28": "20.50310"}, "Asset Turnover": {"2020-09-30": "0.01220", "2020-06-30": "0.01380", "2020-03-31": "0.01000", "2019-12-31": "0.01210", "2019-09-30": "0.01110", "2019-06-30": "0.01150", "2019-03-31": "0.01170", "2018-12-31": "0.01000", "2018-09-30": "0.01140", "2018-06-30": "0.01210", "2018-03-31": "0.01290", "2017-12-31": "0.01120", "2017-09-30": "0.01080", "2017-06-30": "0.01130", "2017-03-31": "0.01170", "2016-12-31": "0.01110", "2016-09-30": "0.01090", "2016-06-30": "0.01070", "2016-03-31": "0.00960", "2015-12-31": "0.00980", "2015-09-30": "0.00930", "2015-06-30": "0.01180", "2015-03-31": "0.01190", "2014-12-31": "0.00970", "2014-09-30": "0.01090", "2014-06-30": "0.01040", "2014-03-31": "0.01080", "2013-12-31": "0.00950", "2013-09-30": "0.00960", "2013-06-30": "0.01060", "2013-03-31": "0.01020", "2012-12-31": "0.00900", "2012-09-30": "0.00690", "2012-06-30": "0.00930", "2012-03-31": "0.00890", "2011-12-31": "0.00750", "2011-09-30": "0.01230", "2011-06-30": "0.01110", "2011-03-31": "0.00910", "2010-12-31": "0.00920", "2010-09-30": "0.00810", "2010-06-30": "0.00980", "2010-03-31": "0.01110", "2009-12-31": "0.00870", "2009-09-30": "0.01100", "2009-06-30": "0.00770", "2009-03-31": "0.00460", "2008-12-31": "-0.00110", "2008-11-30": "0.00280", "2008-09-30": "", "2008-08-31": "0.00820", "2008-06-30": "", "2008-05-31": "0.00630", "2008-03-31": "", "2008-02-29": "0.00760", "2007-12-31": "", "2007-11-30": "", "2007-08-31": "0.00670", "2007-05-31": "0.00880", "2007-02-28": "0.00850", "2006-11-30": "", "2006-08-31": "0.00690", "2006-05-31": "0.00850", "2006-02-28": "0.00890", "2005-11-30": "", "2005-08-31": "0.00830", "2005-05-31": "0.00740", "2005-02-28": "0.00850"}, "Inventory Turnover Ratio": {"2020-09-30": "", "2020-06-30": "", "2020-03-31": "", "2019-12-31": "", "2019-09-30": "", "2019-06-30": "", "2019-03-31": "", "2018-12-31": "", "2018-09-30": "", "2018-06-30": "", "2018-03-31": "", "2017-12-31": "", "2017-09-30": "", "2017-06-30": "", "2017-03-31": "", "2016-12-31": "", "2016-09-30": "", "2016-06-30": "", "2016-03-31": "", "2015-12-31": "", "2015-09-30": "", "2015-06-30": "", "2015-03-31": "", "2014-12-31": "", "2014-09-30": "", "2014-06-30": "", "2014-03-31": "", "2013-12-31": "", "2013-09-30": "", "2013-06-30": "", "2013-03-31": "", "2012-12-31": "", "2012-09-30": "", "2012-06-30": "", "2012-03-31": "", "2011-12-31": "", "2011-09-30": "", "2011-06-30": "", "2011-03-31": "", "2010-12-31": "", "2010-09-30": "", "2010-06-30": "", "2010-03-31": "", "2009-12-31": "", "2009-09-30": "", "2009-06-30": "", "2009-03-31": "", "2008-12-31": "", "2008-11-30": "", "2008-09-30": "", "2008-08-31": "", "2008-06-30": "", "2008-05-31": "", "2008-03-31": "", "2008-02-29": "", "2007-12-31": "", "2007-11-30": "", "2007-08-31": "", "2007-05-31": "", "2007-02-28": "", "2006-11-30": "", "2006-08-31": "", "2006-05-31": "", "2006-02-28": "", "2005-11-30": "", "2005-08-31": "", "2005-05-31": "", "2005-02-28": ""}, "Receiveable Turnover": {"2020-09-30": "0.16070", "2020-06-30": "0.21530", "2020-03-31": "0.12750", "2019-12-31": "0.19510", "2019-09-30": "0.16860", "2019-06-30": "0.19190", "2019-03-31": "0.19530", "2018-12-31": "0.16040", "2018-09-30": "0.16230", "2018-06-30": "0.17190", "2018-03-31": "0.16570", "2017-12-31": "0.16910", "2017-09-30": "0.16910", "2017-06-30": "0.17300", "2017-03-31": "0.20160", "2016-12-31": "0.19420", "2016-09-30": "0.17330", "2016-06-30": "0.16860", "2016-03-31": "0.17410", "2015-12-31": "0.17040", "2015-09-30": "0.15510", "2015-06-30": "0.17060", "2015-03-31": "0.17460", "2014-12-31": "0.15860", "2014-09-30": "0.16240", "2014-06-30": "0.15780", "2014-03-31": "0.14870", "2013-12-31": "0.13790", "2013-09-30": "0.13790", "2013-06-30": "0.13210", "2013-03-31": "0.13090", "2012-12-31": "0.10940", "2012-09-30": "0.08300", "2012-06-30": "0.12180", "2012-03-31": "0.12600", "2011-12-31": "0.11580", "2011-09-30": "0.17960", "2011-06-30": "0.15740", "2011-03-31": "0.12850", "2010-12-31": "0.13690", "2010-09-30": "0.12800", "2010-06-30": "0.17130", "2010-03-31": "0.21450", "2009-12-31": "0.15100", "2009-09-30": "0.20100", "2009-06-30": "0.11590", "2009-03-31": "0.07410", "2008-12-31": "-0.01730", "2008-11-30": "0.04080", "2008-09-30": "", "2008-08-31": "0.12810", "2008-06-30": "", "2008-05-31": "0.07960", "2008-03-31": "", "2008-02-29": "0.08930", "2007-12-31": "", "2007-11-30": "", "2007-08-31": "0.06670", "2007-05-31": "0.07370", "2007-02-28": "0.08630", "2006-11-30": "", "2006-08-31": "0.09690", "2006-05-31": "0.10360", "2006-02-28": "0.09980", "2005-11-30": "", "2005-08-31": "0.10670", "2005-05-31": "0.10870", "2005-02-28": "0.09330"}, "Days Sales In Receivables": {"2020-09-30": "560.03520", "2020-06-30": "417.92900", "2020-03-31": "706.03560", "2019-12-31": "461.28210", "2019-09-30": "533.91750", "2019-06-30": "468.98570", "2019-03-31": "460.82350", "2018-12-31": "561.16280", "2018-09-30": "554.65060", "2018-06-30": "523.49290", "2018-03-31": "543.03060", "2017-12-31": "532.29790", "2017-09-30": "532.23000", "2017-06-30": "520.10210", "2017-03-31": "446.48130", "2016-12-31": "463.51840", "2016-09-30": "519.36130", "2016-06-30": "533.66600", "2016-03-31": "517.01490", "2015-12-31": "528.12480", "2015-09-30": "580.18540", "2015-06-30": "527.59420", "2015-03-31": "515.39010", "2014-12-31": "567.55410", "2014-09-30": "554.11590", "2014-06-30": "570.41470", "2014-03-31": "605.32900", "2013-12-31": "652.86580", "2013-09-30": "652.82800", "2013-06-30": "681.45270", "2013-03-31": "687.65530", "2012-12-31": "822.79860", "2012-09-30": "1083.71600", "2012-06-30": "738.73380", "2012-03-31": "714.16380", "2011-12-31": "777.18410", "2011-09-30": "501.19270", "2011-06-30": "571.76930", "2011-03-31": "700.25080", "2010-12-31": "657.24880", "2010-09-30": "703.07520", "2010-06-30": "525.36350", "2010-03-31": "419.56350", "2009-12-31": "595.85140", "2009-09-30": "447.67240", "2009-06-30": "776.80200", "2009-03-31": "1213.89700", "2008-12-31": "-5195.10100", "2008-11-30": "2208.19700", "2008-09-30": "", "2008-08-31": "702.63510", "2008-06-30": "", "2008-05-31": "1131.35900", "2008-03-31": "", "2008-02-29": "1008.30900", "2007-12-31": "", "2007-11-30": "", "2007-08-31": "1349.18600", "2007-05-31": "1221.77300", "2007-02-28": "1043.12300", "2006-11-30": "", "2006-08-31": "928.50090", "2006-05-31": "868.47310", "2006-02-28": "901.76800", "2005-11-30": "", "2005-08-31": "843.86500", "2005-05-31": "827.84780", "2005-02-28": "964.84790"}, "ROE - Return On Equity": {"2020-09-30": "3.38380", "2020-06-30": "4.07100", "2020-03-31": "2.26150", "2019-12-31": "3.10740", "2019-09-30": "2.95620", "2019-06-30": "3.02190", "2019-03-31": "3.36370", "2018-12-31": "2.13620", "2018-09-30": "3.01170", "2018-06-30": "3.42980", "2018-03-31": "3.81290", "2017-12-31": "0.94500", "2017-09-30": "2.49320", "2017-06-30": "2.51380", "2017-03-31": "2.82440", "2016-12-31": "2.41180", "2016-09-30": "2.30050", "2016-06-30": "2.32870", "2016-03-31": "1.66540", "2015-12-31": "1.37340", "2015-09-30": "1.52540", "2015-06-30": "2.67410", "2015-03-31": "3.63230", "2014-12-31": "-2.38790", "2014-09-30": "2.58420", "2014-06-30": "2.85350", "2014-03-31": "2.36400", "2013-12-31": "0.27660", "2013-09-30": "1.52120", "2013-06-30": "1.89150", "2013-03-31": "1.93610", "2012-12-31": "1.33600", "2012-09-30": "-1.50480", "2012-06-30": "1.01670", "2012-03-31": "0.21420", "2011-12-31": "-0.22020", "2011-09-30": "3.30970", "2011-06-30": "2.14900", "2011-03-31": "2.01190", "2010-12-31": "1.95130", "2010-09-30": "1.47180", "2010-06-30": "2.95190", "2010-03-31": "4.56100", "2009-12-31": "1.74840", "2009-09-30": "2.28020", "2009-06-30": "-0.63300", "2009-03-31": "-0.11670", "2008-12-31": "-8.73280", "2008-11-30": "-6.41120", "2008-09-30": "", "2008-08-31": "4.11080", "2008-06-30": "", "2008-05-31": "3.07250", "2008-03-31": "", "2008-02-29": "4.81980", "2007-12-31": "", "2007-11-30": "", "2007-08-31": "4.31630", "2007-05-31": "6.15190", "2007-02-28": "6.27880", "2006-11-30": "", "2006-08-31": "4.80160", "2006-05-31": "5.66730", "2006-02-28": "5.31820", "2005-11-30": "", "2005-08-31": "4.13090", "2005-05-31": "3.28630", "2005-02-28": "4.73420"}, "Return On Tangible Equity": {"2020-09-30": "3.41360", "2020-06-30": "4.11070", "2020-03-31": "2.27970", "2019-12-31": "3.13830", "2019-09-30": "2.98920", "2019-06-30": "3.05950", "2019-03-31": "3.37520", "2018-12-31": "2.14600", "2018-09-30": "3.02860", "2018-06-30": "3.45400", "2018-03-31": "3.84620", "2017-12-31": "0.95220", "2017-09-30": "2.51290", "2017-06-30": "2.53640", "2017-03-31": "2.85320", "2016-12-31": "2.47500", "2016-09-30": "2.36070", "2016-06-30": "2.39270", "2016-03-31": "1.71390", "2015-12-31": "1.41560", "2015-09-30": "1.57420", "2015-06-30": "2.76380", "2015-03-31": "3.75050", "2014-12-31": "-2.53060", "2014-09-30": "2.72960", "2014-06-30": "3.06900", "2014-03-31": "2.62170", "2013-12-31": "0.30770", "2013-09-30": "1.72350", "2013-06-30": "2.18560", "2013-03-31": "2.24240", "2012-12-31": "1.55290", "2012-09-30": "-1.75320", "2012-06-30": "1.16810", "2012-03-31": "0.24780", "2011-12-31": "-0.25550", "2011-09-30": "3.84650", "2011-06-30": "2.51560", "2011-03-31": "2.07490", "2010-12-31": "2.01660", "2010-09-30": "1.52570", "2010-06-30": "3.08090", "2010-03-31": "4.83350", "2009-12-31": "1.86130", "2009-09-30": "2.45650", "2009-06-30": "-0.67820", "2009-03-31": "-0.07590", "2008-12-31": "-5.71350", "2008-11-30": "-4.29400", "2008-09-30": "", "2008-08-31": "4.48550", "2008-06-30": "", "2008-05-31": "3.35260", "2008-03-31": "", "2008-02-29": "5.30820", "2007-12-31": "", "2007-11-30": "", "2007-08-31": "4.63540", "2007-05-31": "6.67910", "2007-02-28": "6.86810", "2006-11-30": "", "2006-08-31": "5.08500", "2006-05-31": "6.23400", "2006-02-28": "5.87890", "2005-11-30": "", "2005-08-31": "4.53780", "2005-05-31": "3.60820", "2005-02-28": "5.20210"}, "ROA - Return On Assets": {"2020-09-30": "0.28780", "2020-06-30": "0.33180", "2020-03-31": "0.18780", "2019-12-31": "0.25740", "2019-09-30": "0.24570", "2019-06-30": "0.25180", "2019-03-31": "0.28170", "2018-12-31": "0.18240", "2018-09-30": "0.24900", "2018-06-30": "0.28190", "2018-03-31": "0.31520", "2017-12-31": "0.07760", "2017-09-30": "0.20910", "2017-06-30": "0.21360", "2017-03-31": "0.23940", "2016-12-31": "0.20610", "2016-09-30": "0.20050", "2016-06-30": "0.19910", "2016-03-31": "0.14370", "2015-12-31": "0.11980", "2015-09-30": "0.12600", "2015-06-30": "0.22200", "2015-03-31": "0.29770", "2014-12-31": "-0.19690", "2014-09-30": "0.21570", "2014-06-30": "0.23190", "2014-03-31": "0.19060", "2013-12-31": "0.02190", "2013-09-30": "0.12040", "2013-06-30": "0.15220", "2013-03-31": "0.15600", "2012-12-31": "0.10940", "2012-09-30": "-0.12520", "2012-06-30": "0.09530", "2012-03-31": "0.01890", "2011-12-31": "-0.02010", "2011-09-30": "0.28560", "2011-06-30": "0.17240", "2011-03-31": "0.13690", "2010-12-31": "0.13480", "2010-09-30": "0.09790", "2010-06-30": "0.18070", "2010-03-31": "0.25360", "2009-12-31": "0.09790", "2009-09-30": "0.12630", "2009-06-30": "-0.03910", "2009-03-31": "-0.00560", "2008-12-31": "-0.39080", "2008-11-30": "-0.31500", "2008-09-30": "", "2008-08-31": "0.14430", "2008-06-30": "", "2008-05-31": "0.09950", "2008-03-31": "", "2008-02-29": "0.14220", "2007-12-31": "", "2007-11-30": "", "2007-08-31": "0.12440", "2007-05-31": "0.19690", "2007-02-28": "0.19580", "2006-11-30": "", "2006-08-31": "0.15430", "2006-05-31": "0.17800", "2006-02-28": "0.16690", "2005-11-30": "", "2005-08-31": "0.13920", "2005-05-31": "0.11370", "2005-02-28": "0.16820"}, "ROI - Return On Investment": {"2020-09-30": "0.93810", "2020-06-30": "1.10270", "2020-03-31": "0.63100", "2019-12-31": "0.83720", "2019-09-30": "0.80010", "2019-06-30": "0.80020", "2019-03-31": "0.90540", "2018-12-31": "0.57440", "2018-09-30": "0.79530", "2018-06-30": "0.90520", "2018-03-31": "0.98600", "2017-12-31": "0.24390", "2017-09-30": "0.65680", "2017-06-30": "0.68010", "2017-03-31": "0.79160", "2016-12-31": "0.69170", "2016-09-30": "0.67330", "2016-06-30": "0.68220", "2016-03-31": "0.48340", "2015-12-31": "0.41010", "2015-09-30": "0.44390", "2015-06-30": "0.78280", "2015-03-31": "1.06830", "2014-12-31": "-0.70170", "2014-09-30": "0.77620", "2014-06-30": "0.86470", "2014-03-31": "0.70870", "2013-12-31": "0.08180", "2013-09-30": "0.44330", "2013-06-30": "0.53780", "2013-03-31": "0.54060", "2012-12-31": "0.36340", "2012-09-30": "-0.41010", "2012-06-30": "0.29770", "2012-03-31": "0.05980", "2011-12-31": "-0.05940", "2011-09-30": "0.87580", "2011-06-30": "0.54190", "2011-03-31": "0.43600", "2010-12-31": "0.42230", "2010-09-30": "0.31440", "2010-06-30": "0.60460", "2010-03-31": "0.85070", "2009-12-31": "0.30670", "2009-09-30": "0.39090", "2009-06-30": "-0.11120", "2009-03-31": "-0.01510", "2008-12-31": "-1.15360", "2008-11-30": "-0.96570", "2008-09-30": "", "2008-08-31": "0.59850", "2008-06-30": "", "2008-05-31": "0.41840", "2008-03-31": "", "2008-02-29": "0.66400", "2007-12-31": "", "2007-11-30": "", "2007-08-31": "0.70040", "2007-05-31": "1.11760", "2007-02-28": "1.16990", "2006-11-30": "", "2006-08-31": "0.94790", "2006-05-31": "1.14080", "2006-02-28": "1.05730", "2005-11-30": "", "2005-08-31": "0.89300", "2005-05-31": "0.71270", "2005-02-28": "1.01550"}, "Book Value Per Share": {"2020-09-30": "56.97490", "2020-06-30": "55.83960", "2020-03-31": "55.36530", "2019-12-31": "51.88100", "2019-09-30": "51.46010", "2019-06-30": "49.94260", "2019-03-31": "48.57190", "2018-12-31": "47.89070", "2018-09-30": "46.39840", "2018-06-30": "46.01260", "2018-03-31": "44.80950", "2017-12-31": "43.88270", "2017-09-30": "44.20150", "2017-06-30": "43.47030", "2017-03-31": "42.70330", "2016-12-31": "41.66140", "2016-09-30": "41.81370", "2016-06-30": "40.87330", "2016-03-31": "39.81590", "2015-12-31": "39.67870", "2015-09-30": "39.43100", "2015-06-30": "38.89590", "2015-03-31": "38.27960", "2014-12-31": "36.95780", "2014-09-30": "37.79180", "2014-06-30": "36.75280", "2014-03-31": "35.63850", "2013-12-31": "35.49340", "2013-09-30": "34.93540", "2013-06-30": "33.74320", "2013-03-31": "33.70020", "2012-12-31": "33.14420", "2012-09-30": "32.99680", "2012-06-30": "36.22780", "2012-03-31": "35.68250", "2011-12-31": "36.36660", "2011-09-30": "36.36450", "2011-06-30": "35.32500", "2011-03-31": "43.04550", "2010-12-31": "43.25800", "2010-09-30": "43.34600", "2010-06-30": "42.34700", "2010-03-31": "39.45670", "2009-12-31": "38.79190", "2009-09-30": "38.43110", "2009-06-30": "37.86260", "2009-03-31": "45.49430", "2008-12-31": "46.02710", "2008-11-30": "49.19440", "2008-09-30": "", "2008-08-31": "32.24530", "2008-06-30": "", "2008-05-31": "31.10660", "2008-03-31": "", "2008-02-29": "30.10940", "2007-12-31": "", "2007-11-30": "", "2007-08-31": "33.17800", "2007-05-31": "37.56910", "2007-02-28": "35.75020", "2006-11-30": "", "2006-08-31": "32.27840", "2006-05-31": "30.09460", "2006-02-28": "28.14160", "2005-11-30": "", "2005-08-31": "26.06940", "2005-05-31": "26.07090", "2005-02-28": "25.82790"}, "Operating Cash Flow Per Share": {"2020-09-30": -4.411, "2020-06-30": -10.6407, "2020-03-31": "15.15320", "2019-12-31": -0.2822, "2019-09-30": 8.484, "2019-06-30": 6.4982, "2019-03-31": "10.16160", "2018-12-31": -4.1837, "2018-09-30": 8.4331, "2018-06-30": -7.188, "2018-03-31": "7.14170", "2017-12-31": 2.2285, "2017-09-30": 3.0348, "2017-06-30": -7.7861, "2017-03-31": "0.04890", "2016-12-31": -1.333, "2016-09-30": -4.402, "2016-06-30": 6.4065, "2016-03-31": "2.18120", "2015-12-31": 1.8005, "2015-09-30": 0.2271, "2015-06-30": 2.3377, "2015-03-31": "-6.65050", "2014-12-31": -3.3512, "2014-09-30": 0.9439, "2014-06-30": 0.531, "2014-03-31": "2.42730", "2013-12-31": 9.3329, "2013-09-30": -0.8697, "2013-06-30": 7.1136, "2013-03-31": "2.31670", "2012-12-31": 0.8533, "2012-09-30": 2.9137, "2012-06-30": 4.8741, "2012-03-31": "4.26220", "2011-12-31": 3.3544, "2011-09-30": 9.3608, "2011-06-30": -2.6355, "2011-03-31": "-0.89790", "2010-12-31": 15.4377, "2010-09-30": -3.4725, "2010-06-30": 3.8376, "2010-03-31": "12.97560", "2009-12-31": -0.1595, "2009-09-30": -2.1781, "2009-06-30": -4.2824, "2009-03-31": "-32.14360", "2008-12-31": 1.3862, "2008-11-30": 6.5346, "2008-09-30": 55.5706, "2008-08-31": -28.8141, "2008-06-30": 43.7097, "2008-05-31": -9.9165, "2008-03-31": "-0.07990", "2008-02-29": "-18.04670", "2007-12-31": -21.7098, "2007-11-30": 2.6468, "2007-08-31": 11.4163, "2007-05-31": 14.409, "2007-02-28": "-28.47210", "2006-11-30": 42.2, "2006-08-31": -2.4658, "2006-05-31": -19.9652, "2006-02-28": "-19.76900", "2005-11-30": 28.7435, "2005-08-31": -0.232, "2005-05-31": -15.3658, "2005-02-28": "-13.14570"}, "Free Cash Flow Per Share": {"2020-09-30": -4.4867, "2020-06-30": -10.9179, "2020-03-31": "14.92820", "2019-12-31": -0.4983, "2019-09-30": 8.1957, "2019-06-30": 6.2046, "2019-03-31": "9.84620", "2018-12-31": -4.4687, "2018-09-30": 8.1645, "2018-06-30": -7.476, "2018-03-31": "6.91020", "2017-12-31": 1.9813, "2017-09-30": 2.7824, "2017-06-30": -7.991, "2017-03-31": "-0.14120", "2016-12-31": -1.5084, "2016-09-30": -4.5631, "2016-06-30": 6.2313, "2016-03-31": "2.01670", "2015-12-31": 1.5921, "2015-09-30": 0.0488, "2015-06-30": 2.1845, "2015-03-31": "-6.81360", "2014-12-31": -3.5841, "2014-09-30": 0.8832, "2014-06-30": 0.3203, "2014-03-31": "2.42830", "2013-12-31": 9.1407, "2013-09-30": -1.0514, "2013-06-30": 6.9505, "2013-03-31": "2.18110", "2012-12-31": 0.6275, "2012-09-30": 2.6838, "2012-06-30": 4.759, "2012-03-31": "4.14930", "2011-12-31": 3.1582, "2011-09-30": 9.2738, "2011-06-30": -2.8529, "2011-03-31": "-1.17570", "2010-12-31": 15.141, "2010-09-30": -3.7774, "2010-06-30": 3.6731, "2010-03-31": "12.89070", "2009-12-31": -0.812, "2009-09-30": -2.3021, "2009-06-30": -4.819, "2009-03-31": "-33.25750", "2008-12-31": 1.3598, "2008-11-30": 6.5701, "2008-09-30": 55.3049, "2008-08-31": -28.9304, "2008-06-30": 43.5374, "2008-05-31": -10.175, "2008-03-31": "-0.58040", "2008-02-29": "-18.36340", "2007-12-31": -23.1432, "2007-11-30": 3.8081, "2007-08-31": 10.8355, "2007-05-31": 14.1074, "2007-02-28": "-28.75100", "2006-11-30": 40.943, "2006-08-31": -3.0955, "2006-05-31": -17.957, "2006-02-28": "-19.89050", "2005-11-30": 29.1316, "2005-08-31": -0.3701, "2005-05-31": -15.5369, "2005-02-28": "-13.22460"}}, "revenue": {"Morgan Stanley Annual Revenue (Millions of US $)": {"2020": "$48,198", "2019": "$41,419", "2018": "$40,107", "2017": "$37,945", "2016": "$34,631", "2015": "$35,155", "2014": "$34,275", "2013": "$32,493", "2012": "$26,178", "2011": "$32,227", "2010": "$31,230", "2009": "$23,280", "2008": "$24,739", "2007": "$27,979", "2006": "$29,799", "2005": "$23,525"}, "Morgan Stanley Quarterly Revenue (Millions of US $)": {"2020-12-31": "$13,640", "2020-09-30": "$11,657", "2020-06-30": "$13,414", "2020-03-31": "$9,487", "2019-12-31": "$10,857", "2019-09-30": "$10,032", "2019-06-30": "$10,244", "2019-03-31": "$10,286", "2018-12-31": "$8,548", "2018-09-30": "$9,872", "2018-06-30": "$10,610", "2018-03-31": "$11,077", "2017-12-31": "$9,500", "2017-09-30": "$9,197", "2017-06-30": "$9,503", "2017-03-31": "$9,745", "2016-12-31": "$9,021", "2016-09-30": "$8,909", "2016-06-30": "$8,909", "2016-03-31": "$7,792", "2015-12-31": "$7,738", "2015-09-30": "$7,767", "2015-06-30": "$9,743", "2015-03-31": "$9,907", "2014-12-31": "$7,764", "2014-09-30": "$8,907", "2014-06-30": "$8,608", "2014-03-31": "$8,996", "2013-12-31": "$7,872", "2013-09-30": "$7,956", "2013-06-30": "$8,515", "2013-03-31": "$8,150", "2012-12-31": "$7,032", "2012-09-30": "$5,280", "2012-06-30": "$6,942", "2012-03-31": "$6,924", "2011-12-31": "$5,636", "2011-09-30": "$9,810", "2011-06-30": "$9,207", "2011-03-31": "$7,574", "2010-12-31": "$7,415", "2010-09-30": "$6,780", "2010-06-30": "$7,963", "2010-03-31": "$9,072", "2009-12-31": "$6,718", "2009-09-30": "$8,468", "2009-06-30": "$5,197", "2009-03-31": "$2,897", "2008-12-31": "$-741", "2008-11-30": "$1,858", "2008-09-30": "$18,011", "2008-08-31": "$8,049", "2008-06-30": "$6,111", "2008-05-31": "$6,510", "2008-03-31": "$7,917", "2008-02-29": "$8,322", "2007-12-31": "$-1,998", "2007-11-30": "", "2007-08-31": "$7,958", "2007-05-31": "$10,524", "2007-02-28": "$9,994", "2006-11-30": "", "2006-08-31": "$7,064", "2006-05-31": "$8,704", "2006-02-28": "$8,552", "2005-11-30": "", "2005-08-31": "$6,947", "2005-05-31": "$6,031", "2005-02-28": "$6,838"}}, "gross-profit": {"Morgan Stanley Annual Gross Profit (Millions of US $)": {"2020": "$45,269", "2019": "$38,926", "2018": "$37,714", "2017": "$35,852", "2016": "$32,711", "2015": "$33,263", "2014": "$32,469", "2013": "$30,782", "2012": "$24,643", "2011": "$30,594", "2010": "$29,814", "2009": "$22,090", "2008": "$23,080", "2007": "$26,323", "2006": "$28,494", "2005": "$22,456"}, "Morgan Stanley Quarterly Gross Profit (Millions of US $)": {"2020-12-31": "$12,864", "2020-09-30": "$10,960", "2020-06-30": "$12,698", "2020-03-31": "$8,747", "2019-12-31": "$10,224", "2019-09-30": "$9,395", "2019-06-30": "$9,614", "2019-03-31": "$9,693", "2018-12-31": "$7,950", "2018-09-30": "$9,313", "2018-06-30": "$10,001", "2018-03-31": "$10,450", "2017-12-31": "$8,963", "2017-09-30": "$8,675", "2017-06-30": "$8,978", "2017-03-31": "$9,236", "2016-12-31": "$8,541", "2016-09-30": "$8,418", "2016-06-30": "$8,425", "2016-03-31": "$7,327", "2015-12-31": "$7,281", "2015-09-30": "$7,282", "2015-06-30": "$9,256", "2015-03-31": "$9,444", "2014-12-31": "$7,296", "2014-09-30": "$8,470", "2014-06-30": "$8,150", "2014-03-31": "$8,553", "2013-12-31": "$7,461", "2013-09-30": "$7,540", "2013-06-30": "$8,059", "2013-03-31": "$7,722", "2012-12-31": "$6,664", "2012-09-30": "$4,921", "2012-06-30": "$6,537", "2012-03-31": "$6,521", "2011-12-31": "$5,257", "2011-09-30": "$9,367", "2011-06-30": "$8,797", "2011-03-31": "$7,173", "2010-12-31": "$7,050", "2010-09-30": "$6,448", "2010-06-30": "$7,592", "2010-03-31": "$8,724", "2009-12-31": "$6,328", "2009-09-30": "$8,183", "2009-06-30": "$4,930", "2009-03-31": "$2,649", "2008-12-31": "$-954", "2008-11-30": "", "2008-09-30": "$17,617", "2008-08-31": "$7,671", "2008-06-30": "$5,690", "2008-05-31": "$6,062", "2008-03-31": "$7,447", "2008-02-29": "$7,878", "2007-12-31": "$-2,305", "2007-11-30": "", "2007-08-31": "$7,499", "2007-05-31": "$10,158", "2007-02-28": "$9,633", "2006-11-30": "", "2006-08-31": "$6,725", "2006-05-31": "$8,364", "2006-02-28": "$8,260", "2005-11-30": "", "2005-08-31": "$6,680", "2005-05-31": "$5,755", "2005-02-28": "$6,578"}}, "operating-income": {"Morgan Stanley Annual Operating Income (Millions of US $)": {"2020": "$14,418", "2019": "$11,301", "2018": "$11,237", "2017": "$10,403", "2016": "$8,848", "2015": "$8,495", "2014": "$3,591", "2013": "$4,558", "2012": "$596", "2011": "$6,110", "2010": "$6,198", "2009": "$1,130", "2008": "$2,287", "2007": "$3,394", "2006": "$9,064", "2005": "$6,316"}, "Morgan Stanley Quarterly Operating Income (Millions of US $)": {"2020-12-31": "$4,430", "2020-09-30": "$3,487", "2020-06-30": "$4,355", "2020-03-31": "$2,146", "2019-12-31": "$2,733", "2019-09-30": "$2,710", "2019-06-30": "$2,903", "2019-03-31": "$2,955", "2018-12-31": "$1,857", "2018-09-30": "$2,851", "2018-06-30": "$3,109", "2018-03-31": "$3,420", "2017-12-31": "$2,471", "2017-09-30": "$2,482", "2017-06-30": "$2,642", "2017-03-31": "$2,808", "2016-12-31": "$2,246", "2016-09-30": "$2,381", "2016-06-30": "$2,483", "2016-03-31": "$1,738", "2015-12-31": "$1,439", "2015-09-30": "$1,474", "2015-06-30": "$2,727", "2015-03-31": "$2,855", "2014-12-31": "$-2,931", "2014-09-30": "$2,220", "2014-06-30": "$1,932", "2014-03-31": "$2,370", "2013-12-31": "$-186", "2013-09-30": "$1,365", "2013-06-30": "$1,796", "2013-03-31": "$1,583", "2012-12-31": "$940", "2012-09-30": "$-1,483", "2012-06-30": "$937", "2012-03-31": "$202", "2011-12-31": "$-446", "2011-09-30": "$3,685", "2011-06-30": "$1,970", "2011-03-31": "$901", "2010-12-31": "$1,179", "2010-09-30": "$801", "2010-06-30": "$1,703", "2010-03-31": "$2,515", "2009-12-31": "$851", "2009-09-30": "$1,493", "2009-06-30": "$-584", "2009-03-31": "$-630", "2008-12-31": "$-3,354", "2008-11-30": "", "2008-09-30": "$10,681", "2008-08-31": "$1,948", "2008-06-30": "$886", "2008-05-31": "$1,446", "2008-03-31": "$2,038", "2008-02-29": "$2,214", "2007-12-31": "$-6,469", "2007-11-30": "", "2007-08-31": "$2,265", "2007-05-31": "$3,524", "2007-02-28": "$3,456", "2006-11-30": "", "2006-08-31": "$2,244", "2006-05-31": "$2,863", "2006-02-28": "$2,460", "2005-11-30": "", "2005-08-31": "$1,742", "2005-05-31": "$1,394", "2005-02-28": "$2,095"}}, "ebitda": {"Morgan Stanley Annual EBITDA (Millions of US $)": {"2019": "$13,944", "2018": "$13,081", "2017": "$12,156", "2016": "$10,584", "2015": "$9,928", "2014": "$4,752", "2013": "$6,069", "2012": "$2,177", "2011": "$7,514", "2010": "$7,617", "2009": "$2,354", "2008": "$3,081", "2007": "$3,869", "2006": "$9,940", "2005": "$7,131"}, "Morgan Stanley Quarterly EBITDA (Millions of US $)": {"2020-09-30": "$4,340", "2020-06-30": "$5,041", "2020-03-31": "$2,970", "2019-12-31": "$3,389", "2019-09-30": "$3,364", "2019-06-30": "$3,578", "2019-03-31": "$3,613", "2018-12-31": "$2,326", "2018-09-30": "$3,319", "2018-06-30": "$3,626", "2018-03-31": "$3,810", "2017-12-31": "$2,884", "2017-09-30": "$2,933", "2017-06-30": "$3,097", "2017-03-31": "$3,242", "2016-12-31": "$2,625", "2016-09-30": "$2,859", "2016-06-30": "$2,947", "2016-03-31": "$2,153", "2015-12-31": "$1,849", "2015-09-30": "$1,843", "2015-06-30": "$3,060", "2015-03-31": "$3,176", "2014-12-31": "$-2,518", "2014-09-30": "$2,356", "2014-06-30": "$2,218", "2014-03-31": "$2,696", "2013-12-31": "$241", "2013-09-30": "$1,733", "2013-06-30": "$2,152", "2013-03-31": "$1,943", "2012-12-31": "$1,303", "2012-09-30": "$-1,058", "2012-06-30": "$1,355", "2012-03-31": "$577", "2011-12-31": "$-229", "2011-09-30": "$4,113", "2011-06-30": "$2,350", "2011-03-31": "$1,280", "2010-12-31": "$761", "2010-09-30": "$1,447", "2010-06-30": "$2,740", "2010-03-31": "$2,669", "2009-12-31": "$1,246", "2009-09-30": "$1,959", "2009-06-30": "$-376", "2009-03-31": "$-475", "2008-12-31": "$-2,869", "2008-11-30": "$-1,836", "2008-09-30": "$10,752", "2008-08-31": "$2,019", "2008-06-30": "$1,043", "2008-05-31": "$1,603", "2008-03-31": "$2,119", "2008-02-29": "$2,295", "2007-12-31": "$-6,472", "2007-11-30": "", "2007-08-31": "$2,489", "2007-05-31": "$3,574", "2007-02-28": "$3,660", "2006-11-30": "", "2006-08-31": "$2,417", "2006-05-31": "$3,049", "2006-02-28": "$2,639", "2005-11-30": "", "2005-08-31": "$1,954", "2005-05-31": "$1,641", "2005-02-28": "$2,326"}}, "net-income": {"Morgan Stanley Annual Net Income (Millions of US $)": {"2020": "$10,500", "2019": "$8,512", "2018": "$8,222", "2017": "$5,588", "2016": "$5,508", "2015": "$5,671", "2014": "$3,152", "2013": "$2,655", "2012": "$-30", "2011": "$2,067", "2010": "$3,594", "2009": "$-907", "2008": "$1,588", "2007": "$3,141", "2006": "$7,453", "2005": "$4,939"}, "Morgan Stanley Quarterly Net Income (Millions of US $)": {"2020-12-31": "$3,266", "2020-09-30": "$2,597", "2020-06-30": "$3,047", "2020-03-31": "$1,590", "2019-12-31": "$2,085", "2019-09-30": "$2,060", "2019-06-30": "$2,031", "2019-03-31": "$2,336", "2018-12-31": "$1,361", "2018-09-30": "$2,019", "2018-06-30": "$2,267", "2018-03-31": "$2,575", "2017-12-31": "$473", "2017-09-30": "$1,688", "2017-06-30": "$1,587", "2017-03-31": "$1,840", "2016-12-31": "$1,510", "2016-09-30": "$1,518", "2016-06-30": "$1,425", "2016-03-31": "$1,055", "2015-12-31": "$753", "2015-09-30": "$939", "2015-06-30": "$1,665", "2015-03-31": "$2,314", "2014-12-31": "$-1,746", "2014-09-30": "$1,629", "2014-06-30": "$1,820", "2014-03-31": "$1,449", "2013-12-31": "$36", "2013-09-30": "$880", "2013-06-30": "$803", "2013-03-31": "$936", "2012-12-31": "$572", "2012-09-30": "$-1,047", "2012-06-30": "$564", "2012-03-31": "$-119", "2011-12-31": "$-264", "2011-09-30": "$2,153", "2011-06-30": "$-558", "2011-03-31": "$736", "2010-12-31": "$696", "2010-09-30": "$-91", "2010-06-30": "$1,578", "2010-03-31": "$1,411", "2009-12-31": "$429", "2009-09-30": "$498", "2009-06-30": "$-1,256", "2009-03-31": "$-578", "2008-12-31": "$-2,465", "2008-11-30": "", "2008-09-30": "$7,684", "2008-08-31": "$1,414", "2008-06-30": "$1,062", "2008-05-31": "$1,012", "2008-03-31": "$1,311", "2008-02-29": "$1,534", "2007-12-31": "$-3,770", "2007-11-30": "", "2007-08-31": "$1,526", "2007-05-31": "$2,565", "2007-02-28": "$2,655", "2006-11-30": "", "2006-08-31": "$1,851", "2006-05-31": "$1,841", "2006-02-28": "$1,574", "2005-11-30": "", "2005-08-31": "$144", "2005-05-31": "$928", "2005-02-28": "$1,402"}}, "eps-earnings-per-share-diluted": {"Morgan Stanley Annual EPS": {"2020": "$6.46", "2019": "$5.19", "2018": "$4.73", "2017": "$3.07", "2016": "$2.92", "2015": "$2.90", "2014": "$1.60", "2013": "$1.36", "2012": "$-0.02", "2011": "$1.23", "2010": "$2.63", "2009": "$-0.77", "2008": "$1.45", "2007": "$2.98", "2006": "$7.07", "2005": "$4.57"}, "Morgan Stanley Quarterly EPS": {"2020-12-31": "$1.81", "2020-09-30": "$1.66", "2020-06-30": "$1.96", "2020-03-31": "$1.01", "2019-12-31": "$1.30", "2019-09-30": "$1.27", "2019-06-30": "$1.23", "2019-03-31": "$1.39", "2018-12-31": "$0.81", "2018-09-30": "$1.17", "2018-06-30": "$1.30", "2018-03-31": "$1.45", "2017-12-31": "$0.27", "2017-09-30": "$0.93", "2017-06-30": "$0.87", "2017-03-31": "$1.00", "2016-12-31": "$0.81", "2016-09-30": "$0.81", "2016-06-30": "$0.75", "2016-03-31": "$0.55", "2015-12-31": "$0.39", "2015-09-30": "$0.48", "2015-06-30": "$0.85", "2015-03-31": "$1.18", "2014-12-31": "$-0.89", "2014-09-30": "$0.83", "2014-06-30": "$0.92", "2014-03-31": "$0.74", "2013-12-31": "$0.02", "2013-09-30": "$0.45", "2013-06-30": "$0.41", "2013-03-31": "$0.48", "2012-12-31": "$0.30", "2012-09-30": "$-0.55", "2012-06-30": "$0.29", "2012-03-31": "$-0.06", "2011-12-31": "$-0.04", "2011-09-30": "$1.15", "2011-06-30": "$-0.38", "2011-03-31": "$0.50", "2010-12-31": "$0.62", "2010-09-30": "$-0.07", "2010-06-30": "$1.09", "2010-03-31": "$0.99", "2009-12-31": "$0.52", "2009-09-30": "$0.38", "2009-06-30": "$-1.10", "2009-03-31": "$-0.57", "2008-12-31": "$-2.33", "2008-11-30": "$0.00", "2008-09-30": "$7.38", "2008-08-31": "$1.32", "2008-06-30": "$1.02", "2008-05-31": "$0.95", "2008-03-31": "$1.26", "2008-02-29": "$1.45", "2007-12-31": "$-3.50", "2007-11-30": "$0.00", "2007-08-31": "$1.44", "2007-05-31": "$2.45", "2007-02-28": "$2.51", "2006-11-30": "$0.00", "2006-08-31": "$1.75", "2006-05-31": "$1.75", "2006-02-28": "$1.48", "2005-11-30": "$0.00", "2005-08-31": "$0.13", "2005-05-31": "$0.86", "2005-02-28": "$1.29"}}, "shares-outstanding": {"Morgan Stanley Annual Shares Outstanding (Millions of Shares)": {"2020": "1,624", "2019": "1,640", "2018": "1,738", "2017": "1,821", "2016": "1,887", "2015": "1,953", "2014": "1,971", "2013": "1,957", "2012": "1,919", "2011": "1,675", "2010": "1,411", "2009": "1,185", "2008": "1,096", "2007": "1,054", "2006": "1,055", "2005": "1,080"}, "Morgan Stanley Quarterly Shares Outstanding (Millions of Shares)": {"2020-12-31": "1,802", "2020-09-30": "1,566", "2020-06-30": "1,557", "2020-03-31": "1,573", "2019-12-31": "1,640", "2019-09-30": "1,627", "2019-06-30": "1,655", "2019-03-31": "1,677", "2018-12-31": "1,738", "2018-09-30": "1,727", "2018-06-30": "1,748", "2018-03-31": "1,771", "2017-12-31": "1,821", "2017-09-30": "1,818", "2017-06-30": "1,830", "2017-03-31": "1,842", "2016-12-31": "1,887", "2016-09-30": "1,879", "2016-06-30": "1,899", "2016-03-31": "1,915", "2015-12-31": "1,953", "2015-09-30": "1,949", "2015-06-30": "1,960", "2015-03-31": "1,963", "2014-12-31": "1,971", "2014-09-30": "1,971", "2014-06-30": "1,970", "2014-03-31": "1,970", "2013-12-31": "1,957", "2013-09-30": "1,965", "2013-06-30": "1,951", "2013-03-31": "1,940", "2012-12-31": "1,919", "2012-09-30": "1,889", "2012-06-30": "1,912", "2012-03-31": "1,877", "2011-12-31": "1,675", "2011-09-30": "1,869", "2011-06-30": "1,464", "2011-03-31": "1,472", "2010-12-31": "1,411", "2010-09-30": "1,443", "2010-06-30": "1,748", "2010-03-31": "1,626", "2009-12-31": "1,185", "2009-09-30": "1,300", "2009-06-30": "1,138", "2009-03-31": "1,012", "2008-12-31": "1,073", "2008-11-30": "", "2008-09-30": "1,042", "2008-08-31": "1,072", "2008-06-30": "1,045", "2008-05-31": "1,067", "2008-03-31": "1,039", "2008-02-29": "1,058", "2007-12-31": "1,025", "2007-11-30": "", "2007-08-31": "1,057", "2007-05-31": "1,046", "2007-02-28": "1,058", "2006-11-30": "", "2006-08-31": "1,056", "2006-05-31": "1,055", "2006-02-28": "1,062", "2005-11-30": "", "2005-08-31": "1,072", "2005-05-31": "1,080", "2005-02-28": "1,090"}}, "total-assets": {"Morgan Stanley Annual Total Assets (Millions of US $)": {"2019": "$895,429", "2018": "$853,531", "2017": "$851,733", "2016": "$814,949", "2015": "$787,465", "2014": "$801,510", "2013": "$832,702", "2012": "$780,960", "2011": "$749,898", "2010": "$807,698", "2009": "$771,462", "2008": "$658,812", "2007": "$1,045,409", "2006": "$1,121,192", "2005": "$898,523"}, "Morgan Stanley Quarterly Total Assets (Millions of US $)": {"2020-09-30": "$955,940", "2020-06-30": "$975,363", "2020-03-31": "$947,795", "2019-12-31": "$895,429", "2019-09-30": "$902,604", "2019-06-30": "$891,959", "2019-03-31": "$875,964", "2018-12-31": "$853,531", "2018-09-30": "$865,517", "2018-06-30": "$875,875", "2018-03-31": "$858,495", "2017-12-31": "$851,733", "2017-09-30": "$853,693", "2017-06-30": "$841,016", "2017-03-31": "$832,391", "2016-12-31": "$814,949", "2016-09-30": "$813,891", "2016-06-30": "$828,873", "2016-03-31": "$807,497", "2015-12-31": "$787,465", "2015-09-30": "$834,113", "2015-06-30": "$825,755", "2015-03-31": "$829,099", "2014-12-31": "$801,510", "2014-09-30": "$814,511", "2014-06-30": "$826,568", "2014-03-31": "$831,381", "2013-12-31": "$832,702", "2013-09-30": "$832,223", "2013-06-30": "$802,691", "2013-03-31": "$801,383", "2012-12-31": "$780,960", "2012-09-30": "$764,985", "2012-06-30": "$748,517", "2012-03-31": "$781,030", "2011-12-31": "$749,898", "2011-09-30": "$794,939", "2011-06-30": "$830,747", "2011-03-31": "$836,185", "2010-12-31": "$807,698", "2010-09-30": "$841,372", "2010-06-30": "$809,456", "2010-03-31": "$819,719", "2009-12-31": "$771,462", "2009-09-30": "$769,503", "2009-06-30": "$676,957", "2009-03-31": "$626,023", "2008-12-31": "$676,764", "2008-11-30": "$659,035", "2008-09-30": "$0", "2008-08-31": "$987,403", "2008-06-30": "$0", "2008-05-31": "$1,031,228", "2008-03-31": "$0", "2008-02-29": "$1,090,896", "2007-12-31": "$0", "2007-11-30": "$1,045,409", "2007-08-31": "$1,185,131", "2007-05-31": "$1,199,993", "2007-02-28": "$1,182,061", "2006-11-30": "$1,121,192", "2006-08-31": "$1,028,872", "2006-05-31": "$1,027,043", "2006-02-28": "$959,613", "2005-11-30": "$898,523", "2005-08-31": "$837,391", "2005-05-31": "$818,711", "2005-02-28": "$802,210"}}, "cash-on-hand": {"Morgan Stanley Annual Cash on Hand (Millions of US $)": {"2019": "$276,944", "2018": "$302,031", "2017": "$288,663", "2016": "$304,551", "2015": "$284,156", "2014": "$328,903", "2013": "$367,431", "2012": "$348,265", "2011": "$345,646", "2010": "$370,315", "2009": "$380,068", "2008": "$301,521", "2007": "$536,316", "2006": "$590,177", "2005": "$531,672"}, "Morgan Stanley Quarterly Cash on Hand (Millions of US $)": {"2020-09-30": "$283,858", "2020-06-30": "$309,722", "2020-03-31": "$308,609", "2019-12-31": "$276,944", "2019-09-30": "$305,424", "2019-06-30": "$298,558", "2019-03-31": "$316,143", "2018-12-31": "$302,031", "2018-09-30": "$304,056", "2018-06-30": "$328,765", "2018-03-31": "$303,425", "2017-12-31": "$288,663", "2017-09-30": "$271,189", "2017-06-30": "$268,789", "2017-03-31": "$259,480", "2016-12-31": "$304,551", "2016-09-30": "$259,411", "2016-06-30": "$285,003", "2016-03-31": "$301,638", "2015-12-31": "$284,156", "2015-09-30": "$373,977", "2015-06-30": "$346,232", "2015-03-31": "$344,558", "2014-12-31": "$328,903", "2014-09-30": "$356,923", "2014-06-30": "$361,518", "2014-03-31": "$375,859", "2013-12-31": "$367,431", "2013-09-30": "$384,372", "2013-06-30": "$368,919", "2013-03-31": "$368,328", "2012-12-31": "$348,265", "2012-09-30": "$353,071", "2012-06-30": "$365,825", "2012-03-31": "$364,666", "2011-12-31": "$345,646", "2011-09-30": "$389,398", "2011-06-30": "$405,195", "2011-03-31": "$393,561", "2010-12-31": "$370,315", "2010-09-30": "$386,836", "2010-06-30": "$396,779", "2010-03-31": "$394,424", "2009-12-31": "$380,068", "2009-09-30": "$342,684", "2009-06-30": "$296,173", "2009-03-31": "$291,852", "2008-12-31": "$318,701", "2008-11-30": "$301,521", "2008-09-30": "", "2008-08-31": "$522,326", "2008-06-30": "", "2008-05-31": "$526,427", "2008-03-31": "", "2008-02-29": "$517,840", "2007-12-31": "", "2007-11-30": "$536,316", "2007-08-31": "$605,971", "2007-05-31": "$587,400", "2007-02-28": "$604,190", "2006-11-30": "$590,177", "2006-08-31": "$575,273", "2006-05-31": "$587,523", "2006-02-28": "$544,755", "2005-11-30": "$531,672", "2005-08-31": "$486,247", "2005-05-31": "$489,529", "2005-02-28": "$461,748"}}, "long-term-debt": {"Morgan Stanley Annual Long Term Debt (Millions of US $)": {"2019": "$192,627", "2018": "$189,662", "2017": "$192,582", "2016": "$165,716", "2015": "$153,768", "2014": "$152,772", "2013": "$153,575", "2012": "$169,571", "2011": "$184,234", "2010": "$192,457", "2009": "$193,374", "2008": "$163,437", "2007": "$190,624", "2006": "$144,978", "2005": "$110,465"}, "Morgan Stanley Quarterly Long Term Debt (Millions of US $)": {"2020-09-30": "$203,444", "2020-06-30": "$205,464", "2020-03-31": "$194,856", "2019-12-31": "$192,627", "2019-09-30": "$193,659", "2019-06-30": "$197,848", "2019-03-31": "$190,691", "2018-12-31": "$189,662", "2018-09-30": "$190,889", "2018-06-30": "$192,244", "2018-03-31": "$194,964", "2017-12-31": "$192,582", "2017-09-30": "$191,677", "2017-06-30": "$184,112", "2017-03-31": "$172,688", "2016-12-31": "$165,716", "2016-09-30": "$163,927", "2016-06-30": "$163,492", "2016-03-31": "$162,804", "2015-12-31": "$153,768", "2015-09-30": "$160,343", "2015-06-30": "$158,089", "2015-03-31": "$155,545", "2014-12-31": "$152,772", "2014-09-30": "$152,357", "2014-06-30": "$149,483", "2014-03-31": "$153,374", "2013-12-31": "$153,575", "2013-09-30": "$157,805", "2013-06-30": "$161,098", "2013-03-31": "$165,142", "2012-12-31": "$169,571", "2012-09-30": "$168,444", "2012-06-30": "$167,828", "2012-03-31": "$176,723", "2011-12-31": "$184,234", "2011-09-30": "$189,093", "2011-06-30": "$196,106", "2011-03-31": "$196,136", "2010-12-31": "$192,457", "2010-09-30": "$196,491", "2010-06-30": "$182,810", "2010-03-31": "$189,203", "2009-12-31": "$193,374", "2009-09-30": "$196,437", "2009-06-30": "$186,792", "2009-03-31": "$182,108", "2008-12-31": "$179,835", "2008-11-30": "$163,437", "2008-09-30": "", "2008-08-31": "$202,327", "2008-06-30": "", "2008-05-31": "$210,724", "2008-03-31": "", "2008-02-29": "$200,316", "2007-12-31": "", "2007-11-30": "$190,624", "2007-08-31": "$175,214", "2007-05-31": "$171,932", "2007-02-28": "$159,833", "2006-11-30": "$144,978", "2006-08-31": "$133,364", "2006-05-31": "$127,985", "2006-02-28": "$121,395", "2005-11-30": "$110,465", "2005-08-31": "$102,351", "2005-05-31": "$102,303", "2005-02-28": "$104,350"}}, "total-liabilities": {"Morgan Stanley Annual Total Liabilities (Millions of US $)": {"2019": "$812,732", "2018": "$772,125", "2017": "$773,267", "2016": "$737,772", "2015": "$711,281", "2014": "$729,406", "2013": "$763,672", "2012": "$715,532", "2011": "$679,820", "2010": "$742,291", "2009": "$718,682", "2008": "$607,981", "2007": "$1,014,140", "2006": "$1,085,828", "2005": "$869,341"}, "Morgan Stanley Quarterly Total Liabilities (Millions of US $)": {"2020-09-30": "$866,122", "2020-06-30": "$887,354", "2020-03-31": "$860,567", "2019-12-31": "$812,732", "2019-09-30": "$819,054", "2019-06-30": "$809,114", "2019-03-31": "$794,072", "2018-12-31": "$772,125", "2018-09-30": "$785,443", "2018-06-30": "$795,369", "2018-03-31": "$779,006", "2017-12-31": "$773,267", "2017-09-30": "$773,579", "2017-06-30": "$761,049", "2017-03-31": "$753,307", "2016-12-31": "$737,772", "2016-09-30": "$735,429", "2016-06-30": "$750,498", "2016-03-31": "$730,322", "2015-12-31": "$711,281", "2015-09-30": "$757,693", "2015-06-30": "$749,688", "2015-03-31": "$753,633", "2014-12-31": "$729,406", "2014-09-30": "$740,500", "2014-06-30": "$754,367", "2014-03-31": "$761,113", "2013-12-31": "$763,672", "2013-09-30": "$763,982", "2013-06-30": "$736,577", "2013-03-31": "$735,311", "2012-12-31": "$715,532", "2012-09-30": "$699,815", "2012-06-30": "$676,880", "2012-03-31": "$710,438", "2011-12-31": "$679,820", "2011-09-30": "$724,845", "2011-06-30": "$762,604", "2011-03-31": "$769,677", "2010-12-31": "$742,291", "2010-09-30": "$775,790", "2010-06-30": "$750,297", "2010-03-31": "$764,540", "2009-12-31": "$718,682", "2009-09-30": "$717,279", "2009-06-30": "$625,494", "2009-03-31": "$576,816", "2008-12-31": "$627,308", "2008-11-30": "$607,499", "2008-09-30": "", "2008-08-31": "$951,638", "2008-06-30": "", "2008-05-31": "$996,735", "2008-03-31": "", "2008-02-29": "$1,057,616", "2007-12-31": "", "2007-11-30": "$1,014,140", "2007-08-31": "$1,149,881", "2007-05-31": "$1,160,482", "2007-02-28": "$1,144,107", "2006-11-30": "$1,085,828", "2006-08-31": "$994,700", "2006-05-31": "$994,788", "2006-02-28": "$929,490", "2005-11-30": "$869,341", "2005-08-31": "$809,165", "2005-05-31": "$790,381", "2005-02-28": "$773,715"}}, "total-share-holder-equity": {"Morgan Stanley Annual Share Holder Equity (Millions of US $)": {"2019": "$82,697", "2018": "$81,406", "2017": "$78,466", "2016": "$77,177", "2015": "$76,184", "2014": "$72,104", "2013": "$69,030", "2012": "$65,428", "2011": "$70,078", "2010": "$65,407", "2009": "$52,780", "2008": "$50,831", "2007": "$31,269", "2006": "$35,364", "2005": "$29,182"}, "Morgan Stanley Quarterly Share Holder Equity (Millions of US $)": {"2020-09-30": "$89,818", "2020-06-30": "$88,009", "2020-03-31": "$87,228", "2019-12-31": "$82,697", "2019-09-30": "$83,550", "2019-06-30": "$82,845", "2019-03-31": "$81,892", "2018-12-31": "$81,406", "2018-09-30": "$80,074", "2018-06-30": "$80,506", "2018-03-31": "$79,489", "2017-12-31": "$78,466", "2017-09-30": "$80,114", "2017-06-30": "$79,967", "2017-03-31": "$79,084", "2016-12-31": "$77,177", "2016-09-30": "$78,462", "2016-06-30": "$78,375", "2016-03-31": "$77,175", "2015-12-31": "$76,184", "2015-09-30": "$76,420", "2015-06-30": "$76,067", "2015-03-31": "$75,466", "2014-12-31": "$72,104", "2014-09-30": "$74,011", "2014-06-30": "$72,201", "2014-03-31": "$70,268", "2013-12-31": "$69,030", "2013-09-30": "$68,241", "2013-06-30": "$66,114", "2013-03-31": "$66,072", "2012-12-31": "$65,428", "2012-09-30": "$65,170", "2012-06-30": "$71,637", "2012-03-31": "$70,592", "2011-12-31": "$70,078", "2011-09-30": "$70,094", "2011-06-30": "$68,143", "2011-03-31": "$66,508", "2010-12-31": "$65,407", "2010-09-30": "$65,582", "2010-06-30": "$59,159", "2010-03-31": "$55,179", "2009-12-31": "$52,780", "2009-09-30": "$52,224", "2009-06-30": "$51,463", "2009-03-31": "$49,207", "2008-12-31": "$49,456", "2008-11-30": "$51,536", "2008-09-30": "", "2008-08-31": "$35,765", "2008-06-30": "", "2008-05-31": "$34,493", "2008-03-31": "", "2008-02-29": "$33,280", "2007-12-31": "", "2007-11-30": "$31,269", "2007-08-31": "$35,250", "2007-05-31": "$39,511", "2007-02-28": "$37,954", "2006-11-30": "$35,364", "2006-08-31": "$34,172", "2006-05-31": "$32,255", "2006-02-28": "$30,123", "2005-11-30": "$29,182", "2005-08-31": "$28,226", "2005-05-31": "$28,330", "2005-02-28": "$28,495"}}, "profit-margins": {"current": "21.13%"}, "gross margin": {"2020-12-31": "93.92%", "2020-09-30": "93.87%", "2020-06-30": "93.77%", "2020-03-31": "93.50%", "2019-12-31": "93.98%", "2019-09-30": "93.72%", "2019-06-30": "93.89%", "2019-03-31": "94.00%", "2018-12-31": "94.03%", "2018-09-30": "94.32%", "2018-06-30": "94.32%", "2018-03-31": "94.37%", "2017-12-31": "94.48%", "2017-09-30": "94.57%", "2017-06-30": "94.61%", "2017-03-31": "94.63%", "2016-12-31": "94.46%", "2016-09-30": "94.31%", "2016-06-30": "94.13%", "2016-03-31": "94.27%", "2015-12-31": "94.62%", "2015-09-30": "94.59%", "2015-06-30": "94.89%", "2015-03-31": "94.81%", "2014-12-31": "94.73%", "2014-09-30": "94.91%", "2014-06-30": "94.83%", "2014-03-31": "94.82%", "2013-12-31": "94.73%", "2013-09-30": "94.73%", "2013-06-30": "94.44%", "2013-03-31": "94.31%", "2012-12-31": "94.14%", "2012-09-30": "93.76%", "2012-06-30": "94.44%", "2012-03-31": "94.82%", "2011-12-31": "94.93%", "2011-09-30": "95.24%", "2011-06-30": "95.13%", "2011-03-31": "95.06%", "2010-12-31": "95.47%", "2010-09-30": "95.28%", "2010-06-30": "95.67%", "2010-03-31": "95.62%", "2009-12-31": "94.89%", "2009-09-30": "93.60%", "2009-06-30": "71.92%", "2009-03-31": "87.68%", "2008-12-31": "89.54%", "2008-11-30": "91.03%", "2008-09-30": "95.76%", "2008-08-31": "93.99%", "2008-06-30": "93.82%", "2008-05-31": "91.96%", "2008-02-29": "91.53%", "2007-12-31": "93.13%", "2007-05-31": "96.14%", "2007-02-28": "95.96%", "2006-05-31": "96.29%", "2006-02-28": "96.12%"}, "operating margin": {"2020-12-31": "29.91%", "2020-09-30": "28.01%", "2020-06-30": "27.28%", "2020-03-31": "25.83%", "2019-12-31": "27.28%", "2019-09-30": "26.66%", "2019-06-30": "27.13%", "2019-03-31": "27.40%", "2018-12-31": "28.02%", "2018-09-30": "28.86%", "2018-06-30": "28.43%", "2018-03-31": "28.04%", "2017-12-31": "27.42%", "2017-09-30": "27.17%", "2017-06-30": "27.10%", "2017-03-31": "27.11%", "2016-12-31": "25.55%", "2016-09-30": "24.11%", "2016-06-30": "22.15%", "2016-03-31": "22.33%", "2015-12-31": "24.16%", "2015-09-30": "11.73%", "2015-06-30": "13.41%", "2015-03-31": "11.58%", "2014-12-31": "10.48%", "2014-09-30": "18.43%", "2014-06-30": "16.39%", "2014-03-31": "16.03%", "2013-12-31": "14.03%", "2013-09-30": "17.96%", "2013-06-30": "9.79%", "2013-03-31": "7.21%", "2012-12-31": "2.28%", "2012-09-30": "-3.19%", "2012-06-30": "14.94%", "2012-03-31": "17.14%", "2011-12-31": "18.96%", "2011-09-30": "22.75%", "2011-06-30": "15.66%", "2011-03-31": "15.42%", "2010-12-31": "19.85%", "2010-09-30": "19.23%", "2010-06-30": "20.37%", "2010-03-31": "14.51%", "2009-12-31": "4.85%", "2009-09-30": "-19.44%", "2009-06-30": "-49.59%", "2009-03-31": "30.41%", "2008-12-31": "34.13%", "2008-11-30": "39.72%", "2008-09-30": "38.68%", "2008-08-31": "22.10%", "2008-06-30": "22.81%", "2008-05-31": "-3.72%", "2008-02-29": "-13.93%", "2007-12-31": "-4.13%", "2007-05-31": "33.44%", "2007-02-28": "33.24%", "2006-05-31": "29.19%", "2006-02-28": "25.99%"}, "ebitda margin": {"2020-09-30": "34.66%", "2020-06-30": "33.72%", "2020-03-31": "32.74%", "2019-12-31": "33.67%", "2019-09-30": "32.94%", "2019-06-30": "32.96%", "2019-03-31": "32.77%", "2018-12-31": "32.62%", "2018-09-30": "33.22%", "2018-06-30": "32.82%", "2018-03-31": "32.40%", "2017-12-31": "32.04%", "2017-09-30": "31.75%", "2017-06-30": "31.80%", "2017-03-31": "31.91%", "2016-12-31": "30.56%", "2016-09-30": "29.41%", "2016-06-30": "27.30%", "2016-03-31": "26.95%", "2015-12-31": "28.24%", "2015-09-30": "15.81%", "2015-06-30": "16.72%", "2015-03-31": "14.87%", "2014-12-31": "13.86%", "2014-09-30": "21.85%", "2014-06-30": "20.60%", "2014-03-31": "20.46%", "2013-12-31": "18.68%", "2013-09-30": "22.53%", "2013-06-30": "14.98%", "2013-03-31": "12.93%", "2012-12-31": "8.32%", "2012-09-30": "2.60%", "2012-06-30": "19.84%", "2012-03-31": "21.57%", "2011-12-31": "23.32%", "2011-09-30": "25.01%", "2011-06-30": "18.85%", "2011-03-31": "20.95%", "2010-12-31": "24.39%", "2010-09-30": "26.54%", "2010-06-30": "26.73%", "2010-03-31": "18.67%", "2009-12-31": "10.11%", "2009-09-30": "-11.13%", "2009-06-30": "-60.32%", "2009-03-31": "25.30%", "2008-12-31": "29.68%", "2008-11-30": "35.20%", "2008-09-30": "39.86%", "2008-08-31": "23.73%", "2008-06-30": "24.46%", "2008-05-31": "-2.19%", "2008-02-29": "-11.82%", "2007-12-31": "-2.48%", "2007-05-31": "34.99%", "2007-02-28": "35.42%", "2006-05-31": "31.57%", "2006-02-28": "28.95%"}, "pre tax profit margin": {"2020-12-31": "29.91%", "2020-09-30": "28.01%", "2020-06-30": "27.28%", "2020-03-31": "25.83%", "2019-12-31": "27.28%", "2019-09-30": "26.66%", "2019-06-30": "27.13%", "2019-03-31": "27.40%", "2018-12-31": "28.02%", "2018-09-30": "28.86%", "2018-06-30": "28.43%", "2018-03-31": "28.04%", "2017-12-31": "27.42%", "2017-09-30": "27.17%", "2017-06-30": "27.10%", "2017-03-31": "27.11%", "2016-12-31": "25.55%", "2016-09-30": "24.11%", "2016-06-30": "22.15%", "2016-03-31": "22.33%", "2015-12-31": "24.16%", "2015-09-30": "11.73%", "2015-06-30": "13.41%", "2015-03-31": "11.58%", "2014-12-31": "10.48%", "2014-09-30": "18.43%", "2014-06-30": "16.39%", "2014-03-31": "16.03%", "2013-12-31": "14.03%", "2013-09-30": "17.96%", "2013-06-30": "9.79%", "2013-03-31": "7.21%", "2012-12-31": "2.28%", "2012-09-30": "-3.19%", "2012-06-30": "14.94%", "2012-03-31": "17.14%", "2011-12-31": "18.96%", "2011-09-30": "22.75%", "2011-06-30": "15.66%", "2011-03-31": "15.42%", "2010-12-31": "19.85%", "2010-09-30": "19.23%", "2010-06-30": "20.37%", "2010-03-31": "14.51%", "2009-12-31": "4.85%", "2009-09-30": "-25.76%", "2009-06-30": "-60.45%", "2009-03-31": "25.87%", "2008-12-31": "30.45%", "2008-11-30": "39.72%", "2008-09-30": "38.68%", "2008-08-31": "22.10%", "2008-06-30": "22.81%", "2008-05-31": "-3.72%", "2008-02-29": "-13.93%", "2007-12-31": "-4.13%", "2007-05-31": "33.44%", "2007-02-28": "33.24%", "2006-05-31": "29.19%", "2006-02-28": "25.99%"}, "net profit margin": {"2020-12-31": "21.79%", "2020-09-30": "20.52%", "2020-06-30": "20.05%", "2020-03-31": "19.12%", "2019-12-31": "20.55%", "2019-09-30": "19.91%", "2019-06-30": "19.89%", "2019-03-31": "20.30%", "2018-12-31": "20.50%", "2018-09-30": "17.86%", "2018-06-30": "17.34%", "2018-03-31": "16.10%", "2017-12-31": "14.73%", "2017-09-30": "17.68%", "2017-06-30": "17.36%", "2017-03-31": "17.20%", "2016-12-31": "15.90%", "2016-09-30": "14.25%", "2016-06-30": "12.95%", "2016-03-31": "13.35%", "2015-12-31": "16.13%", "2015-09-30": "9.02%", "2015-06-30": "10.63%", "2015-03-31": "11.42%", "2014-12-31": "9.20%", "2014-09-30": "14.35%", "2014-06-30": "12.52%", "2014-03-31": "9.50%", "2013-12-31": "8.17%", "2013-09-30": "10.08%", "2013-06-30": "4.36%", "2013-03-31": "3.74%", "2012-12-31": "-0.11%", "2012-09-30": "-3.49%", "2012-06-30": "7.96%", "2012-03-31": "3.84%", "2011-12-31": "6.41%", "2011-09-30": "8.90%", "2011-06-30": "2.53%", "2011-03-31": "9.82%", "2010-12-31": "11.51%", "2010-09-30": "10.90%", "2010-06-30": "12.15%", "2010-03-31": "3.67%", "2009-12-31": "-3.90%", "2009-09-30": "-24.03%", "2009-06-30": "-46.67%", "2009-03-31": "21.07%", "2008-12-31": "24.41%", "2008-11-30": "29.86%", "2008-09-30": "28.88%", "2008-08-31": "16.79%", "2008-06-30": "17.04%", "2008-05-31": "0.42%", "2008-02-29": "-4.97%", "2007-12-31": "1.95%", "2007-05-31": "25.64%", "2007-02-28": "24.64%", "2006-05-31": "14.70%", "2006-02-28": "12.29%"}, "pe ratio": {"current": "11.35", "2021-02-11": "15.92", "2020-12-31": "14.73", "2020-09-30": "8.05", "2020-06-30": "8.55", "2020-03-31": "6.87", "2019-12-31": "9.52", "2019-09-30": "8.72", "2019-06-30": "9.08", "2019-03-31": "8.56", "2018-12-31": "7.89", "2018-09-30": "10.32", "2018-06-30": "11.07", "2018-03-31": "14.07", "2017-12-31": "15.60", "2017-09-30": "12.20", "2017-06-30": "11.61", "2017-03-31": "11.51", "2016-12-31": "13.04", "2016-09-30": "11.49", "2016-06-30": "10.65", "2016-03-31": "9.75", "2015-12-31": "9.65", "2015-09-30": "9.26", "2015-06-30": "10.13", "2015-03-31": "9.04", "2014-12-31": "11.24", "2014-09-30": "11.53", "2014-06-30": "12.66", "2014-03-31": "16.02", "2013-12-31": "18.92", "2013-09-30": "14.41", "2013-06-30": "34.77", "2013-03-31": "39.01", "2012-12-31": "0.00", "2012-09-30": "0.00", "2012-06-30": "10.02", "2012-03-31": "29.53", "2011-12-31": "11.34", "2011-09-30": "6.74", "2011-06-30": "41.81", "2011-03-31": "11.81", "2010-12-31": "9.36", "2010-09-30": "8.92", "2010-06-30": "7.00", "2010-03-31": "43.31", "2009-12-31": "0.00", "2009-09-30": "0.00", "2009-06-30": "0.00", "2009-03-31": "0.00", "2008-12-31": "0.00", "2008-11-30": "5.27", "2008-09-30": "8.10", "2008-08-31": "13.61", "2008-06-30": "11.93", "2008-05-31": "0.00", "2008-03-31": "0.00", "2008-02-29": "0.00", "2007-12-31": "0.00", "2007-11-30": "0.00", "2007-08-31": "0.00", "2007-05-31": "0.00", "2007-02-28": "0.00", "2006-11-30": "0.00"}, "price sales": {"2021-02-11": "2.49", "2020-12-31": "2.30", "2020-09-30": "1.66", "2020-06-30": "1.73", "2020-03-31": "1.32", "2019-12-31": "1.97", "2019-09-30": "1.75", "2019-06-30": "1.82", "2019-03-31": "1.75", "2018-12-31": "1.62", "2018-09-30": "1.87", "2018-06-30": "1.94", "2018-03-31": "2.29", "2017-12-31": "2.32", "2017-09-30": "2.17", "2017-06-30": "2.03", "2017-03-31": "1.99", "2016-12-31": "2.08", "2016-09-30": "1.64", "2016-06-30": "1.38", "2016-03-31": "1.30", "2015-12-31": "1.56", "2015-09-30": "1.54", "2015-06-30": "1.83", "2015-03-31": "1.73", "2014-12-31": "1.93", "2014-09-30": "1.71", "2014-06-30": "1.64", "2014-03-31": "1.57", "2013-12-31": "1.62", "2013-09-30": "1.42", "2013-06-30": "1.39", "2013-03-31": "1.31", "2012-12-31": "1.18", "2012-09-30": "1.05", "2012-06-30": "0.77", "2012-03-31": "0.89", "2011-12-31": "0.63", "2011-09-30": "0.52", "2011-06-30": "0.90", "2011-03-31": "1.16", "2010-12-31": "1.13", "2010-09-30": "1.00", "2010-06-30": "0.86", "2010-03-31": "1.09", "2009-12-31": "1.25", "2009-09-30": "1.92", "2009-06-30": "3.49", "2009-03-31": "0.96", "2008-12-31": "0.54", "2008-11-30": "0.39", "2008-09-30": "0.50", "2008-08-31": "1.21", "2008-06-30": "1.04", "2008-05-31": "1.79", "2008-03-31": "2.66", "2008-02-29": "2.47", "2007-12-31": "2.66", "2007-11-30": "1.53", "2007-08-31": "1.80", "2007-05-31": "2.11", "2007-02-28": "1.99", "2006-11-30": "2.13"}, "price book": {"current": "1.65", "2021-02-11": "1.29", "2020-09-30": "0.84", "2020-06-30": "0.85", "2020-03-31": "0.60", "2019-12-31": "0.95", "2019-09-30": "0.80", "2019-06-30": "0.83", "2019-03-31": "0.82", "2018-12-31": "0.78", "2018-09-30": "0.94", "2018-06-30": "0.96", "2018-03-31": "1.11", "2017-12-31": "1.10", "2017-09-30": "1.00", "2017-06-30": "0.93", "2017-03-31": "0.91", "2016-12-31": "0.91", "2016-09-30": "0.69", "2016-06-30": "0.57", "2016-03-31": "0.56", "2015-12-31": "0.71", "2015-09-30": "0.70", "2015-06-30": "0.87", "2015-03-31": "0.81", "2014-12-31": "0.91", "2014-09-30": "0.79", "2014-06-30": "0.76", "2014-03-31": "0.75", "2013-12-31": "0.76", "2013-09-30": "0.66", "2013-06-30": "0.62", "2013-03-31": "0.56", "2012-12-31": "0.49", "2012-09-30": "0.43", "2012-06-30": "0.34", "2012-03-31": "0.46", "2011-12-31": "0.35", "2011-09-30": "0.31", "2011-06-30": "0.54", "2011-03-31": "0.53", "2010-12-31": "0.52", "2010-09-30": "0.47", "2010-06-30": "0.45", "2010-03-31": "0.61", "2009-12-31": "0.63", "2009-09-30": "0.66", "2009-06-30": "0.62", "2009-03-31": "0.41", "2008-12-31": "0.28", "2008-11-30": "0.24", "2008-09-30": "0.00", "2008-08-31": "1.01", "2008-06-30": "0.00", "2008-05-31": "1.13", "2008-03-31": "0.00", "2008-02-29": "1.10", "2007-12-31": "0.00", "2007-11-30": "0.00", "2007-08-31": "1.47", "2007-05-31": "1.47", "2007-02-28": "1.35", "2006-11-30": "0.00", "2006-08-31": "1.31", "2006-05-31": "1.27", "2006-02-28": "1.35"}, "price fcf": {"2021-02-11": "", "2020-09-30": "$-0.97", "2020-06-30": "$11.71", "2020-03-31": "$28.83", "2019-12-31": "$23.75", "2019-09-30": "$19.78", "2019-06-30": "$19.75", "2019-03-31": "$6.07", "2018-12-31": "$3.13", "2018-09-30": "$9.58", "2018-06-30": "$4.20", "2018-03-31": "$3.68", "2017-12-31": "$-3.37", "2017-09-30": "$-6.86", "2017-06-30": "$-14.20", "2017-03-31": "$0.02", "2016-12-31": "$2.18", "2016-09-30": "$5.28", "2016-06-30": "$9.89", "2016-03-31": "$5.84", "2015-12-31": "$-2.99", "2015-09-30": "$-8.16", "2015-06-30": "$-7.33", "2015-03-31": "$-9.19", "2014-12-31": "$0.05", "2014-09-30": "$12.77", "2014-06-30": "$10.84", "2014-03-31": "$17.47", "2013-12-31": "$17.22", "2013-09-30": "$8.71", "2013-06-30": "$12.44", "2013-03-31": "$10.25", "2012-12-31": "$12.22", "2012-09-30": "$14.75", "2012-06-30": "$21.34", "2012-03-31": "$13.73", "2011-12-31": "$8.40", "2011-09-30": "$20.39", "2011-06-30": "$7.34", "2011-03-31": "$13.86", "2010-12-31": "$27.93", "2010-09-30": "$11.97", "2010-06-30": "$13.45", "2010-03-31": "$4.96", "2009-12-31": "$-41.19", "2009-09-30": "$-39.02", "2009-06-30": "$-30.15", "2009-03-31": "$29.98", "2008-12-31": "$34.30", "2008-11-30": "$76.48", "2008-09-30": "$59.74", "2008-08-31": "$3.85", "2008-06-30": "$14.42", "2008-05-31": "$-52.26", "2008-03-31": "$-38.28", "2008-02-29": "$-26.86", "2007-12-31": "$5.61", "2007-11-30": "$-0.00", "2007-08-31": "$37.13", "2007-05-31": "$23.20", "2007-02-28": "$-8.86", "2006-11-30": "0"}, "net worth": {"value": "$134.31B"}, "current ratio": {"2020-12-31": "0.00", "2020-09-30": "0.76", "2020-06-30": "0.75", "2020-03-31": "0.80", "2019-12-31": "0.75", "2019-09-30": "0.78", "2019-06-30": "0.77", "2019-03-31": "0.80", "2018-12-31": "0.81", "2018-09-30": "0.80", "2018-06-30": "0.83", "2018-03-31": "0.82", "2017-12-31": "0.77", "2017-09-30": "0.74", "2017-06-30": "0.73", "2017-03-31": "0.70", "2016-12-31": "0.78", "2016-09-30": "0.71", "2016-06-30": "0.73", "2016-03-31": "0.77", "2015-12-31": "0.75", "2015-09-30": "0.84", "2015-06-30": "0.81", "2015-03-31": "0.79", "2014-12-31": "0.77", "2014-09-30": "0.80", "2014-06-30": "0.78", "2014-03-31": "0.79", "2013-12-31": "0.77", "2013-09-30": "0.79", "2013-06-30": "0.81", "2013-03-31": "0.82", "2012-12-31": "0.82", "2012-09-30": "0.84", "2012-06-30": "0.87", "2012-03-31": "0.82", "2011-12-31": "0.83", "2011-09-30": "0.85", "2011-06-30": "0.84", "2011-03-31": "0.81", "2010-12-31": "0.79", "2010-09-30": "0.78", "2010-06-30": "0.80", "2010-03-31": "0.77", "2009-12-31": "0.82", "2009-09-30": "0.75", "2009-06-30": "0.79", "2009-03-31": "0.86", "2008-12-31": "0.82", "2008-11-30": "0.80", "2008-09-30": "0.00", "2008-08-31": "0.79", "2008-06-30": "0.00", "2008-05-31": "0.78", "2008-03-31": "0.00", "2008-02-29": "0.72", "2007-12-31": "0.00", "2007-11-30": "0.79", "2007-08-31": "0.76", "2007-05-31": "0.78", "2007-02-28": "0.75", "2006-11-30": "0.77", "2006-08-31": "0.78", "2006-05-31": "0.80", "2006-02-28": "0.81", "2005-11-30": "0.81", "2005-08-31": "0.81", "2005-05-31": "0.82", "2005-02-28": "0.83"}, "quick ratio": {"2020-12-31": "0.00", "2020-09-30": "0.00", "2020-06-30": "0.00", "2020-03-31": "0.00", "2019-12-31": "0.00", "2019-09-30": "0.00", "2019-06-30": "0.00", "2019-03-31": "0.00", "2018-12-31": "0.00", "2018-09-30": "0.00", "2018-06-30": "0.00", "2018-03-31": "0.00", "2017-12-31": "0.00", "2017-09-30": "0.00", "2017-06-30": "0.00", "2017-03-31": "0.00", "2016-12-31": "0.00", "2016-09-30": "0.00", "2016-06-30": "0.00", "2016-03-31": "0.00", "2015-12-31": "0.00", "2015-09-30": "0.00", "2015-06-30": "0.00", "2015-03-31": "0.00", "2014-12-31": "0.00", "2014-09-30": "0.00", "2014-06-30": "0.00", "2014-03-31": "0.00", "2013-12-31": "0.00", "2013-09-30": "0.00", "2013-06-30": "0.00", "2013-03-31": "0.00", "2012-12-31": "0.00", "2012-09-30": "0.00", "2012-06-30": "0.00", "2012-03-31": "0.00", "2011-12-31": "0.00", "2011-09-30": "0.00", "2011-06-30": "0.00", "2011-03-31": "0.00", "2010-12-31": "0.00", "2010-09-30": "0.00", "2010-06-30": "0.00", "2010-03-31": "0.00", "2009-12-31": "0.00", "2009-09-30": "0.00", "2009-06-30": "0.00", "2009-03-31": "0.00", "2008-12-31": "0.00", "2008-11-30": "0.00", "2008-09-30": "0.00", "2008-08-31": "0.00", "2008-06-30": "0.00", "2008-05-31": "0.00", "2008-03-31": "0.00", "2008-02-29": "0.00", "2007-12-31": "0.00", "2007-11-30": "0.00", "2007-08-31": "0.00", "2007-05-31": "0.00", "2007-02-28": "0.00", "2006-11-30": "0.00", "2006-08-31": "0.00", "2006-05-31": "0.00", "2006-02-28": "0.00", "2005-11-30": "0.00", "2005-08-31": "0.00", "2005-05-31": "0.00", "2005-02-28": "0.00"}, "debt equity ratio": {"current": "2.50", "2020-12-31": "0.00", "2020-09-30": "9.64", "2020-06-30": "10.08", "2020-03-31": "9.87", "2019-12-31": "9.83", "2019-09-30": "9.80", "2019-06-30": "9.77", "2019-03-31": "9.70", "2018-12-31": "9.49", "2018-09-30": "9.81", "2018-06-30": "9.88", "2018-03-31": "9.80", "2017-12-31": "9.86", "2017-09-30": "9.66", "2017-06-30": "9.52", "2017-03-31": "9.53", "2016-12-31": "9.56", "2016-09-30": "9.37", "2016-06-30": "9.58", "2016-03-31": "9.46", "2015-12-31": "9.34", "2015-09-30": "9.92", "2015-06-30": "9.86", "2015-03-31": "9.99", "2014-12-31": "10.12", "2014-09-30": "10.01", "2014-06-30": "10.45", "2014-03-31": "10.83", "2013-12-31": "11.06", "2013-09-30": "11.20", "2013-06-30": "11.14", "2013-03-31": "11.13", "2012-12-31": "10.94", "2012-09-30": "10.74", "2012-06-30": "9.45", "2012-03-31": "10.06", "2011-12-31": "9.70", "2011-09-30": "10.34", "2011-06-30": "11.19", "2011-03-31": "11.57", "2010-12-31": "11.35", "2010-09-30": "11.83", "2010-06-30": "12.68", "2010-03-31": "13.86", "2009-12-31": "13.62", "2009-09-30": "13.74", "2009-06-30": "12.15", "2009-03-31": "11.72", "2008-12-31": "12.68", "2008-11-30": "11.79", "2008-09-30": "0.00", "2008-08-31": "26.61", "2008-06-30": "0.00", "2008-05-31": "28.90", "2008-03-31": "0.00", "2008-02-29": "31.78", "2007-12-31": "0.00", "2007-11-30": "32.43", "2007-08-31": "32.62", "2007-05-31": "29.37", "2007-02-28": "30.15", "2006-11-30": "30.70", "2006-08-31": "29.11", "2006-05-31": "30.84", "2006-02-28": "30.86", "2005-11-30": "29.79", "2005-08-31": "28.67", "2005-05-31": "27.90", "2005-02-28": "27.15"}, "return on equity": {"2020-12-31": "15.85%", "2020-09-30": "10.72%", "2020-06-30": "10.29%", "2020-03-31": "9.24%", "2019-12-31": "10.29%", "2019-09-30": "9.45%", "2019-06-30": "9.50%", "2019-03-31": "9.86%", "2018-12-31": "10.23%", "2018-09-30": "9.21%", "2018-06-30": "8.79%", "2018-03-31": "7.95%", "2017-12-31": "7.04%", "2017-09-30": "8.38%", "2017-06-30": "8.20%", "2017-03-31": "8.04%", "2016-12-31": "7.08%", "2016-09-30": "6.13%", "2016-06-30": "5.42%", "2016-03-31": "5.77%", "2015-12-31": "7.46%", "2015-09-30": "4.23%", "2015-06-30": "5.19%", "2015-03-31": "5.47%", "2014-12-31": "4.37%", "2014-09-30": "6.91%", "2014-06-30": "5.98%", "2014-03-31": "4.63%", "2013-12-31": "3.94%", "2013-09-30": "4.80%", "2013-06-30": "1.92%", "2013-03-31": "1.53%", "2012-12-31": "-0.04%", "2012-09-30": "-1.25%", "2012-06-30": "3.31%", "2012-03-31": "1.74%", "2011-12-31": "3.01%", "2011-09-30": "4.48%", "2011-06-30": "1.18%", "2011-03-31": "4.55%", "2010-12-31": "5.86%", "2010-09-30": "5.72%", "2010-06-30": "7.14%", "2010-03-31": "2.04%", "2009-12-31": "-1.76%", "2009-09-30": "-7.51%", "2009-03-31": "12.36%", "2008-12-31": "19.40%", "2008-09-30": "63.61%", "2008-08-31": "27.32%", "2008-06-30": "29.03%", "2008-05-31": "0.51%", "2008-02-29": "-2.85%", "2007-12-31": "1.21%", "2007-05-31": "19.24%", "2007-02-28": "18.17%", "2006-05-31": "11.88%", "2006-02-28": "9.14%"}, "return on assets": {"2020-12-31": "1.46%", "2020-09-30": "0.99%", "2020-06-30": "0.94%", "2020-03-31": "0.85%", "2019-12-31": "0.95%", "2019-09-30": "0.88%", "2019-06-30": "0.89%", "2019-03-31": "0.92%", "2018-12-31": "0.95%", "2018-09-30": "0.85%", "2018-06-30": "0.81%", "2018-03-31": "0.74%", "2017-12-31": "0.66%", "2017-09-30": "0.79%", "2017-06-30": "0.78%", "2017-03-31": "0.77%", "2016-12-31": "0.67%", "2016-09-30": "0.59%", "2016-06-30": "0.51%", "2016-03-31": "0.54%", "2015-12-31": "0.69%", "2015-09-30": "0.39%", "2015-06-30": "0.47%", "2015-03-31": "0.49%", "2014-12-31": "0.39%", "2014-09-30": "0.60%", "2014-06-30": "0.50%", "2014-03-31": "0.38%", "2013-12-31": "0.32%", "2013-09-30": "0.40%", "2013-06-30": "0.16%", "2013-03-31": "0.13%", "2012-12-31": "0.00%", "2012-09-30": "-0.11%", "2012-06-30": "0.30%", "2012-03-31": "0.15%", "2011-12-31": "0.26%", "2011-09-30": "0.37%", "2011-06-30": "0.09%", "2011-03-31": "0.35%", "2010-12-31": "0.44%", "2010-09-30": "0.41%", "2010-06-30": "0.49%", "2010-03-31": "0.14%", "2009-12-31": "-0.13%", "2009-09-30": "-0.55%", "2009-03-31": "0.95%", "2008-12-31": "1.14%", "2008-09-30": "2.21%", "2008-08-31": "0.95%", "2008-06-30": "0.93%", "2008-05-31": "0.02%", "2008-02-29": "-0.09%", "2007-12-31": "0.04%", "2007-05-31": "0.62%", "2007-02-28": "0.58%", "2006-05-31": "0.38%", "2006-02-28": "0.30%"}, "return on investments": {"2020-12-31": "6.64%", "2020-09-30": "4.45%", "2020-06-30": "4.24%", "2020-03-31": "3.76%", "2019-12-31": "4.09%", "2019-09-30": "3.79%", "2019-06-30": "3.86%", "2019-03-31": "3.96%", "2018-12-31": "4.13%", "2018-09-30": "4.35%", "2018-06-30": "4.21%", "2018-03-31": "4.07%", "2017-12-31": "3.93%", "2017-09-30": "3.95%", "2017-06-30": "4.03%", "2017-03-31": "4.05%", "2016-12-31": "3.66%", "2016-09-30": "3.37%", "2016-06-30": "3.01%", "2016-03-31": "3.14%", "2015-12-31": "3.65%", "2015-09-30": "1.78%", "2015-06-30": "2.13%", "2015-03-31": "1.80%", "2014-12-31": "1.60%", "2014-09-30": "2.83%", "2014-06-30": "2.45%", "2014-03-31": "2.38%", "2013-12-31": "2.01%", "2013-09-30": "2.47%", "2013-06-30": "1.22%", "2013-03-31": "0.84%", "2012-12-31": "0.25%", "2012-09-30": "-0.32%", "2012-06-30": "1.75%", "2012-03-31": "2.11%", "2011-12-31": "2.35%", "2011-09-30": "2.96%", "2011-06-30": "1.85%", "2011-03-31": "1.79%", "2010-12-31": "2.46%", "2010-09-30": "2.36%", "2010-06-30": "2.68%", "2010-03-31": "1.75%", "2009-12-31": "0.47%", "2009-09-30": "-1.30%", "2009-03-31": "3.97%", "2008-12-31": "5.44%", "2008-09-30": "12.38%", "2008-08-31": "5.23%", "2008-06-30": "5.50%", "2008-05-31": "-0.64%", "2008-02-29": "-1.20%", "2007-12-31": "-0.42%", "2007-05-31": "4.87%", "2007-02-28": "4.85%", "2006-05-31": "4.86%", "2006-02-28": "4.05%"}, "return on tangible equity": {"2020-09-30": "11.99%", "2020-06-30": "11.54%", "2020-03-31": "10.38%", "2019-12-31": "11.57%", "2019-09-30": "10.62%", "2019-06-30": "10.68%", "2019-03-31": "11.08%", "2018-12-31": "11.52%", "2018-09-30": "10.39%", "2018-06-30": "9.92%", "2018-03-31": "8.98%", "2017-12-31": "7.95%", "2017-09-30": "9.48%", "2017-06-30": "9.30%", "2017-03-31": "9.13%", "2016-12-31": "8.05%", "2016-09-30": "6.98%", "2016-06-30": "6.18%", "2016-03-31": "6.60%", "2015-12-31": "8.54%", "2015-09-30": "4.86%", "2015-06-30": "5.97%", "2015-03-31": "6.30%", "2014-12-31": "5.05%", "2014-09-30": "8.01%", "2014-06-30": "6.97%", "2014-03-31": "5.42%", "2013-12-31": "4.64%", "2013-09-30": "5.68%", "2013-06-30": "2.28%", "2013-03-31": "1.81%", "2012-12-31": "-0.05%", "2012-09-30": "-1.48%", "2012-06-30": "3.91%", "2012-03-31": "2.07%", "2011-12-31": "3.59%", "2011-09-30": "5.38%", "2011-06-30": "1.42%", "2011-03-31": "5.54%", "2010-12-31": "7.24%", "2010-09-30": "7.19%", "2010-06-30": "9.18%", "2010-03-31": "2.67%", "2009-12-31": "-2.19%", "2009-09-30": "-8.89%", "2009-03-31": "13.19%", "2008-12-31": "20.99%", "2008-09-30": "71.65%", "2008-08-31": "30.78%", "2008-06-30": "32.89%", "2008-05-31": "0.58%", "2008-02-29": "-3.22%", "2007-12-31": "1.36%", "2007-05-31": "21.39%", "2007-02-28": "20.12%", "2006-05-31": "13.07%", "2006-02-28": "10.04%"}, "dividend yield history": {"last payout": "$1.40", "last yield": "1.89%"}}