{"ticker": "MSM", "price": {"title": "MSC Industrial Direct Historical Annual Stock Price Data", "value": 85.64, "historical": {"2021": {"Average Stock Price": "82.2146", "Year Open": "81.6800", "Year High": "85.6400", "Year Low": "77.5700", "Year Close": "85.6400", "Annual % Change": "1.48%"}, "2020": {"Average Stock Price": "68.4600", "Year Open": "78.7700", "Year High": "87.3300", "Year Low": "46.7000", "Year Close": "84.3900", "Annual % Change": "7.54%"}, "2019": {"Average Stock Price": "75.7667", "Year Open": "75.8500", "Year High": "86.3100", "Year Low": "65.7100", "Year Close": "78.4700", "Annual % Change": "2.02%"}, "2018": {"Average Stock Price": "87.7607", "Year Open": "97.1900", "Year High": "99.2600", "Year Low": "73.6300", "Year Close": "76.9200", "Annual % Change": "-20.42%"}, "2017": {"Average Stock Price": "86.2896", "Year Open": "92.4200", "Year High": "105.5000", "Year Low": "65.6200", "Year Close": "96.6600", "Annual % Change": "4.62%"}, "2016": {"Average Stock Price": "74.1415", "Year Open": "56.5300", "Year High": "94.7300", "Year Low": "56.5300", "Year Close": "92.3900", "Annual % Change": "64.19%"}, "2015": {"Average Stock Price": "68.5247", "Year Open": "81.2400", "Year High": "81.2400", "Year Low": "55.0100", "Year Close": "56.2700", "Annual % Change": "-30.74%"}, "2014": {"Average Stock Price": "86.6456", "Year Open": "80.7400", "Year High": "96.1300", "Year Low": "77.0400", "Year Close": "81.2500", "Annual % Change": "0.47%"}, "2013": {"Average Stock Price": "80.4013", "Year Open": "77.0000", "Year High": "87.7900", "Year Low": "73.6500", "Year Close": "80.8700", "Annual % Change": "7.28%"}, "2012": {"Average Stock Price": "72.7914", "Year Open": "71.4900", "Year High": "84.2700", "Year Low": "61.9000", "Year Close": "75.3800", "Annual % Change": "5.35%"}, "2011": {"Average Stock Price": "64.7700", "Year Open": "65.6000", "Year High": "75.0400", "Year Low": "50.1700", "Year Close": "71.5500", "Annual % Change": "10.60%"}, "2010": {"Average Stock Price": "52.4338", "Year Open": "47.5300", "Year High": "65.8100", "Year Low": "43.1900", "Year Close": "64.6900", "Annual % Change": "37.64%"}, "2009": {"Average Stock Price": "38.9191", "Year Open": "38.8900", "Year High": "48.3900", "Year Low": "27.4300", "Year Close": "47.0000", "Annual % Change": "27.61%"}, "2008": {"Average Stock Price": "42.8753", "Year Open": "39.5500", "Year High": "54.5000", "Year Low": "28.3500", "Year Close": "36.8300", "Annual % Change": "-8.99%"}, "2007": {"Average Stock Price": "48.0138", "Year Open": "40.4800", "Year High": "57.3300", "Year Low": "39.3500", "Year Close": "40.4700", "Annual % Change": "3.37%"}, "2006": {"Average Stock Price": "44.0731", "Year Open": "41.5500", "Year High": "54.7200", "Year Low": "37.4400", "Year Close": "39.1500", "Annual % Change": "-2.66%"}, "2005": {"Average Stock Price": "33.8136", "Year Open": "35.2000", "Year High": "40.5900", "Year Low": "26.8700", "Year Close": "40.2200", "Annual % Change": "11.78%"}, "2004": {"Average Stock Price": "31.1698", "Year Open": "27.5600", "Year High": "36.5900", "Year Low": "26.8000", "Year Close": "35.9800", "Annual % Change": "30.84%"}, "2003": {"Average Stock Price": "20.4043", "Year Open": "17.9500", "Year High": "27.7700", "Year Low": "15.9900", "Year Close": "27.5000", "Annual % Change": "54.93%"}, "2002": {"Average Stock Price": "17.3664", "Year Open": "19.2500", "Year High": "23.9000", "Year Low": "10.2600", "Year Close": "17.7500", "Annual % Change": "-10.13%"}, "2001": {"Average Stock Price": "16.9454", "Year Open": "17.1200", "Year High": "20.2300", "Year Low": "14.3600", "Year Close": "19.7500", "Annual % Change": "9.36%"}, "2000": {"Average Stock Price": "16.5897", "Year Open": "13.5000", "Year High": "23.0600", "Year Low": "11.6200", "Year Close": "18.0600", "Annual % Change": "36.30%"}, "1999": {"Average Stock Price": "14.4541", "Year Open": "23.0000", "Year High": "26.2500", "Year Low": "7.7500", "Year Close": "13.2500", "Annual % Change": "-41.42%"}, "1998": {"Average Stock Price": "23.9318", "Year Open": "20.9400", "Year High": "33.1200", "Year Low": "14.0000", "Year Close": "22.6200", "Annual % Change": "7.71%"}, "1997": {"Average Stock Price": "19.1886", "Year Open": "18.1900", "Year High": "23.0000", "Year Low": "14.0000", "Year Close": "21.0000", "Annual % Change": "13.51%"}, "1996": {"Average Stock Price": "16.1163", "Year Open": "13.2500", "Year High": "19.5600", "Year Low": "12.3100", "Year Close": "18.5000", "Annual % Change": "34.55%"}}}, "market cap": {"value": "$4.78B"}, "income statement": {"Revenue": {"2020-08-31": "3192.39900", "2019-08-31": "3363.81700", "2018-08-31": "3203.87800", "2017-08-31": "2887.74400", "2016-08-31": "2863.50500", "2015-08-31": "2910.37900", "2014-08-31": "2787.12200", "2013-08-31": "2457.64900", "2012-08-31": "2355.91800", "2011-08-31": "2021.79200", "2010-08-31": "1692.04100", "2009-08-31": "1489.51800", "2008-08-31": "1779.84100", "2007-08-31": "1688.18600", "2006-08-31": "1317.51900", "2005-08-31": "1099.91500"}, "Cost Of Goods Sold": {"2020-08-31": "1849.07700", "2019-08-31": "1931.77400", "2018-08-31": "1810.91700", "2017-08-31": "1601.49700", "2016-08-31": "1574.64700", "2015-08-31": "1593.80400", "2014-08-31": "1500.86600", "2013-08-31": "1339.13300", "2012-08-31": "1277.71500", "2011-08-31": "1080.86700", "2010-08-31": "925.10200", "2009-08-31": "801.67300", "2008-08-31": "957.32900", "2007-08-31": "907.69700", "2006-08-31": "704.05900", "2005-08-31": "595.84000"}, "Gross Profit": {"2020-08-31": "1343.32200", "2019-08-31": "1432.04300", "2018-08-31": "1392.96100", "2017-08-31": "1286.24700", "2016-08-31": "1288.85800", "2015-08-31": "1316.57500", "2014-08-31": "1286.25600", "2013-08-31": "1118.51600", "2012-08-31": "1078.20300", "2011-08-31": "940.92500", "2010-08-31": "766.93900", "2009-08-31": "687.84500", "2008-08-31": "822.51200", "2007-08-31": "780.48900", "2006-08-31": "613.46000", "2005-08-31": "504.07500"}, "Research And Development Expenses": {"2020-08-31": "", "2019-08-31": "", "2018-08-31": "", "2017-08-31": "", "2016-08-31": "", "2015-08-31": "", "2014-08-31": "", "2013-08-31": "", "2012-08-31": "", "2011-08-31": "", "2010-08-31": "", "2009-08-31": "", "2008-08-31": "", "2007-08-31": "", "2006-08-31": "", "2005-08-31": ""}, "SG&A Expenses": {"2020-08-31": "992.58200", "2019-08-31": "1032.04700", "2018-08-31": "972.40800", "2017-08-31": "907.24700", "2016-08-31": "912.89800", "2015-08-31": "937.04600", "2014-08-31": "903.07200", "2013-08-31": "732.99000", "2012-08-31": "665.98700", "2011-08-31": "591.16000", "2010-08-31": "525.12000", "2009-08-31": "483.12700", "2008-08-31": "502.98400", "2007-08-31": "489.60600", "2006-08-31": "392.59400", "2005-08-31": "326.41500"}, "Other Operating Income Or Expenses": {"2020-08-31": "", "2019-08-31": "", "2018-08-31": "", "2017-08-31": "", "2016-08-31": "", "2015-08-31": "", "2014-08-31": "", "2013-08-31": "", "2012-08-31": "", "2011-08-31": "", "2010-08-31": "", "2009-08-31": "", "2008-08-31": "", "2007-08-31": "", "2006-08-31": "", "2005-08-31": ""}, "Operating Expenses": {"2020-08-31": "2841.65900", "2019-08-31": "2963.82100", "2018-08-31": "2783.32500", "2017-08-31": "2508.74400", "2016-08-31": "2487.54500", "2015-08-31": "2530.85000", "2014-08-31": "2403.93800", "2013-08-31": "2072.12300", "2012-08-31": "1943.70200", "2011-08-31": "1672.02700", "2010-08-31": "1450.22200", "2009-08-31": "1284.80000", "2008-08-31": "1460.31300", "2007-08-31": "1397.30300", "2006-08-31": "1096.65300", "2005-08-31": "922.25500"}, "Operating Income": {"2020-08-31": "350.74000", "2019-08-31": "399.99580", "2018-08-31": "420.55300", "2017-08-31": "379.00000", "2016-08-31": "375.96000", "2015-08-31": "379.52880", "2014-08-31": "383.18410", "2013-08-31": "385.52590", "2012-08-31": "412.21610", "2011-08-31": "349.76510", "2010-08-31": "241.81910", "2009-08-31": "204.71790", "2008-08-31": "319.52800", "2007-08-31": "290.88310", "2006-08-31": "220.86600", "2005-08-31": "177.66000"}, "Total Non-Operating Income/Expense": {"2020-08-31": "-16.49000", "2019-08-31": "-16.86700", "2018-08-31": "-14.36400", "2017-08-31": "-11.00800", "2016-08-31": "-4.22900", "2015-08-31": "-6.38800", "2014-08-31": "-3.65900", "2013-08-31": "-2.09700", "2012-08-31": "-0.07400", "2011-08-31": "-0.43500", "2010-08-31": "-0.99100", "2009-08-31": "-2.77800", "2008-08-31": "-6.16900", "2007-08-31": "-11.38900", "2006-08-31": "0.90400", "2005-08-31": "4.09400"}, "Pre-Tax Income": {"2020-08-31": "334.25000", "2019-08-31": "383.12900", "2018-08-31": "406.18900", "2017-08-31": "367.99200", "2016-08-31": "371.73100", "2015-08-31": "373.14100", "2014-08-31": "379.52500", "2013-08-31": "383.42900", "2012-08-31": "412.14200", "2011-08-31": "349.33000", "2010-08-31": "240.82800", "2009-08-31": "201.94000", "2008-08-31": "313.35900", "2007-08-31": "279.49400", "2006-08-31": "221.77000", "2005-08-31": "181.75400"}, "Income Taxes": {"2020-08-31": "82.49200", "2019-08-31": "94.33200", "2018-08-31": "76.96600", "2017-08-31": "136.56100", "2016-08-31": "140.51500", "2015-08-31": "141.83300", "2014-08-31": "143.45800", "2013-08-31": "145.43400", "2012-08-31": "153.11100", "2011-08-31": "130.54400", "2010-08-31": "90.45500", "2009-08-31": "76.81800", "2008-08-31": "117.11600", "2007-08-31": "105.56400", "2006-08-31": "85.38100", "2005-08-31": "69.48400"}, "Income After Taxes": {"2020-08-31": "251.75800", "2019-08-31": "288.79700", "2018-08-31": "329.22300", "2017-08-31": "231.43100", "2016-08-31": "231.21600", "2015-08-31": "231.30800", "2014-08-31": "236.06700", "2013-08-31": "237.99500", "2012-08-31": "259.03100", "2011-08-31": "218.78600", "2010-08-31": "150.37300", "2009-08-31": "125.12200", "2008-08-31": "196.24300", "2007-08-31": "173.93000", "2006-08-31": "136.38900", "2005-08-31": "112.27000"}, "Other Income": {"2020-08-31": "", "2019-08-31": "", "2018-08-31": "", "2017-08-31": "", "2016-08-31": "", "2015-08-31": "", "2014-08-31": "", "2013-08-31": "", "2012-08-31": "", "2011-08-31": "", "2010-08-31": "", "2009-08-31": "", "2008-08-31": "", "2007-08-31": "", "2006-08-31": "", "2005-08-31": ""}, "Income From Continuous Operations": {"2020-08-31": "251.75800", "2019-08-31": "288.79700", "2018-08-31": "329.22300", "2017-08-31": "231.43100", "2016-08-31": "231.21600", "2015-08-31": "231.30800", "2014-08-31": "236.06700", "2013-08-31": "237.99500", "2012-08-31": "259.03100", "2011-08-31": "218.78600", "2010-08-31": "150.37300", "2009-08-31": "125.12200", "2008-08-31": "196.24300", "2007-08-31": "173.93000", "2006-08-31": "136.38900", "2005-08-31": "112.27000"}, "Income From Discontinued Operations": {"2020-08-31": "", "2019-08-31": "", "2018-08-31": "", "2017-08-31": "", "2016-08-31": "", "2015-08-31": "", "2014-08-31": "", "2013-08-31": "", "2012-08-31": "", "2011-08-31": "", "2010-08-31": "", "2009-08-31": "", "2008-08-31": "", "2007-08-31": "", "2006-08-31": "", "2005-08-31": ""}, "Net Income": {"2020-08-31": "251.11700", "2019-08-31": "288.86500", "2018-08-31": "329.22300", "2017-08-31": "231.43100", "2016-08-31": "231.21600", "2015-08-31": "231.30800", "2014-08-31": "234.44000", "2013-08-31": "236.21400", "2012-08-31": "256.92200", "2011-08-31": "216.90600", "2010-08-31": "149.00200", "2009-08-31": "124.07000", "2008-08-31": "194.88500", "2007-08-31": "173.93000", "2006-08-31": "136.38900", "2005-08-31": "112.27000"}, "EBITDA": {"2020-08-31": "419.81900", "2019-08-31": "465.37290", "2018-08-31": "483.70700", "2017-08-31": "441.98000", "2016-08-31": "447.89000", "2015-08-31": "449.25780", "2014-08-31": "448.13010", "2013-08-31": "435.00490", "2012-08-31": "446.93910", "2011-08-31": "378.92410", "2010-08-31": "267.86810", "2009-08-31": "231.66790", "2008-08-31": "346.87700", "2007-08-31": "316.91410", "2006-08-31": "236.26900", "2005-08-31": "190.38900"}, "EBIT": {"2020-08-31": "350.74000", "2019-08-31": "399.99580", "2018-08-31": "420.55300", "2017-08-31": "379.00000", "2016-08-31": "375.96000", "2015-08-31": "379.52880", "2014-08-31": "383.18410", "2013-08-31": "385.52590", "2012-08-31": "412.21610", "2011-08-31": "349.76510", "2010-08-31": "241.81910", "2009-08-31": "204.71790", "2008-08-31": "319.52800", "2007-08-31": "290.88310", "2006-08-31": "220.86600", "2005-08-31": "177.66000"}, "Basic Shares Outstanding": {"2020-08-31": "55.47200", "2019-08-31": "55.24500", "2018-08-31": "56.35500", "2017-08-31": "56.59100", "2016-08-31": "60.90800", "2015-08-31": "61.29200", "2014-08-31": "62.02600", "2013-08-31": "62.69500", "2012-08-31": "62.43400", "2011-08-31": "62.90200", "2010-08-31": "62.43800", "2009-08-31": "61.79800", "2008-08-31": "63.74300", "2007-08-31": "65.80000", "2006-08-31": "66.82700", "2005-08-31": "67.93400"}, "Shares Outstanding": {"2020-08-31": "55.64300", "2019-08-31": "55.50800", "2018-08-31": "56.70700", "2017-08-31": "56.97100", "2016-08-31": "61.07600", "2015-08-31": "61.48700", "2014-08-31": "62.33900", "2013-08-31": "63.01100", "2012-08-31": "62.80300", "2011-08-31": "63.32400", "2010-08-31": "62.93000", "2009-08-31": "62.36200", "2008-08-31": "64.50800", "2007-08-31": "67.05700", "2006-08-31": "68.31900", "2005-08-31": "69.88900"}, "Basic EPS": {"2020-08-31": "4.53000", "2019-08-31": "5.23000", "2018-08-31": "5.84000", "2017-08-31": "4.08000", "2016-08-31": "3.78000", "2015-08-31": "3.75000", "2014-08-31": "3.78000", "2013-08-31": "3.77000", "2012-08-31": "4.12000", "2011-08-31": "3.45000", "2010-08-31": "2.39000", "2009-08-31": "2.01000", "2008-08-31": "3.06000", "2007-08-31": "2.64000", "2006-08-31": "2.04000", "2005-08-31": "1.65000"}, "EPS - Earnings Per Share": {"2020-08-31": "4.51000", "2019-08-31": "5.20000", "2018-08-31": "5.80000", "2017-08-31": "4.05000", "2016-08-31": "3.77000", "2015-08-31": "3.74000", "2014-08-31": "3.76000", "2013-08-31": "3.75000", "2012-08-31": "4.09000", "2011-08-31": "3.43000", "2010-08-31": "2.37000", "2009-08-31": "1.99000", "2008-08-31": "3.02000", "2007-08-31": "2.59000", "2006-08-31": "2.00000", "2005-08-31": "1.61000"}}, "income statement, quarterly": {"Revenue": {"2020-11-30": "771.90400", "2020-08-31": "747.73200", "2020-05-31": "834.97200", "2020-02-29": "786.09400", "2019-11-30": "823.60100", "2019-08-31": "842.67000", "2019-05-31": "866.54600", "2019-02-28": "823.00400", "2018-11-30": "831.59700", "2018-08-31": "837.98490", "2018-05-31": "828.34500", "2018-02-28": "768.98700", "2017-11-30": "768.56100", "2017-08-31": "753.76980", "2017-05-31": "743.92300", "2017-02-28": "703.78000", "2016-11-30": "686.27100", "2016-08-31": "745.07390", "2016-05-31": "727.49500", "2016-02-29": "684.11700", "2015-11-30": "706.81900", "2015-08-31": "727.40500", "2015-05-31": "745.48300", "2015-02-28": "706.40000", "2014-11-30": "731.09100", "2014-08-31": "726.62300", "2014-05-31": "720.47600", "2014-02-28": "661.51300", "2013-11-30": "678.51000", "2013-08-31": "673.77290", "2013-05-31": "636.92300", "2013-02-28": "569.46200", "2012-11-30": "577.49100", "2012-08-31": "635.27100", "2012-05-31": "611.97000", "2012-02-29": "562.97400", "2011-11-30": "545.70300", "2011-08-31": "533.23710", "2011-05-31": "532.36600", "2011-02-28": "483.36200", "2010-11-30": "472.82700", "2010-08-31": "461.36110", "2010-05-31": "450.38100", "2010-02-28": "395.48200", "2009-11-30": "384.81700", "2009-08-31": "354.09690", "2009-05-31": "350.48900", "2009-02-28": "351.91000", "2008-11-30": "433.02200", "2008-08-31": "448.56300", "2008-05-31": "457.23800", "2008-02-29": "436.48600", "2007-11-30": "437.55400", "2007-08-31": "450.49900", "2007-05-31": "431.05700", "2007-02-28": "404.61800", "2006-11-30": "402.01200", "2006-08-31": "385.86900", "2006-05-31": "329.81700", "2006-02-28": "305.92700", "2005-11-30": "295.90600", "2005-08-31": "276.75710", "2005-05-31": "288.46500", "2005-02-28": "271.36500"}, "Cost Of Goods Sold": {"2020-11-30": "448.58600", "2020-08-31": "436.62000", "2020-05-31": "481.01000", "2020-02-29": "455.04200", "2019-11-30": "476.40500", "2019-08-31": "489.08110", "2019-05-31": "497.89100", "2019-02-28": "471.19000", "2018-11-30": "473.61200", "2018-08-31": "478.31700", "2018-05-31": "467.34400", "2018-02-28": "431.76400", "2017-11-30": "433.49200", "2017-08-31": "420.31990", "2017-05-31": "414.42300", "2017-02-28": "389.21800", "2016-11-30": "377.53600", "2016-08-31": "411.00700", "2016-05-31": "400.46700", "2016-02-29": "375.32600", "2015-11-30": "387.84700", "2015-08-31": "400.26990", "2015-05-31": "407.06600", "2015-02-28": "385.52600", "2014-11-30": "400.94200", "2014-08-31": "395.43690", "2014-05-31": "387.08200", "2014-02-28": "354.69200", "2013-11-30": "363.65500", "2013-08-31": "366.22800", "2013-05-31": "347.41000", "2013-02-28": "313.09300", "2012-11-30": "312.40200", "2012-08-31": "348.24400", "2012-05-31": "332.38700", "2012-02-29": "303.51400", "2011-11-30": "293.57000", "2011-08-31": "287.86600", "2011-05-31": "280.80400", "2011-02-28": "257.06300", "2010-11-30": "255.13400", "2010-08-31": "254.03800", "2010-05-31": "245.49900", "2010-02-28": "216.44700", "2009-11-30": "209.11800", "2009-08-31": "195.14400", "2009-05-31": "189.47000", "2009-02-28": "188.11100", "2008-11-30": "228.94800", "2008-08-31": "242.12400", "2008-05-31": "246.79300", "2008-02-29": "233.42800", "2007-11-30": "234.98400", "2007-08-31": "242.60700", "2007-05-31": "231.75200", "2007-02-28": "217.01700", "2006-11-30": "216.32100", "2006-08-31": "212.71400", "2006-05-31": "173.81200", "2006-02-28": "160.48700", "2005-11-30": "157.04600", "2005-08-31": "149.35000", "2005-05-31": "155.46000", "2005-02-28": "146.50300"}, "Gross Profit": {"2020-11-30": "323.31800", "2020-08-31": "311.11200", "2020-05-31": "353.96200", "2020-02-29": "331.05200", "2019-11-30": "347.19600", "2019-08-31": "353.58890", "2019-05-31": "368.65500", "2019-02-28": "351.81400", "2018-11-30": "357.98500", "2018-08-31": "359.66800", "2018-05-31": "361.00100", "2018-02-28": "337.22300", "2017-11-30": "335.06900", "2017-08-31": "333.44980", "2017-05-31": "329.50000", "2017-02-28": "314.56200", "2016-11-30": "308.73500", "2016-08-31": "334.06690", "2016-05-31": "327.02800", "2016-02-29": "308.79100", "2015-11-30": "318.97200", "2015-08-31": "327.13500", "2015-05-31": "338.41700", "2015-02-28": "320.87400", "2014-11-30": "330.14900", "2014-08-31": "331.18610", "2014-05-31": "333.39400", "2014-02-28": "306.82100", "2013-11-30": "314.85500", "2013-08-31": "307.54490", "2013-05-31": "289.51300", "2013-02-28": "256.36900", "2012-11-30": "265.08900", "2012-08-31": "287.02700", "2012-05-31": "279.58300", "2012-02-29": "259.46000", "2011-11-30": "252.13300", "2011-08-31": "245.37110", "2011-05-31": "251.56200", "2011-02-28": "226.29900", "2010-11-30": "217.69300", "2010-08-31": "207.32300", "2010-05-31": "204.88200", "2010-02-28": "179.03500", "2009-11-30": "175.69900", "2009-08-31": "158.95290", "2009-05-31": "161.01900", "2009-02-28": "163.79900", "2008-11-30": "204.07400", "2008-08-31": "206.43890", "2008-05-31": "210.44500", "2008-02-29": "203.05800", "2007-11-30": "202.57000", "2007-08-31": "207.89200", "2007-05-31": "199.30500", "2007-02-28": "187.60100", "2006-11-30": "185.69100", "2006-08-31": "173.15500", "2006-05-31": "156.00500", "2006-02-28": "145.44000", "2005-11-30": "138.86000", "2005-08-31": "127.40710", "2005-05-31": "133.00500", "2005-02-28": "124.86200"}, "Research And Development Expenses": {"2020-11-30": "", "2020-08-31": "", "2020-05-31": "", "2020-02-29": "", "2019-11-30": "", "2019-08-31": "", "2019-05-31": "", "2019-02-28": "", "2018-11-30": "", "2018-08-31": "", "2018-05-31": "", "2018-02-28": "", "2017-11-30": "", "2017-08-31": "", "2017-05-31": "", "2017-02-28": "", "2016-11-30": "", "2016-08-31": "", "2016-05-31": "", "2016-02-29": "", "2015-11-30": "", "2015-08-31": "", "2015-05-31": "", "2015-02-28": "", "2014-11-30": "", "2014-08-31": "", "2014-05-31": "", "2014-02-28": "", "2013-11-30": "", "2013-08-31": "", "2013-05-31": "", "2013-02-28": "", "2012-11-30": "", "2012-08-31": "", "2012-05-31": "", "2012-02-29": "", "2011-11-30": "", "2011-08-31": "", "2011-05-31": "", "2011-02-28": "", "2010-11-30": "", "2010-08-31": "", "2010-05-31": "", "2010-02-28": "", "2009-11-30": "", "2009-08-31": "", "2009-05-31": "", "2009-02-28": "", "2008-11-30": "", "2008-08-31": "", "2008-05-31": "", "2008-02-29": "", "2007-11-30": "", "2007-08-31": "", "2007-05-31": "", "2007-02-28": "", "2006-11-30": "", "2006-08-31": "", "2006-05-31": "", "2006-02-28": "", "2005-11-30": "", "2005-08-31": "", "2005-05-31": "", "2005-02-28": ""}, "SG&A Expenses": {"2020-11-30": "242.68400", "2020-08-31": "238.19200", "2020-05-31": "244.11000", "2020-02-29": "253.38200", "2019-11-30": "256.89800", "2019-08-31": "263.07500", "2019-05-31": "258.15400", "2019-02-28": "255.83300", "2018-11-30": "254.98500", "2018-08-31": "251.87800", "2018-05-31": "245.61900", "2018-02-28": "239.12000", "2017-11-30": "235.79100", "2017-08-31": "233.47100", "2017-05-31": "227.72400", "2017-02-28": "227.91700", "2016-11-30": "218.13500", "2016-08-31": "234.82100", "2016-05-31": "221.24400", "2016-02-29": "228.24900", "2015-11-30": "228.58400", "2015-08-31": "231.69510", "2015-05-31": "234.17300", "2015-02-28": "235.00000", "2014-11-30": "236.17800", "2014-08-31": "231.36000", "2014-05-31": "228.50800", "2014-02-28": "225.09900", "2013-11-30": "218.10500", "2013-08-31": "215.19300", "2013-05-31": "189.26700", "2013-02-28": "165.79300", "2012-11-30": "162.73700", "2012-08-31": "179.02100", "2012-05-31": "168.72400", "2012-02-29": "162.93300", "2011-11-30": "155.30900", "2011-08-31": "151.48800", "2011-05-31": "153.42800", "2011-02-28": "145.70100", "2010-11-30": "140.54300", "2010-08-31": "136.81700", "2010-05-31": "134.48100", "2010-02-28": "129.14500", "2009-11-30": "124.67700", "2009-08-31": "117.14600", "2009-05-31": "115.77800", "2009-02-28": "120.55700", "2008-11-30": "129.64600", "2008-08-31": "128.30900", "2008-05-31": "125.63200", "2008-02-29": "124.44300", "2007-11-30": "124.60000", "2007-08-31": "131.19300", "2007-05-31": "123.89600", "2007-02-28": "118.03200", "2006-11-30": "116.48500", "2006-08-31": "116.92300", "2006-05-31": "96.97700", "2006-02-28": "91.35800", "2005-11-30": "87.33600", "2005-08-31": "84.50100", "2005-05-31": "84.04700", "2005-02-28": "80.96300"}, "Other Operating Income Or Expenses": {"2020-11-30": "-26.72600", "2020-08-31": "", "2020-05-31": "", "2020-02-29": "", "2019-11-30": "", "2019-08-31": "", "2019-05-31": "", "2019-02-28": "", "2018-11-30": "", "2018-08-31": "", "2018-05-31": "", "2018-02-28": "", "2017-11-30": "", "2017-08-31": "", "2017-05-31": "", "2017-02-28": "", "2016-11-30": "", "2016-08-31": "", "2016-05-31": "", "2016-02-29": "", "2015-11-30": "", "2015-08-31": "", "2015-05-31": "", "2015-02-28": "", "2014-11-30": "", "2014-08-31": "", "2014-05-31": "", "2014-02-28": "", "2013-11-30": "", "2013-08-31": "", "2013-05-31": "", "2013-02-28": "", "2012-11-30": "", "2012-08-31": "", "2012-05-31": "", "2012-02-29": "", "2011-11-30": "", "2011-08-31": "", "2011-05-31": "", "2011-02-28": "", "2010-11-30": "", "2010-08-31": "", "2010-05-31": "", "2010-02-28": "", "2009-11-30": "", "2009-08-31": "", "2009-05-31": "", "2009-02-28": "", "2008-11-30": "", "2008-08-31": "", "2008-05-31": "", "2008-02-29": "", "2007-11-30": "", "2007-08-31": "", "2007-05-31": "", "2007-02-28": "", "2006-11-30": "", "2006-08-31": "", "2006-05-31": "", "2006-02-28": "", "2005-11-30": "", "2005-08-31": "", "2005-05-31": "", "2005-02-28": ""}, "Operating Expenses": {"2020-11-30": "717.99600", "2020-08-31": "674.81200", "2020-05-31": "725.12000", "2020-02-29": "708.42400", "2019-11-30": "733.30300", "2019-08-31": "752.15620", "2019-05-31": "756.04500", "2019-02-28": "727.02300", "2018-11-30": "728.59700", "2018-08-31": "730.19480", "2018-05-31": "712.96300", "2018-02-28": "670.88400", "2017-11-30": "669.28300", "2017-08-31": "653.79090", "2017-05-31": "642.14700", "2017-02-28": "617.13500", "2016-11-30": "595.67100", "2016-08-31": "645.82810", "2016-05-31": "621.71100", "2016-02-29": "603.57500", "2015-11-30": "616.43100", "2015-08-31": "631.96510", "2015-05-31": "641.23900", "2015-02-28": "620.52600", "2014-11-30": "637.12000", "2014-08-31": "626.79700", "2014-05-31": "615.59000", "2014-02-28": "579.79100", "2013-11-30": "581.76000", "2013-08-31": "581.42100", "2013-05-31": "536.67700", "2013-02-28": "478.88600", "2012-11-30": "475.13900", "2012-08-31": "527.26490", "2012-05-31": "501.11100", "2012-02-29": "466.44700", "2011-11-30": "448.87900", "2011-08-31": "439.35390", "2011-05-31": "434.23200", "2011-02-28": "402.76400", "2010-11-30": "395.67700", "2010-08-31": "390.85490", "2010-05-31": "379.98000", "2010-02-28": "345.59200", "2009-11-30": "333.79500", "2009-08-31": "312.29000", "2009-05-31": "305.24800", "2009-02-28": "308.66800", "2008-11-30": "358.59400", "2008-08-31": "370.43300", "2008-05-31": "372.42500", "2008-02-29": "357.87100", "2007-11-30": "359.58400", "2007-08-31": "373.80000", "2007-05-31": "355.64800", "2007-02-28": "335.04900", "2006-11-30": "332.80600", "2006-08-31": "329.63700", "2006-05-31": "270.78900", "2006-02-28": "251.84500", "2005-11-30": "244.38200", "2005-08-31": "233.85100", "2005-05-31": "239.50700", "2005-02-28": "227.46600"}, "Operating Income": {"2020-11-30": "53.90800", "2020-08-31": "72.92000", "2020-05-31": "109.85200", "2020-02-29": "77.67000", "2019-11-30": "90.29800", "2019-08-31": "90.51380", "2019-05-31": "110.50100", "2019-02-28": "95.98100", "2018-11-30": "103.00000", "2018-08-31": "107.79020", "2018-05-31": "115.38200", "2018-02-28": "98.10300", "2017-11-30": "99.27800", "2017-08-31": "99.97890", "2017-05-31": "101.77600", "2017-02-28": "86.64500", "2016-11-30": "90.60000", "2016-08-31": "99.24580", "2016-05-31": "105.78400", "2016-02-29": "80.54210", "2015-11-30": "90.38800", "2015-08-31": "95.43990", "2015-05-31": "104.24400", "2015-02-28": "85.87400", "2014-11-30": "93.97100", "2014-08-31": "99.82610", "2014-05-31": "104.88600", "2014-02-28": "81.72200", "2013-11-30": "96.75000", "2013-08-31": "92.35190", "2013-05-31": "100.24600", "2013-02-28": "90.57600", "2012-11-30": "102.35200", "2012-08-31": "108.00610", "2012-05-31": "110.85900", "2012-02-29": "96.52700", "2011-11-30": "96.82400", "2011-08-31": "93.88310", "2011-05-31": "98.13400", "2011-02-28": "80.59800", "2010-11-30": "77.15000", "2010-08-31": "70.50610", "2010-05-31": "70.40100", "2010-02-28": "49.89000", "2009-11-30": "51.02200", "2009-08-31": "41.80690", "2009-05-31": "45.24100", "2009-02-28": "43.24200", "2008-11-30": "74.42800", "2008-08-31": "78.13000", "2008-05-31": "84.81300", "2008-02-29": "78.61500", "2007-11-30": "77.97000", "2007-08-31": "76.69900", "2007-05-31": "75.40900", "2007-02-28": "69.56900", "2006-11-30": "69.20600", "2006-08-31": "56.23200", "2006-05-31": "59.02800", "2006-02-28": "54.08200", "2005-11-30": "51.52400", "2005-08-31": "42.90610", "2005-05-31": "48.95800", "2005-02-28": "43.89900"}, "Total Non-Operating Income/Expense": {"2020-11-30": "-2.68400", "2020-08-31": "-4.11500", "2020-05-31": "-5.83800", "2020-02-29": "-3.49700", "2019-11-30": "-3.04000", "2019-08-31": "-3.88100", "2019-05-31": "-4.48200", "2019-02-28": "-4.61200", "2018-11-30": "-3.89200", "2018-08-31": "-4.05700", "2018-05-31": "-3.56500", "2018-02-28": "-3.26000", "2017-11-30": "-3.48200", "2017-08-31": "-1.91900", "2017-05-31": "-3.19400", "2017-02-28": "-2.84000", "2016-11-30": "-3.05500", "2016-08-31": "-1.57700", "2016-05-31": "-0.93000", "2016-02-29": "-0.39200", "2015-11-30": "-1.33000", "2015-08-31": "-1.83800", "2015-05-31": "-1.63100", "2015-02-28": "-2.15700", "2014-11-30": "-0.76200", "2014-08-31": "-0.65500", "2014-05-31": "-0.72100", "2014-02-28": "-1.22900", "2013-11-30": "-1.05400", "2013-08-31": "-1.01000", "2013-05-31": "-1.11500", "2013-02-28": "0.05300", "2012-11-30": "-0.02500", "2012-08-31": "-0.05000", "2012-05-31": "-0.00600", "2012-02-29": "-0.01800", "2011-11-30": "0.00000", "2011-08-31": "-0.14300", "2011-05-31": "-0.15900", "2011-02-28": "-0.02800", "2010-11-30": "-0.10500", "2010-08-31": "-0.16600", "2010-05-31": "-0.18600", "2010-02-28": "-0.29500", "2009-11-30": "-0.34400", "2009-08-31": "-0.32000", "2009-05-31": "-0.31500", "2009-02-28": "-0.56600", "2008-11-30": "-1.57700", "2008-08-31": "0.06000", "2008-05-31": "-1.75700", "2008-02-29": "-2.28800", "2007-11-30": "-2.18400", "2007-08-31": "-2.63500", "2007-05-31": "-2.61600", "2007-02-28": "-3.18700", "2006-11-30": "-2.95100", "2006-08-31": "-2.46700", "2006-05-31": "1.29900", "2006-02-28": "1.13200", "2005-11-30": "0.94000", "2005-08-31": "0.98900", "2005-05-31": "1.35000", "2005-02-28": "1.05000"}, "Pre-Tax Income": {"2020-11-30": "51.22400", "2020-08-31": "68.80500", "2020-05-31": "104.01400", "2020-02-29": "74.17300", "2019-11-30": "87.25800", "2019-08-31": "86.63300", "2019-05-31": "106.01900", "2019-02-28": "91.36900", "2018-11-30": "99.10800", "2018-08-31": "103.73300", "2018-05-31": "111.81700", "2018-02-28": "94.84300", "2017-11-30": "95.79600", "2017-08-31": "98.06000", "2017-05-31": "98.58200", "2017-02-28": "83.80500", "2016-11-30": "87.54500", "2016-08-31": "97.66900", "2016-05-31": "104.85400", "2016-02-29": "80.15000", "2015-11-30": "89.05800", "2015-08-31": "93.60200", "2015-05-31": "102.61300", "2015-02-28": "83.71700", "2014-11-30": "93.20900", "2014-08-31": "99.17100", "2014-05-31": "104.16500", "2014-02-28": "80.49300", "2013-11-30": "95.69600", "2013-08-31": "91.34200", "2013-05-31": "99.13100", "2013-02-28": "90.62900", "2012-11-30": "102.32700", "2012-08-31": "107.95600", "2012-05-31": "110.85300", "2012-02-29": "96.50900", "2011-11-30": "96.82400", "2011-08-31": "93.74000", "2011-05-31": "97.97500", "2011-02-28": "80.57000", "2010-11-30": "77.04500", "2010-08-31": "70.34000", "2010-05-31": "70.21500", "2010-02-28": "49.59500", "2009-11-30": "50.67800", "2009-08-31": "41.48700", "2009-05-31": "44.92600", "2009-02-28": "42.67600", "2008-11-30": "72.85100", "2008-08-31": "78.19000", "2008-05-31": "83.05600", "2008-02-29": "76.32700", "2007-11-30": "75.78600", "2007-08-31": "74.06400", "2007-05-31": "72.79300", "2007-02-28": "66.38200", "2006-11-30": "66.25500", "2006-08-31": "53.76500", "2006-05-31": "60.32700", "2006-02-28": "55.21400", "2005-11-30": "52.46400", "2005-08-31": "43.89500", "2005-05-31": "50.30800", "2005-02-28": "44.94900"}, "Income Taxes": {"2020-11-30": "12.44700", "2020-08-31": "16.16900", "2020-05-31": "25.90000", "2020-02-29": "18.61700", "2019-11-30": "21.80600", "2019-08-31": "20.01200", "2019-05-31": "26.50500", "2019-02-28": "22.93900", "2018-11-30": "24.87600", "2018-08-31": "30.71600", "2018-05-31": "32.74800", "2018-02-28": "-22.70900", "2017-11-30": "36.21100", "2017-08-31": "37.31200", "2017-05-31": "35.74600", "2017-02-28": "30.24600", "2016-11-30": "33.25700", "2016-08-31": "35.82300", "2016-05-31": "40.03800", "2016-02-29": "30.62500", "2015-11-30": "34.02900", "2015-08-31": "34.58000", "2015-05-31": "39.27100", "2015-02-28": "32.19000", "2014-11-30": "35.79200", "2014-08-31": "36.35800", "2014-05-31": "39.46900", "2014-02-28": "30.98100", "2013-11-30": "36.65000", "2013-08-31": "34.96700", "2013-05-31": "36.77700", "2013-02-28": "34.55000", "2012-11-30": "39.14000", "2012-08-31": "39.04100", "2012-05-31": "40.64200", "2012-02-29": "36.44100", "2011-11-30": "36.98700", "2011-08-31": "34.28900", "2011-05-31": "35.88900", "2011-02-28": "30.88100", "2010-11-30": "29.48500", "2010-08-31": "26.28300", "2010-05-31": "25.96800", "2010-02-28": "18.94600", "2009-11-30": "19.25800", "2009-08-31": "15.49300", "2009-05-31": "17.17100", "2009-02-28": "16.39800", "2008-11-30": "27.75600", "2008-08-31": "27.65800", "2008-05-31": "31.67100", "2008-02-29": "28.86700", "2007-11-30": "28.92000", "2007-08-31": "26.70200", "2007-05-31": "27.02800", "2007-02-28": "25.87500", "2006-11-30": "25.95900", "2006-08-31": "19.65800", "2006-05-31": "23.30900", "2006-02-28": "21.88500", "2005-11-30": "20.52900", "2005-08-31": "15.71900", "2005-05-31": "19.62000", "2005-02-28": "17.53000"}, "Income After Taxes": {"2020-11-30": "38.77700", "2020-08-31": "52.63600", "2020-05-31": "78.11400", "2020-02-29": "55.55600", "2019-11-30": "65.45200", "2019-08-31": "66.62100", "2019-05-31": "79.51400", "2019-02-28": "68.43000", "2018-11-30": "74.23200", "2018-08-31": "73.01700", "2018-05-31": "79.06900", "2018-02-28": "117.55200", "2017-11-30": "59.58500", "2017-08-31": "60.74800", "2017-05-31": "62.83600", "2017-02-28": "53.55900", "2016-11-30": "54.28800", "2016-08-31": "61.84600", "2016-05-31": "64.81600", "2016-02-29": "49.52500", "2015-11-30": "55.02900", "2015-08-31": "59.02200", "2015-05-31": "63.34200", "2015-02-28": "51.52700", "2014-11-30": "57.41700", "2014-08-31": "62.81300", "2014-05-31": "64.69600", "2014-02-28": "49.51200", "2013-11-30": "59.04600", "2013-08-31": "56.37500", "2013-05-31": "62.35400", "2013-02-28": "56.07900", "2012-11-30": "63.18700", "2012-08-31": "68.91500", "2012-05-31": "70.21100", "2012-02-29": "60.06800", "2011-11-30": "59.83700", "2011-08-31": "59.45100", "2011-05-31": "62.08600", "2011-02-28": "49.68900", "2010-11-30": "47.56000", "2010-08-31": "44.05700", "2010-05-31": "44.24700", "2010-02-28": "30.64900", "2009-11-30": "31.42000", "2009-08-31": "25.99400", "2009-05-31": "27.75500", "2009-02-28": "26.27800", "2008-11-30": "45.09500", "2008-08-31": "50.53200", "2008-05-31": "51.38500", "2008-02-29": "47.46000", "2007-11-30": "46.86600", "2007-08-31": "47.36200", "2007-05-31": "45.76500", "2007-02-28": "40.50700", "2006-11-30": "40.29600", "2006-08-31": "34.10700", "2006-05-31": "37.01800", "2006-02-28": "33.32900", "2005-11-30": "31.93500", "2005-08-31": "28.17600", "2005-05-31": "30.68800", "2005-02-28": "27.41900"}, "Other Income": {"2020-11-30": "", "2020-08-31": "", "2020-05-31": "", "2020-02-29": "", "2019-11-30": "", "2019-08-31": "", "2019-05-31": "", "2019-02-28": "", "2018-11-30": "", "2018-08-31": "", "2018-05-31": "", "2018-02-28": "", "2017-11-30": "", "2017-08-31": "", "2017-05-31": "", "2017-02-28": "", "2016-11-30": "", "2016-08-31": "", "2016-05-31": "", "2016-02-29": "", "2015-11-30": "", "2015-08-31": "", "2015-05-31": "", "2015-02-28": "", "2014-11-30": "", "2014-08-31": "", "2014-05-31": "", "2014-02-28": "", "2013-11-30": "", "2013-08-31": "", "2013-05-31": "", "2013-02-28": "", "2012-11-30": "", "2012-08-31": "", "2012-05-31": "", "2012-02-29": "", "2011-11-30": "", "2011-08-31": "", "2011-05-31": "", "2011-02-28": "", "2010-11-30": "", "2010-08-31": "", "2010-05-31": "", "2010-02-28": "", "2009-11-30": "", "2009-08-31": "", "2009-05-31": "", "2009-02-28": "", "2008-11-30": "", "2008-08-31": "", "2008-05-31": "", "2008-02-29": "", "2007-11-30": "", "2007-08-31": "", "2007-05-31": "", "2007-02-28": "", "2006-11-30": "", "2006-08-31": "", "2006-05-31": "", "2006-02-28": "", "2005-11-30": "", "2005-08-31": "", "2005-05-31": "", "2005-02-28": ""}, "Income From Continuous Operations": {"2020-11-30": "38.77700", "2020-08-31": "52.63600", "2020-05-31": "78.11400", "2020-02-29": "55.55600", "2019-11-30": "65.45200", "2019-08-31": "66.62100", "2019-05-31": "79.51400", "2019-02-28": "68.43000", "2018-11-30": "74.23200", "2018-08-31": "73.01700", "2018-05-31": "79.06900", "2018-02-28": "117.55200", "2017-11-30": "59.58500", "2017-08-31": "60.74800", "2017-05-31": "62.83600", "2017-02-28": "53.55900", "2016-11-30": "54.28800", "2016-08-31": "61.84600", "2016-05-31": "64.81600", "2016-02-29": "49.52500", "2015-11-30": "55.02900", "2015-08-31": "59.02200", "2015-05-31": "63.34200", "2015-02-28": "51.52700", "2014-11-30": "57.41700", "2014-08-31": "62.81300", "2014-05-31": "64.69600", "2014-02-28": "49.51200", "2013-11-30": "59.04600", "2013-08-31": "56.37500", "2013-05-31": "62.35400", "2013-02-28": "56.07900", "2012-11-30": "63.18700", "2012-08-31": "68.91500", "2012-05-31": "70.21100", "2012-02-29": "60.06800", "2011-11-30": "59.83700", "2011-08-31": "59.45100", "2011-05-31": "62.08600", "2011-02-28": "49.68900", "2010-11-30": "47.56000", "2010-08-31": "44.05700", "2010-05-31": "44.24700", "2010-02-28": "30.64900", "2009-11-30": "31.42000", "2009-08-31": "25.99400", "2009-05-31": "27.75500", "2009-02-28": "26.27800", "2008-11-30": "45.09500", "2008-08-31": "50.53200", "2008-05-31": "51.38500", "2008-02-29": "47.46000", "2007-11-30": "46.86600", "2007-08-31": "47.36200", "2007-05-31": "45.76500", "2007-02-28": "40.50700", "2006-11-30": "40.29600", "2006-08-31": "34.10700", "2006-05-31": "37.01800", "2006-02-28": "33.32900", "2005-11-30": "31.93500", "2005-08-31": "28.17600", "2005-05-31": "30.68800", "2005-02-28": "27.41900"}, "Income From Discontinued Operations": {"2020-11-30": "", "2020-08-31": "", "2020-05-31": "", "2020-02-29": "", "2019-11-30": "", "2019-08-31": "", "2019-05-31": "", "2019-02-28": "", "2018-11-30": "", "2018-08-31": "", "2018-05-31": "", "2018-02-28": "", "2017-11-30": "", "2017-08-31": "", "2017-05-31": "", "2017-02-28": "", "2016-11-30": "", "2016-08-31": "", "2016-05-31": "", "2016-02-29": "", "2015-11-30": "", "2015-08-31": "", "2015-05-31": "", "2015-02-28": "", "2014-11-30": "", "2014-08-31": "", "2014-05-31": "", "2014-02-28": "", "2013-11-30": "", "2013-08-31": "", "2013-05-31": "", "2013-02-28": "", "2012-11-30": "", "2012-08-31": "", "2012-05-31": "", "2012-02-29": "", "2011-11-30": "", "2011-08-31": "", "2011-05-31": "", "2011-02-28": "", "2010-11-30": "", "2010-08-31": "", "2010-05-31": "", "2010-02-28": "", "2009-11-30": "", "2009-08-31": "", "2009-05-31": "", "2009-02-28": "", "2008-11-30": "", "2008-08-31": "", "2008-05-31": "", "2008-02-29": "", "2007-11-30": "", "2007-08-31": "", "2007-05-31": "", "2007-02-28": "", "2006-11-30": "", "2006-08-31": "", "2006-05-31": "", "2006-02-28": "", "2005-11-30": "", "2005-08-31": "", "2005-05-31": "", "2005-02-28": ""}, "Net Income": {"2020-11-30": "38.45400", "2020-08-31": "52.49600", "2020-05-31": "77.70300", "2020-02-29": "55.50000", "2019-11-30": "65.41800", "2019-08-31": "66.60800", "2019-05-31": "79.60100", "2019-02-28": "68.42400", "2018-11-30": "74.23200", "2018-08-31": "73.01700", "2018-05-31": "79.06900", "2018-02-28": "117.55200", "2017-11-30": "59.58500", "2017-08-31": "60.74800", "2017-05-31": "62.83600", "2017-02-28": "53.55900", "2016-11-30": "54.28800", "2016-08-31": "61.84600", "2016-05-31": "64.81600", "2016-02-29": "49.52500", "2015-11-30": "55.02900", "2015-08-31": "60.26000", "2015-05-31": "63.34200", "2015-02-28": "51.52700", "2014-11-30": "56.17900", "2014-08-31": "62.39500", "2014-05-31": "64.24900", "2014-02-28": "49.17500", "2013-11-30": "58.62100", "2013-08-31": "55.94900", "2013-05-31": "61.88200", "2013-02-28": "55.65600", "2012-11-30": "62.72700", "2012-08-31": "68.34400", "2012-05-31": "69.64400", "2012-02-29": "59.63400", "2011-11-30": "59.30000", "2011-08-31": "59.20300", "2011-05-31": "61.52900", "2011-02-28": "49.23500", "2010-11-30": "46.93900", "2010-08-31": "43.66000", "2010-05-31": "43.84100", "2010-02-28": "30.36400", "2009-11-30": "31.13700", "2009-08-31": "25.78000", "2009-05-31": "27.52900", "2009-02-28": "26.02200", "2008-11-30": "44.73900", "2008-08-31": "49.17400", "2008-05-31": "51.38500", "2008-02-29": "47.46000", "2007-11-30": "46.86600", "2007-08-31": "47.36200", "2007-05-31": "45.76500", "2007-02-28": "40.50700", "2006-11-30": "40.29600", "2006-08-31": "34.10700", "2006-05-31": "37.01800", "2006-02-28": "33.32900", "2005-11-30": "31.93500", "2005-08-31": "28.17600", "2005-05-31": "30.68800", "2005-02-28": "27.41900"}, "EBITDA": {"2020-11-30": "71.01300", "2020-08-31": "90.64500", "2020-05-31": "126.89300", "2020-02-29": "94.95800", "2019-11-30": "107.32300", "2019-08-31": "107.35180", "2019-05-31": "126.96400", "2019-02-28": "112.21100", "2018-11-30": "118.84600", "2018-08-31": "123.81120", "2018-05-31": "131.20800", "2018-02-28": "113.66100", "2017-11-30": "115.02700", "2017-08-31": "116.22190", "2017-05-31": "117.69800", "2017-02-28": "102.01300", "2016-11-30": "106.04700", "2016-08-31": "117.83280", "2016-05-31": "123.74600", "2016-02-29": "97.99810", "2015-11-30": "108.31300", "2015-08-31": "113.07390", "2015-05-31": "121.89400", "2015-02-28": "103.30700", "2014-11-30": "110.98300", "2014-08-31": "116.41800", "2014-05-31": "121.18100", "2014-02-28": "97.72000", "2013-11-30": "112.81100", "2013-08-31": "107.83690", "2013-05-31": "113.17100", "2013-02-28": "101.62400", "2012-11-30": "112.37300", "2012-08-31": "117.45010", "2012-05-31": "119.76900", "2012-02-29": "105.07300", "2011-11-30": "104.64700", "2011-08-31": "101.51110", "2011-05-31": "105.44900", "2011-02-28": "87.74100", "2010-11-30": "84.22300", "2010-08-31": "77.30510", "2010-05-31": "76.69600", "2010-02-28": "56.26800", "2009-11-30": "57.59900", "2009-08-31": "48.68190", "2009-05-31": "51.94500", "2009-02-28": "49.92200", "2008-11-30": "81.11900", "2008-08-31": "85.03400", "2008-05-31": "91.88600", "2008-02-29": "85.25600", "2007-11-30": "84.70100", "2007-08-31": "83.48400", "2007-05-31": "82.09700", "2007-02-28": "75.89000", "2006-11-30": "75.44300", "2006-08-31": "62.03600", "2006-05-31": "62.20900", "2006-02-28": "57.28000", "2005-11-30": "54.74400", "2005-08-31": "46.13710", "2005-05-31": "52.14900", "2005-02-28": "47.03700"}, "EBIT": {"2020-11-30": "53.90800", "2020-08-31": "72.92000", "2020-05-31": "109.85200", "2020-02-29": "77.67000", "2019-11-30": "90.29800", "2019-08-31": "90.51380", "2019-05-31": "110.50100", "2019-02-28": "95.98100", "2018-11-30": "103.00000", "2018-08-31": "107.79010", "2018-05-31": "115.38200", "2018-02-28": "98.10300", "2017-11-30": "99.27800", "2017-08-31": "99.97900", "2017-05-31": "101.77600", "2017-02-28": "86.64500", "2016-11-30": "90.60000", "2016-08-31": "99.24590", "2016-05-31": "105.78400", "2016-02-29": "80.54210", "2015-11-30": "90.38800", "2015-08-31": "95.43980", "2015-05-31": "104.24400", "2015-02-28": "85.87400", "2014-11-30": "93.97100", "2014-08-31": "99.82610", "2014-05-31": "104.88600", "2014-02-28": "81.72200", "2013-11-30": "96.75000", "2013-08-31": "92.35190", "2013-05-31": "100.24600", "2013-02-28": "90.57600", "2012-11-30": "102.35200", "2012-08-31": "108.00610", "2012-05-31": "110.85900", "2012-02-29": "96.52700", "2011-11-30": "96.82400", "2011-08-31": "93.88310", "2011-05-31": "98.13400", "2011-02-28": "80.59800", "2010-11-30": "77.15000", "2010-08-31": "70.50610", "2010-05-31": "70.40100", "2010-02-28": "49.89000", "2009-11-30": "51.02200", "2009-08-31": "41.80690", "2009-05-31": "45.24100", "2009-02-28": "43.24200", "2008-11-30": "74.42800", "2008-08-31": "78.12990", "2008-05-31": "84.81300", "2008-02-29": "78.61500", "2007-11-30": "77.97000", "2007-08-31": "76.69910", "2007-05-31": "75.40900", "2007-02-28": "69.56900", "2006-11-30": "69.20600", "2006-08-31": "56.23200", "2006-05-31": "59.02800", "2006-02-28": "54.08200", "2005-11-30": "51.52400", "2005-08-31": "42.90610", "2005-05-31": "48.95800", "2005-02-28": "43.89900"}, "Basic Shares Outstanding": {"2020-11-30": "55.65900", "2020-08-31": "55.47200", "2020-05-31": "55.56300", "2020-02-29": "55.46700", "2019-11-30": "55.27500", "2019-08-31": "55.24500", "2019-05-31": "55.15800", "2019-02-28": "55.13900", "2018-11-30": "55.50200", "2018-08-31": "56.35500", "2018-05-31": "56.42000", "2018-02-28": "56.43900", "2017-11-30": "56.28700", "2017-08-31": "56.59100", "2017-05-31": "56.77900", "2017-02-28": "56.62000", "2016-11-30": "56.38100", "2016-08-31": "60.90800", "2016-05-31": "61.13300", "2016-02-29": "61.18700", "2015-11-30": "61.29600", "2015-08-31": "61.29200", "2015-05-31": "61.28700", "2015-02-28": "61.35100", "2014-11-30": "61.24600", "2014-08-31": "62.02600", "2014-05-31": "61.89600", "2014-02-28": "61.74300", "2013-11-30": "62.77300", "2013-08-31": "62.69500", "2013-05-31": "62.80800", "2013-02-28": "62.69900", "2012-11-30": "62.37800", "2012-08-31": "62.43400", "2012-05-31": "62.65100", "2012-02-29": "62.61600", "2011-11-30": "62.28500", "2011-08-31": "62.90200", "2011-05-31": "63.18300", "2011-02-28": "62.87500", "2010-11-30": "62.37000", "2010-08-31": "62.43800", "2010-05-31": "62.79000", "2010-02-28": "62.53200", "2009-11-30": "62.20600", "2009-08-31": "61.79800", "2009-05-31": "61.83800", "2009-02-28": "61.67500", "2008-11-30": "61.61300", "2008-08-31": "63.74300", "2008-05-31": "62.82000", "2008-02-29": "64.48900", "2007-11-30": "65.61700", "2007-08-31": "65.80000", "2007-05-31": "65.41800", "2007-02-28": "65.59900", "2006-11-30": "66.48000", "2006-08-31": "66.82700", "2006-05-31": "67.07600", "2006-02-28": "66.77300", "2005-11-30": "66.37600", "2005-08-31": "67.93400", "2005-05-31": "68.34100", "2005-02-28": "68.99700"}, "Shares Outstanding": {"2020-11-30": "55.85000", "2020-08-31": "55.64300", "2020-05-31": "55.59900", "2020-02-29": "55.58700", "2019-11-30": "55.44400", "2019-08-31": "55.50800", "2019-05-31": "55.38700", "2019-02-28": "55.36200", "2018-11-30": "55.83100", "2018-08-31": "56.70700", "2018-05-31": "56.80400", "2018-02-28": "56.89200", "2017-11-30": "56.50400", "2017-08-31": "56.97100", "2017-05-31": "57.26400", "2017-02-28": "57.21300", "2016-11-30": "56.60800", "2016-08-31": "61.07600", "2016-05-31": "61.36900", "2016-02-29": "61.31300", "2015-11-30": "61.40800", "2015-08-31": "61.48700", "2015-05-31": "61.42400", "2015-02-28": "61.56600", "2014-11-30": "61.54200", "2014-08-31": "62.33900", "2014-05-31": "62.21200", "2014-02-28": "62.05000", "2013-11-30": "63.07800", "2013-08-31": "63.01100", "2013-05-31": "63.13400", "2013-02-28": "63.00800", "2012-11-30": "62.70100", "2012-08-31": "62.80300", "2012-05-31": "63.05500", "2012-02-29": "63.00800", "2011-11-30": "62.62700", "2011-08-31": "63.32400", "2011-05-31": "63.63000", "2011-02-28": "63.32500", "2010-11-30": "62.79500", "2010-08-31": "62.93000", "2010-05-31": "63.32000", "2010-02-28": "63.03100", "2009-11-30": "62.72700", "2009-08-31": "62.36200", "2009-05-31": "62.35200", "2009-02-28": "62.25500", "2008-11-30": "62.29800", "2008-08-31": "64.50800", "2008-05-31": "63.70900", "2008-02-29": "65.19800", "2007-11-30": "66.70400", "2007-08-31": "67.05700", "2007-05-31": "66.74000", "2007-02-28": "66.78100", "2006-11-30": "67.71200", "2006-08-31": "68.31900", "2006-05-31": "68.73000", "2006-02-28": "68.32700", "2005-11-30": "67.78700", "2005-08-31": "69.88900", "2005-05-31": "70.11100", "2005-02-28": "71.10300"}, "Basic EPS": {"2020-11-30": "0.69000", "2020-08-31": "0.95000", "2020-05-31": "1.40000", "2020-02-29": "1.00000", "2019-11-30": "1.18000", "2019-08-31": "1.21000", "2019-05-31": "1.44000", "2019-02-28": "1.24000", "2018-11-30": "1.34000", "2018-08-31": "1.30000", "2018-05-31": "1.40000", "2018-02-28": "2.08000", "2017-11-30": "1.06000", "2017-08-31": "1.08000", "2017-05-31": "1.10000", "2017-02-28": "0.94000", "2016-11-30": "0.96000", "2016-08-31": "1.02000", "2016-05-31": "1.06000", "2016-02-29": "0.81000", "2015-11-30": "0.89000", "2015-08-31": "0.96000", "2015-05-31": "1.03000", "2015-02-28": "0.84000", "2014-11-30": "0.92000", "2014-08-31": "1.01000", "2014-05-31": "1.04000", "2014-02-28": "0.80000", "2013-11-30": "0.93000", "2013-08-31": "0.88000", "2013-05-31": "0.99000", "2013-02-28": "0.89000", "2012-11-30": "1.01000", "2012-08-31": "1.11000", "2012-05-31": "1.11000", "2012-02-29": "0.95000", "2011-11-30": "0.95000", "2011-08-31": "0.95000", "2011-05-31": "0.97000", "2011-02-28": "0.78000", "2010-11-30": "0.75000", "2010-08-31": "0.70000", "2010-05-31": "0.70000", "2010-02-28": "0.49000", "2009-11-30": "0.50000", "2009-08-31": "0.41000", "2009-05-31": "0.45000", "2009-02-28": "0.42000", "2008-11-30": "0.73000", "2008-08-31": "0.79000", "2008-05-31": "0.82000", "2008-02-29": "0.74000", "2007-11-30": "0.71000", "2007-08-31": "0.71000", "2007-05-31": "0.70000", "2007-02-28": "0.62000", "2006-11-30": "0.61000", "2006-08-31": "0.51000", "2006-05-31": "0.55000", "2006-02-28": "0.50000", "2005-11-30": "0.48000", "2005-08-31": "0.42000", "2005-05-31": "0.45000", "2005-02-28": "0.40000"}, "EPS - Earnings Per Share": {"2020-11-30": "0.69000", "2020-08-31": "0.93000", "2020-05-31": "1.40000", "2020-02-29": "1.00000", "2019-11-30": "1.18000", "2019-08-31": "1.19000", "2019-05-31": "1.44000", "2019-02-28": "1.24000", "2018-11-30": "1.33000", "2018-08-31": "1.30000", "2018-05-31": "1.39000", "2018-02-28": "2.06000", "2017-11-30": "1.05000", "2017-08-31": "1.07000", "2017-05-31": "1.09000", "2017-02-28": "0.93000", "2016-11-30": "0.96000", "2016-08-31": "1.03000", "2016-05-31": "1.05000", "2016-02-29": "0.80000", "2015-11-30": "0.89000", "2015-08-31": "0.97000", "2015-05-31": "1.03000", "2015-02-28": "0.83000", "2014-11-30": "0.91000", "2014-08-31": "1.01000", "2014-05-31": "1.03000", "2014-02-28": "0.79000", "2013-11-30": "0.93000", "2013-08-31": "0.89000", "2013-05-31": "0.98000", "2013-02-28": "0.88000", "2012-11-30": "1.00000", "2012-08-31": "1.09000", "2012-05-31": "1.10000", "2012-02-29": "0.95000", "2011-11-30": "0.95000", "2011-08-31": "0.93000", "2011-05-31": "0.97000", "2011-02-28": "0.78000", "2010-11-30": "0.75000", "2010-08-31": "0.70000", "2010-05-31": "0.69000", "2010-02-28": "0.48000", "2009-11-30": "0.50000", "2009-08-31": "0.41000", "2009-05-31": "0.44000", "2009-02-28": "0.42000", "2008-11-30": "0.72000", "2008-08-31": "0.78000", "2008-05-31": "0.81000", "2008-02-29": "0.73000", "2007-11-30": "0.70000", "2007-08-31": "0.69000", "2007-05-31": "0.69000", "2007-02-28": "0.61000", "2006-11-30": "0.60000", "2006-08-31": "0.50000", "2006-05-31": "0.54000", "2006-02-28": "0.49000", "2005-11-30": "0.47000", "2005-08-31": "0.41000", "2005-05-31": "0.44000", "2005-02-28": "0.39000"}}, "balance sheet": {"Cash On Hand": {"2020-08-31": "125.21100", "2019-08-31": "32.28600", "2018-08-31": "46.21700", "2017-08-31": "16.08300", "2016-08-31": "52.89000", "2015-08-31": "38.26700", "2014-08-31": "47.15400", "2013-08-31": "55.87600", "2012-08-31": "168.45300", "2011-08-31": "95.95900", "2010-08-31": "121.19100", "2009-08-31": "225.57200", "2008-08-31": "42.84300", "2007-08-31": "7.79700", "2006-08-31": "7.71800", "2005-08-31": "45.27400"}, "Receivables": {"2020-08-31": "491.74300", "2019-08-31": "541.09100", "2018-08-31": "523.89200", "2017-08-31": "471.79500", "2016-08-31": "392.46300", "2015-08-31": "403.46800", "2014-08-31": "382.78400", "2013-08-31": "345.36600", "2012-08-31": "297.21500", "2011-08-31": "266.54500", "2010-08-31": "221.01300", "2009-08-31": "165.36800", "2008-08-31": "216.40700", "2007-08-31": "204.18600", "2006-08-31": "185.73400", "2005-08-31": "126.50100"}, "Inventory": {"2020-08-31": "543.10600", "2019-08-31": "559.13600", "2018-08-31": "518.49600", "2017-08-31": "464.95900", "2016-08-31": "444.22100", "2015-08-31": "506.63100", "2014-08-31": "449.81400", "2013-08-31": "419.01200", "2012-08-31": "393.41200", "2011-08-31": "344.85400", "2010-08-31": "285.98500", "2009-08-31": "246.64900", "2008-08-31": "320.43400", "2007-08-31": "338.36600", "2006-08-31": "298.39100", "2005-08-31": "231.19900"}, "Pre-Paid Expenses": {"2020-08-31": "77.71000", "2019-08-31": "67.09900", "2018-08-31": "58.90200", "2017-08-31": "52.74200", "2016-08-31": "45.29000", "2015-08-31": "39.06700", "2014-08-31": "40.41000", "2013-08-31": "35.46400", "2012-08-31": "29.31300", "2011-08-31": "22.54500", "2010-08-31": "20.49800", "2009-08-31": "17.16900", "2008-08-31": "19.18500", "2007-08-31": "20.74800", "2006-08-31": "21.34100", "2005-08-31": "18.85600"}, "Other Current Assets": {"2020-08-31": "", "2019-08-31": "", "2018-08-31": "", "2017-08-31": "", "2016-08-31": "", "2015-08-31": "", "2014-08-31": "", "2013-08-31": "", "2012-08-31": "", "2011-08-31": "", "2010-08-31": "", "2009-08-31": "", "2008-08-31": "", "2007-08-31": "", "2006-08-31": "", "2005-08-31": ""}, "Total Current Assets": {"2020-08-31": "1237.77000", "2019-08-31": "1199.61200", "2018-08-31": "1147.50700", "2017-08-31": "1005.57900", "2016-08-31": "981.49100", "2015-08-31": "1032.07600", "2014-08-31": "961.41500", "2013-08-31": "893.48900", "2012-08-31": "920.11100", "2011-08-31": "758.43400", "2010-08-31": "676.53600", "2009-08-31": "682.71400", "2008-08-31": "622.67600", "2007-08-31": "589.80200", "2006-08-31": "527.47300", "2005-08-31": "431.99600"}, "Property, Plant, And Equipment": {"2020-08-31": "301.97900", "2019-08-31": "310.85400", "2018-08-31": "311.68500", "2017-08-31": "316.30500", "2016-08-31": "320.54400", "2015-08-31": "291.15600", "2014-08-31": "294.34800", "2013-08-31": "251.53600", "2012-08-31": "174.59700", "2011-08-31": "148.81300", "2010-08-31": "143.60900", "2009-08-31": "131.88500", "2008-08-31": "128.93100", "2007-08-31": "127.60800", "2006-08-31": "122.10000", "2005-08-31": "102.21900"}, "Long-Term Investments": {"2020-08-31": "", "2019-08-31": "", "2018-08-31": "", "2017-08-31": "", "2016-08-31": "", "2015-08-31": "", "2014-08-31": "", "2013-08-31": "", "2012-08-31": "", "2011-08-31": "", "2010-08-31": "", "2009-08-31": "", "2008-08-31": "", "2007-08-31": "", "2006-08-31": "", "2005-08-31": "40.22400"}, "Goodwill And Intangible Assets": {"2020-08-31": "782.45200", "2019-08-31": "793.93400", "2018-08-31": "797.72200", "2017-08-31": "744.15700", "2016-08-31": "729.38800", "2015-08-31": "743.43100", "2014-08-31": "767.64900", "2013-08-31": "785.64200", "2012-08-31": "340.33600", "2011-08-31": "325.73900", "2010-08-31": "320.51600", "2009-08-31": "327.53100", "2008-08-31": "335.02800", "2007-08-31": "343.63800", "2006-08-31": "347.94400", "2005-08-31": "63.20200"}, "Other Long-Term Assets": {"2020-08-31": "4.05600", "2019-08-31": "6.83700", "2018-08-31": "31.81300", "2017-08-31": "32.87100", "2016-08-31": "33.52800", "2015-08-31": "33.52300", "2014-08-31": "37.33500", "2013-08-31": "12.33600", "2012-08-31": "9.83200", "2011-08-31": "11.43700", "2010-08-31": "12.66200", "2009-08-31": "15.41700", "2008-08-31": "16.09100", "2007-08-31": "14.27900", "2006-08-31": "16.78100", "2005-08-31": "13.95700"}, "Total Long-Term Assets": {"2020-08-31": "1144.66000", "2019-08-31": "1111.62500", "2018-08-31": "1141.22000", "2017-08-31": "1093.33300", "2016-08-31": "1083.46000", "2015-08-31": "1068.11000", "2014-08-31": "1099.33200", "2013-08-31": "1049.51400", "2012-08-31": "524.76500", "2011-08-31": "485.98900", "2010-08-31": "476.78700", "2009-08-31": "474.83300", "2008-08-31": "480.05000", "2007-08-31": "485.52500", "2006-08-31": "486.82500", "2005-08-31": "219.60200"}, "Total Assets": {"2020-08-31": "2382.43000", "2019-08-31": "2311.23700", "2018-08-31": "2288.72700", "2017-08-31": "2098.91200", "2016-08-31": "2064.95100", "2015-08-31": "2100.18600", "2014-08-31": "2060.74700", "2013-08-31": "1943.00300", "2012-08-31": "1444.87600", "2011-08-31": "1244.42300", "2010-08-31": "1153.32300", "2009-08-31": "1157.54700", "2008-08-31": "1102.72600", "2007-08-31": "1075.32700", "2006-08-31": "1014.29800", "2005-08-31": "651.59800"}, "Total Current Liabilities": {"2020-08-31": "408.73300", "2019-08-31": "446.91600", "2018-08-31": "490.52300", "2017-08-31": "557.72500", "2016-08-31": "478.60200", "2015-08-31": "421.98700", "2014-08-31": "309.16400", "2013-08-31": "213.57900", "2012-08-31": "170.51500", "2011-08-31": "172.20200", "2010-08-31": "190.28500", "2009-08-31": "255.83800", "2008-08-31": "244.37100", "2007-08-31": "173.28700", "2006-08-31": "152.72700", "2005-08-31": "92.80200"}, "Long Term Debt": {"2020-08-31": "497.01800", "2019-08-31": "266.43100", "2018-08-31": "311.23600", "2017-08-31": "200.99100", "2016-08-31": "339.77200", "2015-08-31": "214.11900", "2014-08-31": "240.23500", "2013-08-31": "241.56600", "2012-08-31": "2.18900", "2011-08-31": "", "2010-08-31": "", "2009-08-31": "39.36500", "2008-08-31": "98.47300", "2007-08-31": "142.20000", "2006-08-31": "192.98600", "2005-08-31": "0.83000"}, "Other Non-Current Liabilities": {"2020-08-31": "", "2019-08-31": "", "2018-08-31": "", "2017-08-31": "", "2016-08-31": "", "2015-08-31": "", "2014-08-31": "", "2013-08-31": "", "2012-08-31": "", "2011-08-31": "", "2010-08-31": "", "2009-08-31": "", "2008-08-31": "", "2007-08-31": "", "2006-08-31": "", "2005-08-31": ""}, "Total Long Term Liabilities": {"2020-08-31": "653.12400", "2019-08-31": "380.44200", "2018-08-31": "410.95000", "2017-08-31": "316.04700", "2016-08-31": "487.97300", "2015-08-31": "345.32900", "2014-08-31": "353.02000", "2013-08-31": "339.04100", "2012-08-31": "87.25000", "2011-08-31": "79.10900", "2010-08-31": "63.15800", "2009-08-31": "96.17300", "2008-08-31": "146.74300", "2007-08-31": "174.16300", "2006-08-31": "222.29800", "2005-08-31": "28.38000"}, "Total Liabilities": {"2020-08-31": "1061.85700", "2019-08-31": "827.35800", "2018-08-31": "901.47300", "2017-08-31": "873.77200", "2016-08-31": "966.57500", "2015-08-31": "767.31600", "2014-08-31": "662.18400", "2013-08-31": "552.62000", "2012-08-31": "257.76500", "2011-08-31": "251.31100", "2010-08-31": "253.44300", "2009-08-31": "352.01100", "2008-08-31": "391.11400", "2007-08-31": "347.45000", "2006-08-31": "375.02500", "2005-08-31": "121.18200"}, "Common Stock Net": {"2020-08-31": "0.05700", "2019-08-31": "0.05600", "2018-08-31": "0.06500", "2017-08-31": "0.06600", "2016-08-31": "0.06500", "2015-08-31": "0.06900", "2014-08-31": "0.06900", "2013-08-31": "0.06900", "2012-08-31": "0.06900", "2011-08-31": "0.06700", "2010-08-31": "0.06600", "2009-08-31": "0.06500", "2008-08-31": "0.07700", "2007-08-31": "0.07700", "2006-08-31": "0.07600", "2005-08-31": "0.07500"}, "Retained Earnings (Accumulated Deficit)": {"2020-08-31": "749.51500", "2019-08-31": "946.65100", "2018-08-31": "1325.82200", "2017-08-31": "1168.81200", "2016-08-31": "1040.14800", "2015-08-31": "1232.38100", "2014-08-31": "1286.06800", "2013-08-31": "1132.86800", "2012-08-31": "970.96500", "2011-08-31": "775.14900", "2010-08-31": "675.96800", "2009-08-31": "577.32100", "2008-08-31": "758.34700", "2007-08-31": "609.71300", "2006-08-31": "477.30500", "2005-08-31": "376.25100"}, "Comprehensive Income": {"2020-08-31": "-21.41800", "2019-08-31": "-22.77600", "2018-08-31": "-19.63400", "2017-08-31": "-17.26300", "2016-08-31": "-19.09800", "2015-08-31": "-17.25200", "2014-08-31": "-5.05400", "2013-08-31": "-4.42700", "2012-08-31": "-2.44300", "2011-08-31": "-2.08500", "2010-08-31": "-2.66000", "2009-08-31": "-2.06800", "2008-08-31": "-0.67600", "2007-08-31": "0.69400", "2006-08-31": "0.02700", "2005-08-31": "-0.08200"}, "Other Share Holders Equity": {"2020-08-31": "", "2019-08-31": "", "2018-08-31": "", "2017-08-31": "", "2016-08-31": "", "2015-08-31": "", "2014-08-31": "", "2013-08-31": "", "2012-08-31": "", "2011-08-31": "", "2010-08-31": "", "2009-08-31": "", "2008-08-31": "", "2007-08-31": "", "2006-08-31": "", "2005-08-31": ""}, "Share Holder Equity": {"2020-08-31": "1320.57300", "2019-08-31": "1483.87900", "2018-08-31": "1387.25400", "2017-08-31": "1225.14000", "2016-08-31": "1098.37600", "2015-08-31": "1332.87000", "2014-08-31": "1398.56300", "2013-08-31": "1390.38300", "2012-08-31": "1187.11100", "2011-08-31": "993.11200", "2010-08-31": "899.88000", "2009-08-31": "805.53600", "2008-08-31": "711.61200", "2007-08-31": "727.87700", "2006-08-31": "639.27300", "2005-08-31": "530.41600"}, "Total Liabilities And Share Holders Equity": {"2020-08-31": "2382.43000", "2019-08-31": "2311.23700", "2018-08-31": "2288.72700", "2017-08-31": "2098.91200", "2016-08-31": "2064.95100", "2015-08-31": "2100.18600", "2014-08-31": "2060.74700", "2013-08-31": "1943.00300", "2012-08-31": "1444.87600", "2011-08-31": "1244.42300", "2010-08-31": "1153.32300", "2009-08-31": "1157.54700", "2008-08-31": "1102.72600", "2007-08-31": "1075.32700", "2006-08-31": "1014.29800", "2005-08-31": "651.59800"}}, "balance sheet, quarterly": {"Cash On Hand": {"2020-11-30": "53.10400", "2020-08-31": "125.21100", "2020-05-31": "353.39300", "2020-02-29": "44.86700", "2019-11-30": "27.77800", "2019-08-31": "32.28600", "2019-05-31": "38.77100", "2019-02-28": "31.16700", "2018-11-30": "11.61500", "2018-08-31": "46.21700", "2018-05-31": "39.99300", "2018-02-28": "31.60800", "2017-11-30": "20.25200", "2017-08-31": "16.08300", "2017-05-31": "27.57800", "2017-02-28": "35.60200", "2016-11-30": "32.12200", "2016-08-31": "52.89000", "2016-05-31": "32.32800", "2016-02-29": "23.96000", "2015-11-30": "37.87900", "2015-08-31": "38.26700", "2015-05-31": "24.86300", "2015-02-28": "27.42500", "2014-11-30": "46.70400", "2014-08-31": "47.15400", "2014-05-31": "45.35800", "2014-02-28": "45.32300", "2013-11-30": "48.43000", "2013-08-31": "55.87600", "2013-05-31": "58.01700", "2013-02-28": "243.94900", "2012-11-30": "233.50600", "2012-08-31": "168.45300", "2012-05-31": "110.94900", "2012-02-29": "108.88100", "2011-11-30": "128.23400", "2011-08-31": "95.95900", "2011-05-31": "136.77100", "2011-02-28": "75.67500", "2010-11-30": "80.54500", "2010-08-31": "121.19100", "2010-05-31": "167.90000", "2010-02-28": "245.94600", "2009-11-30": "250.62000", "2009-08-31": "225.57200", "2009-05-31": "208.19200", "2009-02-28": "137.92800", "2008-11-30": "91.25900", "2008-08-31": "42.84300", "2008-05-31": "6.10400", "2008-02-29": "7.35100", "2007-11-30": "5.09300", "2007-08-31": "7.79700", "2007-05-31": "9.89200", "2007-02-28": "5.05400", "2006-11-30": "10.34100", "2006-08-31": "7.71800", "2006-05-31": "135.15100", "2006-02-28": "102.20900", "2005-11-30": "94.60100", "2005-08-31": "45.27400", "2005-05-31": "43.64700", "2005-02-28": "56.21700"}, "Receivables": {"2020-11-30": "493.69300", "2020-08-31": "491.74300", "2020-05-31": "544.44600", "2020-02-29": "536.90200", "2019-11-30": "536.87800", "2019-08-31": "541.09100", "2019-05-31": "546.48600", "2019-02-28": "540.75600", "2018-11-30": "531.40600", "2018-08-31": "523.89200", "2018-05-31": "510.83200", "2018-02-28": "501.06700", "2017-11-30": "479.39100", "2017-08-31": "471.79500", "2017-05-31": "436.72900", "2017-02-28": "429.86200", "2016-11-30": "391.68500", "2016-08-31": "392.46300", "2016-05-31": "395.46400", "2016-02-29": "389.35900", "2015-11-30": "387.56100", "2015-08-31": "403.46800", "2015-05-31": "406.22400", "2015-02-28": "406.55700", "2014-11-30": "391.43200", "2014-08-31": "382.78400", "2014-05-31": "369.54200", "2014-02-28": "365.07400", "2013-11-30": "348.67300", "2013-08-31": "345.36600", "2013-05-31": "337.77900", "2013-02-28": "304.71200", "2012-11-30": "288.28800", "2012-08-31": "297.21500", "2012-05-31": "298.09100", "2012-02-29": "291.96800", "2011-11-30": "269.87200", "2011-08-31": "266.54500", "2011-05-31": "257.08800", "2011-02-28": "246.59500", "2010-11-30": "225.48800", "2010-08-31": "221.01300", "2010-05-31": "212.87300", "2010-02-28": "194.46900", "2009-11-30": "177.81200", "2009-08-31": "165.36800", "2009-05-31": "159.92000", "2009-02-28": "175.16600", "2008-11-30": "201.56400", "2008-08-31": "216.40700", "2008-05-31": "214.45400", "2008-02-29": "223.50800", "2007-11-30": "210.79600", "2007-08-31": "204.18600", "2007-05-31": "196.29500", "2007-02-28": "197.89400", "2006-11-30": "184.75500", "2006-08-31": "185.73400", "2006-05-31": "145.26900", "2006-02-28": "146.15800", "2005-11-30": "135.81700", "2005-08-31": "126.50100", "2005-05-31": "127.48200", "2005-02-28": "130.49100"}, "Inventory": {"2020-11-30": "521.29900", "2020-08-31": "543.10600", "2020-05-31": "575.09300", "2020-02-29": "556.40200", "2019-11-30": "539.43300", "2019-08-31": "559.13600", "2019-05-31": "560.80000", "2019-02-28": "572.59300", "2018-11-30": "527.98400", "2018-08-31": "518.49600", "2018-05-31": "512.30300", "2018-02-28": "498.98700", "2017-11-30": "469.43200", "2017-08-31": "464.95900", "2017-05-31": "466.47800", "2017-02-28": "464.59200", "2016-11-30": "453.96500", "2016-08-31": "444.22100", "2016-05-31": "462.14100", "2016-02-29": "464.22500", "2015-11-30": "492.45000", "2015-08-31": "506.63100", "2015-05-31": "510.78300", "2015-02-28": "506.05900", "2014-11-30": "493.65800", "2014-08-31": "449.81400", "2014-05-31": "429.43100", "2014-02-28": "393.55800", "2013-11-30": "416.31700", "2013-08-31": "419.01200", "2013-05-31": "414.26800", "2013-02-28": "364.72600", "2012-11-30": "387.61500", "2012-08-31": "393.41200", "2012-05-31": "392.51000", "2012-02-29": "377.91200", "2011-11-30": "360.53200", "2011-08-31": "344.85400", "2011-05-31": "321.85900", "2011-02-28": "305.07200", "2010-11-30": "299.06900", "2010-08-31": "285.98500", "2010-05-31": "266.06600", "2010-02-28": "242.81200", "2009-11-30": "243.28300", "2009-08-31": "246.64900", "2009-05-31": "261.08300", "2009-02-28": "289.21500", "2008-11-30": "324.70500", "2008-08-31": "320.43400", "2008-05-31": "346.49500", "2008-02-29": "343.47300", "2007-11-30": "357.94000", "2007-08-31": "338.36600", "2007-05-31": "317.15300", "2007-02-28": "309.75400", "2006-11-30": "306.52500", "2006-08-31": "298.39100", "2006-05-31": "254.40000", "2006-02-28": "241.70500", "2005-11-30": "238.30300", "2005-08-31": "231.19900", "2005-05-31": "238.15900", "2005-02-28": "237.05900"}, "Pre-Paid Expenses": {"2020-11-30": "80.22200", "2020-08-31": "77.71000", "2020-05-31": "83.02200", "2020-02-29": "74.37600", "2019-11-30": "66.73100", "2019-08-31": "67.09900", "2019-05-31": "69.71500", "2019-02-28": "99.38700", "2018-11-30": "60.92800", "2018-08-31": "58.90200", "2018-05-31": "53.05700", "2018-02-28": "56.25300", "2017-11-30": "54.44100", "2017-08-31": "52.74200", "2017-05-31": "49.69200", "2017-02-28": "45.77100", "2016-11-30": "41.47300", "2016-08-31": "45.29000", "2016-05-31": "39.38700", "2016-02-29": "49.37200", "2015-11-30": "42.27500", "2015-08-31": "39.06700", "2015-05-31": "39.37000", "2015-02-28": "51.77300", "2014-11-30": "45.16300", "2014-08-31": "40.41000", "2014-05-31": "38.97600", "2014-02-28": "38.50300", "2013-11-30": "30.86400", "2013-08-31": "35.46400", "2013-05-31": "43.58400", "2013-02-28": "38.79100", "2012-11-30": "33.48000", "2012-08-31": "29.31300", "2012-05-31": "34.54400", "2012-02-29": "31.91000", "2011-11-30": "26.29200", "2011-08-31": "22.54500", "2011-05-31": "19.61200", "2011-02-28": "22.37200", "2010-11-30": "21.45000", "2010-08-31": "20.49800", "2010-05-31": "18.72900", "2010-02-28": "17.02100", "2009-11-30": "14.70000", "2009-08-31": "17.16900", "2009-05-31": "15.86700", "2009-02-28": "14.04000", "2008-11-30": "16.22600", "2008-08-31": "19.18500", "2008-05-31": "18.55800", "2008-02-29": "18.38200", "2007-11-30": "22.21600", "2007-08-31": "20.74800", "2007-05-31": "19.87400", "2007-02-28": "20.19000", "2006-11-30": "18.77600", "2006-08-31": "21.34100", "2006-05-31": "20.46300", "2006-02-28": "16.52700", "2005-11-30": "15.93200", "2005-08-31": "18.85600", "2005-05-31": "16.78500", "2005-02-28": "16.41100"}, "Other Current Assets": {"2020-11-30": "", "2020-08-31": "", "2020-05-31": "", "2020-02-29": "", "2019-11-30": "", "2019-08-31": "", "2019-05-31": "", "2019-02-28": "", "2018-11-30": "", "2018-08-31": "", "2018-05-31": "", "2018-02-28": "", "2017-11-30": "", "2017-08-31": "", "2017-05-31": "", "2017-02-28": "", "2016-11-30": "", "2016-08-31": "", "2016-05-31": "", "2016-02-29": "", "2015-11-30": "", "2015-08-31": "", "2015-05-31": "", "2015-02-28": "", "2014-11-30": "", "2014-08-31": "", "2014-05-31": "", "2014-02-28": "", "2013-11-30": "", "2013-08-31": "", "2013-05-31": "", "2013-02-28": "", "2012-11-30": "", "2012-08-31": "", "2012-05-31": "", "2012-02-29": "", "2011-11-30": "", "2011-08-31": "", "2011-05-31": "", "2011-02-28": "", "2010-11-30": "", "2010-08-31": "", "2010-05-31": "", "2010-02-28": "", "2009-11-30": "", "2009-08-31": "", "2009-05-31": "", "2009-02-28": "", "2008-11-30": "", "2008-08-31": "", "2008-05-31": "", "2008-02-29": "", "2007-11-30": "", "2007-08-31": "", "2007-05-31": "", "2007-02-28": "", "2006-11-30": "", "2006-08-31": "", "2006-05-31": "", "2006-02-28": "", "2005-11-30": "", "2005-08-31": "", "2005-05-31": "", "2005-02-28": ""}, "Total Current Assets": {"2020-11-30": "1148.31800", "2020-08-31": "1237.77000", "2020-05-31": "1555.95400", "2020-02-29": "1212.54700", "2019-11-30": "1170.82000", "2019-08-31": "1199.61200", "2019-05-31": "1215.77200", "2019-02-28": "1243.90300", "2018-11-30": "1131.93300", "2018-08-31": "1147.50700", "2018-05-31": "1116.18500", "2018-02-28": "1087.91500", "2017-11-30": "1023.51600", "2017-08-31": "1005.57900", "2017-05-31": "980.47700", "2017-02-28": "975.82700", "2016-11-30": "919.24500", "2016-08-31": "981.49100", "2016-05-31": "973.96300", "2016-02-29": "971.55900", "2015-11-30": "1004.80800", "2015-08-31": "1032.07600", "2015-05-31": "1022.49300", "2015-02-28": "1033.06700", "2014-11-30": "1018.21000", "2014-08-31": "961.41500", "2014-05-31": "921.07800", "2014-02-28": "880.22900", "2013-11-30": "882.05500", "2013-08-31": "893.48900", "2013-05-31": "885.36600", "2013-02-28": "983.89600", "2012-11-30": "974.60700", "2012-08-31": "920.11100", "2012-05-31": "866.71000", "2012-02-29": "838.80600", "2011-11-30": "812.06500", "2011-08-31": "758.43400", "2011-05-31": "761.60000", "2011-02-28": "675.32800", "2010-11-30": "652.40600", "2010-08-31": "676.53600", "2010-05-31": "691.88100", "2010-02-28": "727.78500", "2009-11-30": "713.33200", "2009-08-31": "682.71400", "2009-05-31": "670.39100", "2009-02-28": "640.97300", "2008-11-30": "658.57000", "2008-08-31": "622.67600", "2008-05-31": "608.53400", "2008-02-29": "613.71400", "2007-11-30": "616.32100", "2007-08-31": "589.80200", "2007-05-31": "563.00000", "2007-02-28": "550.32200", "2006-11-30": "536.45500", "2006-08-31": "527.47300", "2006-05-31": "567.43200", "2006-02-28": "518.38500", "2005-11-30": "495.53200", "2005-08-31": "431.99600", "2005-05-31": "436.19600", "2005-02-28": "450.03800"}, "Property, Plant, And Equipment": {"2020-11-30": "297.78000", "2020-08-31": "301.97900", "2020-05-31": "307.15000", "2020-02-29": "311.26700", "2019-11-30": "312.31700", "2019-08-31": "310.85400", "2019-05-31": "306.56400", "2019-02-28": "307.31000", "2018-11-30": "307.58600", "2018-08-31": "311.68500", "2018-05-31": "311.26400", "2018-02-28": "308.12400", "2017-11-30": "311.84600", "2017-08-31": "316.30500", "2017-05-31": "317.29700", "2017-02-28": "318.98100", "2016-11-30": "319.69600", "2016-08-31": "320.54400", "2016-05-31": "286.25100", "2016-02-29": "287.55700", "2015-11-30": "292.69300", "2015-08-31": "291.15600", "2015-05-31": "289.07400", "2015-02-28": "291.84300", "2014-11-30": "293.23200", "2014-08-31": "294.34800", "2014-05-31": "291.09700", "2014-02-28": "280.02700", "2013-11-30": "272.68400", "2013-08-31": "251.53600", "2013-05-31": "234.64300", "2013-02-28": "201.62800", "2012-11-30": "187.61500", "2012-08-31": "174.59700", "2012-05-31": "162.58600", "2012-02-29": "158.19200", "2011-11-30": "154.89800", "2011-08-31": "148.81300", "2011-05-31": "147.64900", "2011-02-28": "147.49900", "2010-11-30": "142.87800", "2010-08-31": "143.60900", "2010-05-31": "139.69700", "2010-02-28": "135.35200", "2009-11-30": "132.32800", "2009-08-31": "131.88500", "2009-05-31": "131.98100", "2009-02-28": "131.39700", "2008-11-30": "130.30500", "2008-08-31": "128.93100", "2008-05-31": "124.33900", "2008-02-29": "123.94700", "2007-11-30": "125.40700", "2007-08-31": "127.60800", "2007-05-31": "127.32300", "2007-02-28": "127.35100", "2006-11-30": "123.47600", "2006-08-31": "122.10000", "2006-05-31": "108.66900", "2006-02-28": "103.98000", "2005-11-30": "101.77600", "2005-08-31": "102.21900", "2005-05-31": "102.03800", "2005-02-28": "102.91500"}, "Long-Term Investments": {"2020-11-30": "", "2020-08-31": "", "2020-05-31": "", "2020-02-29": "", "2019-11-30": "", "2019-08-31": "", "2019-05-31": "", "2019-02-28": "", "2018-11-30": "", "2018-08-31": "", "2018-05-31": "", "2018-02-28": "", "2017-11-30": "", "2017-08-31": "", "2017-05-31": "", "2017-02-28": "", "2016-11-30": "", "2016-08-31": "", "2016-05-31": "", "2016-02-29": "", "2015-11-30": "", "2015-08-31": "", "2015-05-31": "", "2015-02-28": "", "2014-11-30": "", "2014-08-31": "", "2014-05-31": "", "2014-02-28": "", "2013-11-30": "", "2013-08-31": "", "2013-05-31": "", "2013-02-28": "", "2012-11-30": "", "2012-08-31": "", "2012-05-31": "", "2012-02-29": "", "2011-11-30": "", "2011-08-31": "", "2011-05-31": "", "2011-02-28": "", "2010-11-30": "", "2010-08-31": "", "2010-05-31": "", "2010-02-28": "", "2009-11-30": "", "2009-08-31": "", "2009-05-31": "", "2009-02-28": "", "2008-11-30": "", "2008-08-31": "", "2008-05-31": "", "2008-02-29": "", "2007-11-30": "", "2007-08-31": "", "2007-05-31": "", "2007-02-28": "", "2006-11-30": "", "2006-08-31": "", "2006-05-31": "21.73800", "2006-02-28": "19.76900", "2005-11-30": "23.24200", "2005-08-31": "40.22400", "2005-05-31": "139.78700", "2005-02-28": "145.24300"}, "Goodwill And Intangible Assets": {"2020-11-30": "780.44300", "2020-08-31": "782.45200", "2020-05-31": "783.45900", "2020-02-29": "787.68300", "2019-11-30": "791.06500", "2019-08-31": "793.93400", "2019-05-31": "796.62300", "2019-02-28": "800.56300", "2018-11-30": "794.22600", "2018-08-31": "797.72200", "2018-05-31": "798.55800", "2018-02-28": "738.71110", "2017-11-30": "741.26000", "2017-08-31": "744.15700", "2017-05-31": "722.06600", "2017-02-28": "724.39900", "2016-11-30": "726.61300", "2016-08-31": "729.38800", "2016-05-31": "731.42500", "2016-02-29": "734.23100", "2015-11-30": "738.83200", "2015-08-31": "743.43100", "2015-05-31": "749.68900", "2015-02-28": "753.61100", "2014-11-30": "761.44700", "2014-08-31": "767.64900", "2014-05-31": "771.90910", "2014-02-28": "774.91100", "2013-11-30": "781.21100", "2013-08-31": "785.64200", "2013-05-31": "792.60800", "2013-02-28": "335.00000", "2012-11-30": "337.67000", "2012-08-31": "340.33600", "2012-05-31": "343.00900", "2012-02-29": "344.60900", "2011-11-30": "323.53700", "2011-08-31": "325.73900", "2011-05-31": "316.74600", "2011-02-28": "318.60100", "2010-11-30": "318.75700", "2010-08-31": "320.51600", "2010-05-31": "322.28500", "2010-02-28": "324.00400", "2009-11-30": "325.77400", "2009-08-31": "327.53100", "2009-05-31": "329.26000", "2009-02-28": "331.05500", "2008-11-30": "333.19300", "2008-08-31": "335.02800", "2008-05-31": "336.97900", "2008-02-29": "339.79400", "2007-11-30": "341.71600", "2007-08-31": "343.63800", "2007-05-31": "345.55900", "2007-02-28": "347.24300", "2006-11-30": "349.16500", "2006-08-31": "347.94400", "2006-05-31": "63.20200", "2006-02-28": "63.20200", "2005-11-30": "63.20200", "2005-08-31": "63.20200", "2005-05-31": "63.20200", "2005-02-28": "63.20200"}, "Other Long-Term Assets": {"2020-11-30": "3.73300", "2020-08-31": "4.05600", "2020-05-31": "4.82600", "2020-02-29": "5.47200", "2019-11-30": "6.17800", "2019-08-31": "6.83700", "2019-05-31": "5.38900", "2019-02-28": "6.34000", "2018-11-30": "31.05300", "2018-08-31": "31.81300", "2018-05-31": "29.72500", "2018-02-28": "30.47200", "2017-11-30": "31.59000", "2017-08-31": "32.87100", "2017-05-31": "31.20300", "2017-02-28": "32.31000", "2016-11-30": "33.92500", "2016-08-31": "33.52800", "2016-05-31": "31.50000", "2016-02-29": "32.10500", "2015-11-30": "33.19000", "2015-08-31": "33.52300", "2015-05-31": "31.98300", "2015-02-28": "33.52800", "2014-11-30": "35.35100", "2014-08-31": "37.33500", "2014-05-31": "34.34300", "2014-02-28": "34.66600", "2013-11-30": "31.78900", "2013-08-31": "12.33600", "2013-05-31": "6.87500", "2013-02-28": "6.13100", "2012-11-30": "8.06100", "2012-08-31": "9.83200", "2012-05-31": "6.79000", "2012-02-29": "7.85500", "2011-11-30": "9.40200", "2011-08-31": "11.43700", "2011-05-31": "5.72300", "2011-02-28": "7.86300", "2010-11-30": "9.41800", "2010-08-31": "12.66200", "2010-05-31": "7.15700", "2010-02-28": "9.92500", "2009-11-30": "12.63800", "2009-08-31": "15.41700", "2009-05-31": "8.10700", "2009-02-28": "10.77200", "2008-11-30": "13.37300", "2008-08-31": "16.09100", "2008-05-31": "8.34400", "2008-02-29": "10.36100", "2007-11-30": "12.49900", "2007-08-31": "14.27900", "2007-05-31": "8.81900", "2007-02-28": "11.47700", "2006-11-30": "13.90200", "2006-08-31": "16.78100", "2006-05-31": "7.35500", "2006-02-28": "9.65900", "2005-11-30": "11.59400", "2005-08-31": "13.95700", "2005-05-31": "6.98900", "2005-02-28": "9.38900"}, "Total Long-Term Assets": {"2020-11-30": "1138.33500", "2020-08-31": "1144.66000", "2020-05-31": "1153.75600", "2020-02-29": "1164.48600", "2019-11-30": "1168.94500", "2019-08-31": "1111.62500", "2019-05-31": "1108.57600", "2019-02-28": "1114.21300", "2018-11-30": "1132.86500", "2018-08-31": "1141.22000", "2018-05-31": "1139.54700", "2018-02-28": "1077.30700", "2017-11-30": "1084.69600", "2017-08-31": "1093.33300", "2017-05-31": "1070.56600", "2017-02-28": "1075.69000", "2016-11-30": "1080.23400", "2016-08-31": "1083.46000", "2016-05-31": "1049.17600", "2016-02-29": "1053.89300", "2015-11-30": "1064.71500", "2015-08-31": "1068.11000", "2015-05-31": "1070.74600", "2015-02-28": "1078.98200", "2014-11-30": "1090.03000", "2014-08-31": "1099.33200", "2014-05-31": "1097.34900", "2014-02-28": "1089.60400", "2013-11-30": "1085.68400", "2013-08-31": "1049.51400", "2013-05-31": "1034.12600", "2013-02-28": "542.75900", "2012-11-30": "533.34590", "2012-08-31": "524.76500", "2012-05-31": "512.38500", "2012-02-29": "510.65600", "2011-11-30": "487.83700", "2011-08-31": "485.98900", "2011-05-31": "470.11800", "2011-02-28": "473.96300", "2010-11-30": "471.05300", "2010-08-31": "476.78700", "2010-05-31": "469.13900", "2010-02-28": "469.28100", "2009-11-30": "470.74000", "2009-08-31": "474.83300", "2009-05-31": "469.34800", "2009-02-28": "473.22400", "2008-11-30": "476.87100", "2008-08-31": "480.05000", "2008-05-31": "469.66200", "2008-02-29": "474.10200", "2007-11-30": "479.62200", "2007-08-31": "485.52500", "2007-05-31": "481.70100", "2007-02-28": "486.07100", "2006-11-30": "486.54300", "2006-08-31": "486.82500", "2006-05-31": "200.96400", "2006-02-28": "196.61000", "2005-11-30": "199.81400", "2005-08-31": "219.60200", "2005-05-31": "312.01600", "2005-02-28": "320.74900"}, "Total Assets": {"2020-11-30": "2286.65300", "2020-08-31": "2382.43000", "2020-05-31": "2709.71000", "2020-02-29": "2377.03300", "2019-11-30": "2339.76500", "2019-08-31": "2311.23700", "2019-05-31": "2324.34800", "2019-02-28": "2358.11600", "2018-11-30": "2264.79800", "2018-08-31": "2288.72700", "2018-05-31": "2255.73200", "2018-02-28": "2165.22200", "2017-11-30": "2108.21200", "2017-08-31": "2098.91200", "2017-05-31": "2051.04300", "2017-02-28": "2051.51700", "2016-11-30": "1999.47900", "2016-08-31": "2064.95100", "2016-05-31": "2023.13900", "2016-02-29": "2025.45200", "2015-11-30": "2069.52300", "2015-08-31": "2100.18600", "2015-05-31": "2093.23900", "2015-02-28": "2112.04900", "2014-11-30": "2108.24000", "2014-08-31": "2060.74700", "2014-05-31": "2018.42700", "2014-02-28": "1969.83300", "2013-11-30": "1967.73900", "2013-08-31": "1943.00300", "2013-05-31": "1919.49200", "2013-02-28": "1526.65500", "2012-11-30": "1507.95300", "2012-08-31": "1444.87600", "2012-05-31": "1379.09500", "2012-02-29": "1349.46200", "2011-11-30": "1299.90200", "2011-08-31": "1244.42300", "2011-05-31": "1231.71800", "2011-02-28": "1149.29100", "2010-11-30": "1123.45900", "2010-08-31": "1153.32300", "2010-05-31": "1161.02000", "2010-02-28": "1197.06600", "2009-11-30": "1184.07200", "2009-08-31": "1157.54700", "2009-05-31": "1139.73900", "2009-02-28": "1114.19700", "2008-11-30": "1135.44100", "2008-08-31": "1102.72600", "2008-05-31": "1078.19600", "2008-02-29": "1087.81600", "2007-11-30": "1095.94300", "2007-08-31": "1075.32700", "2007-05-31": "1044.70100", "2007-02-28": "1036.39300", "2006-11-30": "1022.99800", "2006-08-31": "1014.29800", "2006-05-31": "768.39600", "2006-02-28": "714.99500", "2005-11-30": "695.34600", "2005-08-31": "651.59800", "2005-05-31": "748.21200", "2005-02-28": "770.78700"}, "Total Current Liabilities": {"2020-11-30": "513.98900", "2020-08-31": "408.73300", "2020-05-31": "592.01100", "2020-02-29": "694.55800", "2019-11-30": "403.82800", "2019-08-31": "446.91600", "2019-05-31": "486.06800", "2019-02-28": "567.89100", "2018-11-30": "477.11600", "2018-08-31": "490.52300", "2018-05-31": "528.49300", "2018-02-28": "494.43500", "2017-11-30": "532.12300", "2017-08-31": "557.72500", "2017-05-31": "525.50400", "2017-02-28": "497.96200", "2016-11-30": "458.45700", "2016-08-31": "478.60200", "2016-05-31": "293.51700", "2016-02-29": "332.57800", "2015-11-30": "376.22800", "2015-08-31": "421.98700", "2015-05-31": "456.88800", "2015-02-28": "512.43700", "2014-11-30": "509.30600", "2014-08-31": "309.16400", "2014-05-31": "250.93300", "2014-02-28": "252.81000", "2013-11-30": "290.33000", "2013-08-31": "213.57900", "2013-05-31": "244.84900", "2013-02-28": "145.04300", "2012-11-30": "173.03500", "2012-08-31": "170.51500", "2012-05-31": "166.75100", "2012-02-29": "162.20800", "2011-11-30": "164.36000", "2011-08-31": "172.20200", "2011-05-31": "146.60900", "2011-02-28": "135.02300", "2010-11-30": "165.63200", "2010-08-31": "190.28500", "2010-05-31": "191.82600", "2010-02-28": "279.17100", "2009-11-30": "269.73000", "2009-08-31": "255.83800", "2009-05-31": "243.59800", "2009-02-28": "233.46900", "2008-11-30": "259.53800", "2008-08-31": "244.37100", "2008-05-31": "193.48700", "2008-02-29": "244.85300", "2007-11-30": "189.06600", "2007-08-31": "173.28700", "2007-05-31": "169.87400", "2007-02-28": "178.23700", "2006-11-30": "165.12800", "2006-08-31": "152.72700", "2006-05-31": "102.51500", "2006-02-28": "89.74000", "2005-11-30": "102.88000", "2005-08-31": "92.80200", "2005-05-31": "100.28200", "2005-02-28": "83.01900"}, "Long Term Debt": {"2020-11-30": "466.90500", "2020-08-31": "497.01800", "2020-05-31": "667.23400", "2020-02-29": "267.53300", "2019-11-30": "267.58300", "2019-08-31": "266.43100", "2019-05-31": "284.69100", "2019-02-28": "284.66600", "2018-11-30": "311.65600", "2018-08-31": "311.23600", "2018-05-31": "251.30400", "2018-02-28": "250.89600", "2017-11-30": "201.00200", "2017-08-31": "200.99100", "2017-05-31": "200.97600", "2017-02-28": "271.06000", "2016-11-30": "305.41600", "2016-08-31": "339.77200", "2016-05-31": "177.87500", "2016-02-29": "190.53400", "2015-11-30": "203.22100", "2015-08-31": "214.11900", "2015-05-31": "221.11200", "2015-02-28": "227.43400", "2014-11-30": "233.76500", "2014-08-31": "240.23500", "2014-05-31": "246.07000", "2014-02-28": "251.66900", "2013-11-30": "254.67100", "2013-08-31": "241.56600", "2013-05-31": "242.35300", "2013-02-28": "1.98600", "2012-11-30": "2.24300", "2012-08-31": "2.18900", "2012-05-31": "2.30200", "2012-02-29": "2.51100", "2011-11-30": "2.78900", "2011-08-31": "", "2011-05-31": "", "2011-02-28": "", "2010-11-30": "", "2010-08-31": "", "2010-05-31": "0.04700", "2010-02-28": "0.09100", "2009-11-30": "18.82200", "2009-08-31": "39.36500", "2009-05-31": "59.90800", "2009-02-28": "72.76300", "2008-11-30": "85.61800", "2008-08-31": "98.47300", "2008-05-31": "111.32700", "2008-02-29": "121.61900", "2007-11-30": "131.91000", "2007-08-31": "142.20000", "2007-05-31": "152.49000", "2007-02-28": "177.53100", "2006-11-30": "185.25900", "2006-08-31": "192.98600", "2006-05-31": "0.71300", "2006-02-28": "0.75200", "2005-11-30": "0.79200", "2005-08-31": "0.83000", "2005-05-31": "0.86800", "2005-02-28": "0.90600"}, "Other Non-Current Liabilities": {"2020-11-30": "16.97600", "2020-08-31": "", "2020-05-31": "", "2020-02-29": "", "2019-11-30": "", "2019-08-31": "", "2019-05-31": "", "2019-02-28": "", "2018-11-30": "", "2018-08-31": "", "2018-05-31": "", "2018-02-28": "", "2017-11-30": "", "2017-08-31": "", "2017-05-31": "", "2017-02-28": "", "2016-11-30": "", "2016-08-31": "", "2016-05-31": "", "2016-02-29": "", "2015-11-30": "", "2015-08-31": "", "2015-05-31": "", "2015-02-28": "", "2014-11-30": "", "2014-08-31": "", "2014-05-31": "", "2014-02-28": "", "2013-11-30": "", "2013-08-31": "", "2013-05-31": "", "2013-02-28": "", "2012-11-30": "", "2012-08-31": "", "2012-05-31": "", "2012-02-29": "", "2011-11-30": "", "2011-08-31": "", "2011-05-31": "", "2011-02-28": "", "2010-11-30": "", "2010-08-31": "", "2010-05-31": "", "2010-02-28": "", "2009-11-30": "", "2009-08-31": "", "2009-05-31": "", "2009-02-28": "", "2008-11-30": "", "2008-08-31": "", "2008-05-31": "", "2008-02-29": "", "2007-11-30": "", "2007-08-31": "", "2007-05-31": "", "2007-02-28": "", "2006-11-30": "", "2006-08-31": "", "2006-05-31": "", "2006-02-28": "", "2005-11-30": "", "2005-08-31": "", "2005-05-31": "", "2005-02-28": ""}, "Total Long Term Liabilities": {"2020-11-30": "641.77700", "2020-08-31": "653.12400", "2020-05-31": "817.40700", "2020-02-29": "419.66200", "2019-11-30": "419.57100", "2019-08-31": "380.44200", "2019-05-31": "384.40500", "2019-02-28": "384.38000", "2018-11-30": "411.37000", "2018-08-31": "410.95000", "2018-05-31": "328.18500", "2018-02-28": "324.75200", "2017-11-30": "316.05800", "2017-08-31": "316.04700", "2017-05-31": "302.55000", "2017-02-28": "372.63400", "2016-11-30": "406.99000", "2016-08-31": "487.97300", "2016-05-31": "309.00700", "2016-02-29": "321.66600", "2015-11-30": "334.35300", "2015-08-31": "345.32900", "2015-05-31": "333.80900", "2015-02-28": "340.15900", "2014-11-30": "346.55000", "2014-08-31": "353.02000", "2014-05-31": "343.54500", "2014-02-28": "349.14400", "2013-11-30": "352.14600", "2013-08-31": "339.04100", "2013-05-31": "327.53300", "2013-02-28": "87.04700", "2012-11-30": "87.30400", "2012-08-31": "87.25000", "2012-05-31": "86.52000", "2012-02-29": "79.24000", "2011-11-30": "84.69600", "2011-08-31": "79.10900", "2011-05-31": "75.51700", "2011-02-28": "71.52800", "2010-11-30": "64.79600", "2010-08-31": "63.15800", "2010-05-31": "60.32700", "2010-02-28": "59.31400", "2009-11-30": "76.84400", "2009-08-31": "96.17300", "2009-05-31": "108.09900", "2009-02-28": "119.10100", "2008-11-30": "129.70100", "2008-08-31": "146.74300", "2008-05-31": "150.05400", "2008-02-29": "155.66700", "2007-11-30": "163.62300", "2007-08-31": "174.16300", "2007-05-31": "184.59100", "2007-02-28": "208.95000", "2006-11-30": "215.63300", "2006-08-31": "222.29800", "2006-05-31": "28.68100", "2006-02-28": "27.94800", "2005-11-30": "28.16500", "2005-08-31": "28.38000", "2005-05-31": "28.85700", "2005-02-28": "25.25400"}, "Total Liabilities": {"2020-11-30": "1155.76600", "2020-08-31": "1061.85700", "2020-05-31": "1409.41800", "2020-02-29": "1114.22000", "2019-11-30": "823.39900", "2019-08-31": "827.35800", "2019-05-31": "870.47300", "2019-02-28": "952.27100", "2018-11-30": "888.48600", "2018-08-31": "901.47300", "2018-05-31": "856.67800", "2018-02-28": "819.18700", "2017-11-30": "848.18100", "2017-08-31": "873.77200", "2017-05-31": "828.05400", "2017-02-28": "870.59600", "2016-11-30": "865.44700", "2016-08-31": "966.57500", "2016-05-31": "602.52400", "2016-02-29": "654.24400", "2015-11-30": "710.58100", "2015-08-31": "767.31600", "2015-05-31": "790.69700", "2015-02-28": "852.59600", "2014-11-30": "855.85600", "2014-08-31": "662.18400", "2014-05-31": "594.47800", "2014-02-28": "601.95400", "2013-11-30": "642.47600", "2013-08-31": "552.62000", "2013-05-31": "572.38200", "2013-02-28": "232.09000", "2012-11-30": "260.33900", "2012-08-31": "257.76500", "2012-05-31": "253.27100", "2012-02-29": "241.44800", "2011-11-30": "249.05600", "2011-08-31": "251.31100", "2011-05-31": "222.12600", "2011-02-28": "206.55100", "2010-11-30": "230.42800", "2010-08-31": "253.44300", "2010-05-31": "252.15300", "2010-02-28": "338.48500", "2009-11-30": "346.57400", "2009-08-31": "352.01100", "2009-05-31": "351.69700", "2009-02-28": "352.57000", "2008-11-30": "389.23900", "2008-08-31": "391.11400", "2008-05-31": "343.54100", "2008-02-29": "400.52000", "2007-11-30": "352.68900", "2007-08-31": "347.45000", "2007-05-31": "354.46500", "2007-02-28": "387.18700", "2006-11-30": "380.76100", "2006-08-31": "375.02500", "2006-05-31": "131.19600", "2006-02-28": "117.68800", "2005-11-30": "131.04500", "2005-08-31": "121.18200", "2005-05-31": "129.13900", "2005-02-28": "108.27300"}, "Common Stock Net": {"2020-11-30": "0.05700", "2020-08-31": "0.05700", "2020-05-31": "0.05700", "2020-02-29": "0.05700", "2019-11-30": "0.05600", "2019-08-31": "0.05600", "2019-05-31": "0.06400", "2019-02-28": "0.06400", "2018-11-30": "0.06400", "2018-08-31": "0.06500", "2018-05-31": "0.06500", "2018-02-28": "0.06600", "2017-11-30": "0.06500", "2017-08-31": "0.06600", "2017-05-31": "0.06500", "2017-02-28": "0.06500", "2016-11-30": "0.06500", "2016-08-31": "0.06500", "2016-05-31": "0.07000", "2016-02-29": "0.06900", "2015-11-30": "0.06900", "2015-08-31": "0.06900", "2015-05-31": "0.06900", "2015-02-28": "0.06900", "2014-11-30": "0.06900", "2014-08-31": "0.06900", "2014-05-31": "0.06900", "2014-02-28": "0.06900", "2013-11-30": "0.06900", "2013-08-31": "0.06900", "2013-05-31": "0.06900", "2013-02-28": "0.06900", "2012-11-30": "0.06800", "2012-08-31": "0.06900", "2012-05-31": "0.06800", "2012-02-29": "0.06800", "2011-11-30": "0.06800", "2011-08-31": "0.06700", "2011-05-31": "0.06700", "2011-02-28": "0.06700", "2010-11-30": "0.06700", "2010-08-31": "0.06600", "2010-05-31": "0.06600", "2010-02-28": "0.06500", "2009-11-30": "0.06500", "2009-08-31": "0.06500", "2009-05-31": "0.07800", "2009-02-28": "0.07800", "2008-11-30": "0.07800", "2008-08-31": "0.07700", "2008-05-31": "0.07700", "2008-02-29": "0.07700", "2007-11-30": "0.07700", "2007-08-31": "0.07700", "2007-05-31": "0.07700", "2007-02-28": "0.07700", "2006-11-30": "0.07700", "2006-08-31": "0.07600", "2006-05-31": "0.07600", "2006-02-28": "0.07600", "2005-11-30": "0.07500", "2005-08-31": "0.07500", "2005-05-31": "0.07500", "2005-02-28": "0.07500"}, "Retained Earnings (Accumulated Deficit)": {"2020-11-30": "547.95700", "2020-08-31": "749.51500", "2020-05-31": "739.03500", "2020-02-29": "703.39600", "2019-11-30": "970.13900", "2019-08-31": "946.65100", "2019-05-31": "1394.55100", "2019-02-28": "1349.97200", "2018-11-30": "1316.48900", "2018-08-31": "1325.82200", "2018-05-31": "1331.78800", "2018-02-28": "1285.68100", "2017-11-30": "1201.12800", "2017-08-31": "1168.81200", "2017-05-31": "1133.78500", "2017-02-28": "1096.71000", "2016-11-30": "1068.61700", "2016-08-31": "1040.14800", "2016-05-31": "1322.05700", "2016-02-29": "1283.76200", "2015-11-30": "1260.79200", "2015-08-31": "1232.38100", "2015-05-31": "1198.07000", "2015-02-28": "1159.43300", "2014-11-30": "1132.68100", "2014-08-31": "1286.06800", "2014-05-31": "1243.91700", "2014-02-28": "1199.86600", "2013-11-30": "1170.93400", "2013-08-31": "1132.86800", "2013-05-31": "1095.56800", "2013-02-28": "1052.26100", "2012-11-30": "1015.18700", "2012-08-31": "970.96500", "2012-05-31": "917.78100", "2012-02-29": "863.43700", "2011-11-30": "819.19300", "2011-08-31": "775.14900", "2011-05-31": "729.81100", "2011-02-28": "681.77500", "2010-11-30": "646.07600", "2010-08-31": "675.96800", "2010-05-31": "645.71300", "2010-02-28": "614.16200", "2009-11-30": "596.14600", "2009-08-31": "577.32100", "2009-05-31": "820.12000", "2009-02-28": "804.82400", "2008-11-30": "790.99400", "2008-08-31": "758.34700", "2008-05-31": "720.40500", "2008-02-29": "680.40600", "2007-11-30": "644.66500", "2007-08-31": "609.71300", "2007-05-31": "574.23100", "2007-02-28": "540.21100", "2006-11-30": "508.47100", "2006-08-31": "477.30500", "2006-05-31": "452.40900", "2006-02-28": "424.60700", "2005-11-30": "400.36500", "2005-08-31": "376.25100", "2005-05-31": "455.70000", "2005-02-28": "433.23400"}, "Comprehensive Income": {"2020-11-30": "-19.68300", "2020-08-31": "-21.41800", "2020-05-31": "-25.58200", "2020-02-29": "-22.05300", "2019-11-30": "-21.31000", "2019-08-31": "-22.77600", "2019-05-31": "-22.73000", "2019-02-28": "-20.23700", "2018-11-30": "-20.97500", "2018-08-31": "-19.63400", "2018-05-31": "-18.96800", "2018-02-28": "-18.07900", "2017-11-30": "-18.10600", "2017-08-31": "-17.26300", "2017-05-31": "-21.25900", "2017-02-28": "-21.34600", "2016-11-30": "-20.64500", "2016-08-31": "-19.09800", "2016-05-31": "-18.09000", "2016-02-29": "-20.64600", "2015-11-30": "-18.36700", "2015-08-31": "-17.25200", "2015-05-31": "-14.39200", "2015-02-28": "-14.45100", "2014-11-30": "-9.00200", "2014-08-31": "-5.05400", "2014-05-31": "-4.74600", "2014-02-28": "-6.26100", "2013-11-30": "-3.80400", "2013-08-31": "-4.42700", "2013-05-31": "-3.60800", "2013-02-28": "-3.22000", "2012-11-30": "-2.17400", "2012-08-31": "-2.44300", "2012-05-31": "-2.59000", "2012-02-29": "-2.45800", "2011-11-30": "-2.77700", "2011-08-31": "-2.08500", "2011-05-31": "-1.93000", "2011-02-28": "-2.21900", "2010-11-30": "-2.54700", "2010-08-31": "-2.66000", "2010-05-31": "-3.37900", "2010-02-28": "-2.87700", "2009-11-30": "-2.02500", "2009-08-31": "-2.06800", "2009-05-31": "-2.21600", "2009-02-28": "-3.66100", "2008-11-30": "-2.81000", "2008-08-31": "-0.67600", "2008-05-31": "0.46500", "2008-02-29": "0.50900", "2007-11-30": "0.92100", "2007-08-31": "0.69400", "2007-05-31": "0.51700", "2007-02-28": "", "2006-11-30": "", "2006-08-31": "0.02700", "2006-05-31": "-0.05300", "2006-02-28": "-0.06500", "2005-11-30": "-0.08300", "2005-08-31": "-0.08200", "2005-05-31": "-0.09800", "2005-02-28": "-0.07600"}, "Other Share Holders Equity": {"2020-11-30": "", "2020-08-31": "", "2020-05-31": "", "2020-02-29": "", "2019-11-30": "", "2019-08-31": "", "2019-05-31": "", "2019-02-28": "", "2018-11-30": "", "2018-08-31": "", "2018-05-31": "", "2018-02-28": "", "2017-11-30": "", "2017-08-31": "", "2017-05-31": "", "2017-02-28": "", "2016-11-30": "", "2016-08-31": "", "2016-05-31": "", "2016-02-29": "", "2015-11-30": "", "2015-08-31": "", "2015-05-31": "", "2015-02-28": "", "2014-11-30": "", "2014-08-31": "", "2014-05-31": "", "2014-02-28": "", "2013-11-30": "", "2013-08-31": "", "2013-05-31": "", "2013-02-28": "", "2012-11-30": "", "2012-08-31": "", "2012-05-31": "", "2012-02-29": "", "2011-11-30": "", "2011-08-31": "", "2011-05-31": "", "2011-02-28": "", "2010-11-30": "", "2010-08-31": "", "2010-05-31": "", "2010-02-28": "", "2009-11-30": "", "2009-08-31": "", "2009-05-31": "", "2009-02-28": "", "2008-11-30": "", "2008-08-31": "", "2008-05-31": "", "2008-02-29": "", "2007-11-30": "", "2007-08-31": "", "2007-05-31": "", "2007-02-28": "0.40600", "2006-11-30": "0.30600", "2006-08-31": "", "2006-05-31": "", "2006-02-28": "", "2005-11-30": "", "2005-08-31": "", "2005-05-31": "", "2005-02-28": ""}, "Share Holder Equity": {"2020-11-30": "1130.88700", "2020-08-31": "1320.57300", "2020-05-31": "1300.29200", "2020-02-29": "1262.81300", "2019-11-30": "1516.36600", "2019-08-31": "1483.87900", "2019-05-31": "1453.87500", "2019-02-28": "1405.84500", "2018-11-30": "1376.31200", "2018-08-31": "1387.25400", "2018-05-31": "1399.05400", "2018-02-28": "1346.03500", "2017-11-30": "1260.03100", "2017-08-31": "1225.14000", "2017-05-31": "1222.98900", "2017-02-28": "1180.92100", "2016-11-30": "1134.03200", "2016-08-31": "1098.37600", "2016-05-31": "1420.61500", "2016-02-29": "1371.20800", "2015-11-30": "1358.94200", "2015-08-31": "1332.87000", "2015-05-31": "1302.54200", "2015-02-28": "1259.45300", "2014-11-30": "1252.38400", "2014-08-31": "1398.56300", "2014-05-31": "1423.94900", "2014-02-28": "1367.87900", "2013-11-30": "1325.26300", "2013-08-31": "1390.38300", "2013-05-31": "1347.11000", "2013-02-28": "1294.56500", "2012-11-30": "1247.61400", "2012-08-31": "1187.11100", "2012-05-31": "1125.82400", "2012-02-29": "1108.01400", "2011-11-30": "1050.84600", "2011-08-31": "993.11200", "2011-05-31": "1009.59200", "2011-02-28": "942.74000", "2010-11-30": "893.03100", "2010-08-31": "899.88000", "2010-05-31": "908.86700", "2010-02-28": "858.58100", "2009-11-30": "837.49800", "2009-08-31": "805.53600", "2009-05-31": "788.04200", "2009-02-28": "761.62700", "2008-11-30": "746.20200", "2008-08-31": "711.61200", "2008-05-31": "734.65500", "2008-02-29": "687.29600", "2007-11-30": "743.25400", "2007-08-31": "727.87700", "2007-05-31": "690.23600", "2007-02-28": "649.20600", "2006-11-30": "642.23700", "2006-08-31": "639.27300", "2006-05-31": "637.20000", "2006-02-28": "597.30700", "2005-11-30": "564.30100", "2005-08-31": "530.41600", "2005-05-31": "619.07300", "2005-02-28": "662.51400"}, "Total Liabilities And Share Holders Equity": {"2020-11-30": "2286.65300", "2020-08-31": "2382.43000", "2020-05-31": "2709.71000", "2020-02-29": "2377.03300", "2019-11-30": "2339.76500", "2019-08-31": "2311.23700", "2019-05-31": "2324.34800", "2019-02-28": "2358.11600", "2018-11-30": "2264.79800", "2018-08-31": "2288.72700", "2018-05-31": "2255.73200", "2018-02-28": "2165.22200", "2017-11-30": "2108.21200", "2017-08-31": "2098.91200", "2017-05-31": "2051.04300", "2017-02-28": "2051.51700", "2016-11-30": "1999.47900", "2016-08-31": "2064.95100", "2016-05-31": "2023.13900", "2016-02-29": "2025.45200", "2015-11-30": "2069.52300", "2015-08-31": "2100.18600", "2015-05-31": "2093.23900", "2015-02-28": "2112.04900", "2014-11-30": "2108.24000", "2014-08-31": "2060.74700", "2014-05-31": "2018.42700", "2014-02-28": "1969.83300", "2013-11-30": "1967.73900", "2013-08-31": "1943.00300", "2013-05-31": "1919.49200", "2013-02-28": "1526.65500", "2012-11-30": "1507.95300", "2012-08-31": "1444.87600", "2012-05-31": "1379.09500", "2012-02-29": "1349.46200", "2011-11-30": "1299.90200", "2011-08-31": "1244.42300", "2011-05-31": "1231.71800", "2011-02-28": "1149.29100", "2010-11-30": "1123.45900", "2010-08-31": "1153.32300", "2010-05-31": "1161.02000", "2010-02-28": "1197.06600", "2009-11-30": "1184.07200", "2009-08-31": "1157.54700", "2009-05-31": "1139.73900", "2009-02-28": "1114.19700", "2008-11-30": "1135.44100", "2008-08-31": "1102.72600", "2008-05-31": "1078.19600", "2008-02-29": "1087.81600", "2007-11-30": "1095.94300", "2007-08-31": "1075.32700", "2007-05-31": "1044.70100", "2007-02-28": "1036.39300", "2006-11-30": "1022.99800", "2006-08-31": "1014.29800", "2006-05-31": "768.39600", "2006-02-28": "714.99500", "2005-11-30": "695.34600", "2005-08-31": "651.59800", "2005-05-31": "748.21200", "2005-02-28": "770.78700"}}, "cash flow statement": {"Net Income/Loss": {"2020-08-31": "251.75800", "2019-08-31": "288.79700", "2018-08-31": "329.22300", "2017-08-31": "231.43100", "2016-08-31": "231.21600", "2015-08-31": "231.30800", "2014-08-31": "236.06700", "2013-08-31": "237.99500", "2012-08-31": "259.03100", "2011-08-31": "218.78600", "2010-08-31": "150.37300", "2009-08-31": "125.12200", "2008-08-31": "196.24300", "2007-08-31": "173.93000", "2006-08-31": "136.38900", "2005-08-31": "112.27000"}, "Total Depreciation And Amortization - Cash Flow": {"2020-08-31": "69.07900", "2019-08-31": "65.37700", "2018-08-31": "63.15400", "2017-08-31": "62.98000", "2016-08-31": "71.93000", "2015-08-31": "69.72900", "2014-08-31": "64.94600", "2013-08-31": "49.47900", "2012-08-31": "34.72300", "2011-08-31": "29.15900", "2010-08-31": "26.04900", "2009-08-31": "26.95000", "2008-08-31": "27.34900", "2007-08-31": "26.03100", "2006-08-31": "15.40300", "2005-08-31": "12.72900"}, "Other Non-Cash Items": {"2020-08-31": "59.15700", "2019-08-31": "41.75900", "2018-08-31": "2.77400", "2017-08-31": "35.22700", "2016-08-31": "35.20500", "2015-08-31": "33.39200", "2014-08-31": "30.02700", "2013-08-31": "21.17800", "2012-08-31": "17.82800", "2011-08-31": "25.53100", "2010-08-31": "17.11700", "2009-08-31": "17.75800", "2008-08-31": "19.15400", "2007-08-31": "3.67200", "2006-08-31": "0.90800", "2005-08-31": "15.18600"}, "Total Non-Cash Items": {"2020-08-31": "128.23600", "2019-08-31": "107.13600", "2018-08-31": "65.92800", "2017-08-31": "98.20700", "2016-08-31": "107.13500", "2015-08-31": "103.12100", "2014-08-31": "94.97300", "2013-08-31": "70.65700", "2012-08-31": "52.55100", "2011-08-31": "54.69000", "2010-08-31": "43.16600", "2009-08-31": "44.70800", "2008-08-31": "46.50300", "2007-08-31": "29.70300", "2006-08-31": "16.31100", "2005-08-31": "27.91500"}, "Change In Accounts Receivable": {"2020-08-31": "36.77200", "2019-08-31": "-26.94800", "2018-08-31": "-49.82700", "2017-08-31": "-72.23000", "2016-08-31": "2.59500", "2015-08-31": "-29.34700", "2014-08-31": "-41.46000", "2013-08-31": "-15.63000", "2012-08-31": "-30.21300", "2011-08-31": "-38.30400", "2010-08-31": "-57.88400", "2009-08-31": "45.87700", "2008-08-31": "-15.63800", "2007-08-31": "-22.81300", "2006-08-31": "-24.62600", "2005-08-31": "-15.13500"}, "Change In Inventories": {"2020-08-31": "16.46200", "2019-08-31": "-32.52800", "2018-08-31": "-33.23500", "2017-08-31": "-15.87100", "2016-08-31": "61.04700", "2015-08-31": "-59.00800", "2014-08-31": "-30.34200", "2013-08-31": "23.40900", "2012-08-31": "-45.30600", "2011-08-31": "-46.89500", "2010-08-31": "-39.74800", "2009-08-31": "72.86800", "2008-08-31": "16.99100", "2007-08-31": "-39.48400", "2006-08-31": "-19.17200", "2005-08-31": "-5.77200"}, "Change In Accounts Payable": {"2020-08-31": "", "2019-08-31": "", "2018-08-31": "", "2017-08-31": "", "2016-08-31": "", "2015-08-31": "", "2014-08-31": "", "2013-08-31": "", "2012-08-31": "", "2011-08-31": "", "2010-08-31": "", "2009-08-31": "", "2008-08-31": "", "2007-08-31": "", "2006-08-31": "", "2005-08-31": ""}, "Change In Assets/Liabilities": {"2020-08-31": "-30.91500", "2019-08-31": "-10.38000", "2018-08-31": "-3.77100", "2017-08-31": "-6.88000", "2016-08-31": "-6.16100", "2015-08-31": "-0.08600", "2014-08-31": "-4.46200", "2013-08-31": "-3.40300", "2012-08-31": "-5.33000", "2011-08-31": "0.23700", "2010-08-31": "-1.23300", "2009-08-31": "2.19500", "2008-08-31": "-0.38900", "2007-08-31": "2.97400", "2006-08-31": "0.19700", "2005-08-31": "-2.73000"}, "Total Change In Assets/Liabilities": {"2020-08-31": "16.74500", "2019-08-31": "-67.50700", "2018-08-31": "-55.49300", "2017-08-31": "-82.79700", "2016-08-31": "62.75200", "2015-08-31": "-84.63800", "2014-08-31": "-58.63400", "2013-08-31": "16.78500", "2012-08-31": "-77.29800", "2011-08-31": "-63.51400", "2010-08-31": "-43.68200", "2009-08-31": "115.61800", "2008-08-31": "-24.19100", "2007-08-31": "-38.45000", "2006-08-31": "-19.19200", "2005-08-31": "-15.85700"}, "Cash Flow From Operating Activities": {"2020-08-31": "396.73900", "2019-08-31": "328.42600", "2018-08-31": "339.65800", "2017-08-31": "246.84100", "2016-08-31": "401.10300", "2015-08-31": "249.79100", "2014-08-31": "272.40600", "2013-08-31": "325.43700", "2012-08-31": "234.28400", "2011-08-31": "209.96200", "2010-08-31": "149.85700", "2009-08-31": "285.44800", "2008-08-31": "218.55500", "2007-08-31": "165.18300", "2006-08-31": "133.50800", "2005-08-31": "125.13200"}, "Net Change In Property, Plant, And Equipment": {"2020-08-31": "-46.99100", "2019-08-31": "-51.77300", "2018-08-31": "-44.91900", "2017-08-31": "-46.54800", "2016-08-31": "-87.93000", "2015-08-31": "-51.40500", "2014-08-31": "-70.61700", "2013-08-31": "-89.25200", "2012-08-31": "-47.69100", "2011-08-31": "-25.47900", "2010-08-31": "-30.30400", "2009-08-31": "-22.29200", "2008-08-31": "-19.12800", "2007-08-31": "-26.45700", "2006-08-31": "-22.83700", "2005-08-31": "-11.41200"}, "Net Change In Intangible Assets": {"2020-08-31": "", "2019-08-31": "", "2018-08-31": "", "2017-08-31": "", "2016-08-31": "", "2015-08-31": "", "2014-08-31": "", "2013-08-31": "", "2012-08-31": "", "2011-08-31": "", "2010-08-31": "", "2009-08-31": "", "2008-08-31": "", "2007-08-31": "", "2006-08-31": "", "2005-08-31": ""}, "Net Acquisitions/Divestitures": {"2020-08-31": "-2.28600", "2019-08-31": "-11.62500", "2018-08-31": "-87.00000", "2017-08-31": "-42.34500", "2016-08-31": "", "2015-08-31": "", "2014-08-31": "1.43400", "2013-08-31": "-548.76900", "2012-08-31": "-33.45100", "2011-08-31": "-28.94800", "2010-08-31": "", "2009-08-31": "", "2008-08-31": "", "2007-08-31": "-12.73400", "2006-08-31": "-356.09500", "2005-08-31": ""}, "Net Change In Short-term Investments": {"2020-08-31": "", "2019-08-31": "", "2018-08-31": "", "2017-08-31": "", "2016-08-31": "", "2015-08-31": "", "2014-08-31": "", "2013-08-31": "", "2012-08-31": "", "2011-08-31": "", "2010-08-31": "", "2009-08-31": "", "2008-08-31": "", "2007-08-31": "", "2006-08-31": "", "2005-08-31": ""}, "Net Change In Long-Term Investments": {"2020-08-31": "", "2019-08-31": "27.02500", "2018-08-31": "", "2017-08-31": "", "2016-08-31": "", "2015-08-31": "", "2014-08-31": "-25.02300", "2013-08-31": "", "2012-08-31": "", "2011-08-31": "", "2010-08-31": "", "2009-08-31": "", "2008-08-31": "", "2007-08-31": "", "2006-08-31": "45.15900", "2005-08-31": "98.77800"}, "Net Change In Investments - Total": {"2020-08-31": "", "2019-08-31": "27.02500", "2018-08-31": "", "2017-08-31": "", "2016-08-31": "", "2015-08-31": "", "2014-08-31": "-25.02300", "2013-08-31": "", "2012-08-31": "", "2011-08-31": "", "2010-08-31": "", "2009-08-31": "", "2008-08-31": "", "2007-08-31": "", "2006-08-31": "45.15900", "2005-08-31": "98.77800"}, "Investing Activities - Other": {"2020-08-31": "", "2019-08-31": "", "2018-08-31": "", "2017-08-31": "", "2016-08-31": "", "2015-08-31": "", "2014-08-31": "", "2013-08-31": "", "2012-08-31": "", "2011-08-31": "", "2010-08-31": "", "2009-08-31": "", "2008-08-31": "", "2007-08-31": "", "2006-08-31": "", "2005-08-31": ""}, "Cash Flow From Investing Activities": {"2020-08-31": "-49.27700", "2019-08-31": "-36.37300", "2018-08-31": "-131.91900", "2017-08-31": "-88.89300", "2016-08-31": "-87.93000", "2015-08-31": "-51.40500", "2014-08-31": "-94.20600", "2013-08-31": "-638.02100", "2012-08-31": "-81.14200", "2011-08-31": "-54.42700", "2010-08-31": "-30.30400", "2009-08-31": "-22.29200", "2008-08-31": "-19.12800", "2007-08-31": "-39.19100", "2006-08-31": "-333.77300", "2005-08-31": "87.36600"}, "Net Long-Term Debt": {"2020-08-31": "100.00000", "2019-08-31": "", "2018-08-31": "110.00000", "2017-08-31": "-1.17500", "2016-08-31": "175.00000", "2015-08-31": "-1.76000", "2014-08-31": "-0.49800", "2013-08-31": "0.11700", "2012-08-31": "-0.19300", "2011-08-31": "-39.36100", "2010-08-31": "-154.10900", "2009-08-31": "-43.72900", "2008-08-31": "-33.47200", "2007-08-31": "-25.15800", "2006-08-31": "-5.15200", "2005-08-31": "-0.15800"}, "Net Current Debt": {"2020-08-31": "96.20000", "2019-08-31": "-69.00000", "2018-08-31": "-108.00000", "2017-08-31": "-72.50000", "2016-08-31": "4.00000", "2015-08-31": "93.00000", "2014-08-31": "57.50000", "2013-08-31": "250.00000", "2012-08-31": "", "2011-08-31": "", "2010-08-31": "", "2009-08-31": "4.00000", "2008-08-31": "91.00000", "2007-08-31": "", "2006-08-31": "205.00000", "2005-08-31": ""}, "Debt Issuance/Retirement Net - Total": {"2020-08-31": "196.20000", "2019-08-31": "-69.00000", "2018-08-31": "2.00000", "2017-08-31": "-73.67500", "2016-08-31": "179.00000", "2015-08-31": "91.24000", "2014-08-31": "57.00200", "2013-08-31": "250.11700", "2012-08-31": "-0.19300", "2011-08-31": "-39.36100", "2010-08-31": "-154.10900", "2009-08-31": "-39.72900", "2008-08-31": "57.52800", "2007-08-31": "-25.15800", "2006-08-31": "199.84800", "2005-08-31": "-0.15800"}, "Net Common Equity Issued/Repurchased": {"2020-08-31": "14.38300", "2019-08-31": "-64.37100", "2018-08-31": "-53.66500", "2017-08-31": "-18.05200", "2016-08-31": "-372.30400", "2015-08-31": "-18.01000", "2014-08-31": "-166.91400", "2013-08-31": "21.67600", "2012-08-31": "-22.28900", "2011-08-31": "-28.61300", "2010-08-31": "-22.84300", "2009-08-31": "7.56100", "2008-08-31": "-177.45700", "2007-08-31": "-66.23200", "2006-08-31": "-3.78900", "2005-08-31": "-81.07200"}, "Net Total Equity Issued/Repurchased": {"2020-08-31": "14.38300", "2019-08-31": "-64.37100", "2018-08-31": "-53.66500", "2017-08-31": "-18.05200", "2016-08-31": "-372.30400", "2015-08-31": "-18.01000", "2014-08-31": "-166.91400", "2013-08-31": "21.67600", "2012-08-31": "-22.28900", "2011-08-31": "-28.61300", "2010-08-31": "-22.84300", "2009-08-31": "7.56100", "2008-08-31": "-177.45700", "2007-08-31": "-66.23200", "2006-08-31": "-3.78900", "2005-08-31": "-81.07200"}, "Total Common And Preferred Stock Dividends Paid": {"2020-08-31": "-444.17100", "2019-08-31": "-145.70900", "2018-08-31": "-125.43000", "2017-08-31": "-102.21600", "2016-08-31": "-105.77800", "2015-08-31": "-284.23100", "2014-08-31": "-82.60700", "2013-08-31": "-75.86000", "2012-08-31": "-63.02400", "2011-08-31": "-119.25700", "2010-08-31": "-51.72600", "2009-08-31": "-49.87900", "2008-08-31": "-47.60900", "2007-08-31": "-42.29800", "2006-08-31": "-36.33600", "2005-08-31": "-129.76500"}, "Financial Activities - Other": {"2020-08-31": "-21.03000", "2019-08-31": "-26.54900", "2018-08-31": "-0.49100", "2017-08-31": "-0.80300", "2016-08-31": "0.71400", "2015-08-31": "3.95600", "2014-08-31": "5.48000", "2013-08-31": "4.12800", "2012-08-31": "4.88800", "2011-08-31": "6.41800", "2010-08-31": "4.77400", "2009-08-31": "1.78200", "2008-08-31": "3.27300", "2007-08-31": "7.68900", "2006-08-31": "7.24000", "2005-08-31": ""}, "Cash Flow From Financial Activities": {"2020-08-31": "-254.61800", "2019-08-31": "-305.62900", "2018-08-31": "-177.58600", "2017-08-31": "-194.74600", "2016-08-31": "-298.36800", "2015-08-31": "-207.04500", "2014-08-31": "-187.03900", "2013-08-31": "200.06100", "2012-08-31": "-80.61800", "2011-08-31": "-180.81300", "2010-08-31": "-223.90400", "2009-08-31": "-80.26500", "2008-08-31": "-164.26500", "2007-08-31": "-125.99900", "2006-08-31": "166.96300", "2005-08-31": "-210.99500"}, "Net Cash Flow": {"2020-08-31": "92.92500", "2019-08-31": "-13.93100", "2018-08-31": "30.13400", "2017-08-31": "-36.80700", "2016-08-31": "14.62300", "2015-08-31": "-8.88700", "2014-08-31": "-8.72200", "2013-08-31": "-112.57700", "2012-08-31": "72.49400", "2011-08-31": "-25.23200", "2010-08-31": "-104.38100", "2009-08-31": "182.72900", "2008-08-31": "35.04600", "2007-08-31": "0.07900", "2006-08-31": "-33.30200", "2005-08-31": "1.50300"}, "Stock-Based Compensation": {"2020-08-31": "16.93200", "2019-08-31": "16.28300", "2018-08-31": "14.93400", "2017-08-31": "13.92500", "2016-08-31": "13.98500", "2015-08-31": "14.19500", "2014-08-31": "16.68800", "2013-08-31": "15.82400", "2012-08-31": "15.26200", "2011-08-31": "14.76800", "2010-08-31": "13.52500", "2009-08-31": "10.90400", "2008-08-31": "10.37900", "2007-08-31": "8.17300", "2006-08-31": "9.54800", "2005-08-31": "0.80400"}, "Common Stock Dividends Paid": {"2020-08-31": "-444.17100", "2019-08-31": "-145.70900", "2018-08-31": "-125.43000", "2017-08-31": "-102.21600", "2016-08-31": "-105.77800", "2015-08-31": "-284.23100", "2014-08-31": "-82.60700", "2013-08-31": "-75.86000", "2012-08-31": "-63.02400", "2011-08-31": "-119.25700", "2010-08-31": "-51.72600", "2009-08-31": "-49.87900", "2008-08-31": "-47.60900", "2007-08-31": "-42.29800", "2006-08-31": "-36.33600", "2005-08-31": "-129.76500"}}, "cash flow statement, quarterly": {"Net Income/Loss": {"2020-11-30": "38.77700", "2020-08-31": 52.636, "2020-05-31": 78.114, "2020-02-29": 55.556, "2019-11-30": "65.45200", "2019-08-31": 66.621, "2019-05-31": 79.514, "2019-02-28": 68.43, "2018-11-30": "74.23200", "2018-08-31": 73.017, "2018-05-31": 79.069, "2018-02-28": 117.552, "2017-11-30": "59.58500", "2017-08-31": 60.748, "2017-05-31": 62.836, "2017-02-28": 53.559, "2016-11-30": "54.28800", "2016-08-31": 61.846, "2016-05-31": 64.816, "2016-02-29": 49.525, "2015-11-30": "55.02900", "2015-08-31": 59.022, "2015-05-31": 63.342, "2015-02-28": 51.527, "2014-11-30": "57.41700", "2014-08-31": 62.813, "2014-05-31": 64.696, "2014-02-28": 49.512, "2013-11-30": "59.04600", "2013-08-31": 56.375, "2013-05-31": 62.354, "2013-02-28": 56.079, "2012-11-30": "63.18700", "2012-08-31": 68.915, "2012-05-31": 70.211, "2012-02-29": 60.068, "2011-11-30": "59.83700", "2011-08-31": 59.451, "2011-05-31": 62.086, "2011-02-28": 49.689, "2010-11-30": "47.56000", "2010-08-31": 44.057, "2010-05-31": 44.247, "2010-02-28": 30.649, "2009-11-30": "31.42000", "2009-08-31": 25.994, "2009-05-31": 27.755, "2009-02-28": 26.278, "2008-11-30": "45.09500", "2008-08-31": 50.532, "2008-05-31": 51.385, "2008-02-29": 47.46, "2007-11-30": "46.86600", "2007-08-31": 47.362, "2007-05-31": 45.765, "2007-02-28": 40.507, "2006-11-30": "40.29600", "2006-08-31": 34.107, "2006-05-31": 37.018, "2006-02-28": 33.329, "2005-11-30": "31.93500", "2005-08-31": 28.176, "2005-05-31": 30.688, "2005-02-28": 53.406}, "Total Depreciation And Amortization - Cash Flow": {"2020-11-30": "17.10500", "2020-08-31": 17.725, "2020-05-31": 17.041, "2020-02-29": 17.288, "2019-11-30": "17.02500", "2019-08-31": 16.838, "2019-05-31": 16.463, "2019-02-28": 16.23, "2018-11-30": "15.84600", "2018-08-31": 16.021, "2018-05-31": 15.826, "2018-02-28": 15.558, "2017-11-30": "15.74900", "2017-08-31": 16.243, "2017-05-31": 15.922, "2017-02-28": 15.368, "2016-11-30": "15.44700", "2016-08-31": 18.587, "2016-05-31": 17.962, "2016-02-29": 17.456, "2015-11-30": "17.92500", "2015-08-31": 17.634, "2015-05-31": 17.65, "2015-02-28": 17.433, "2014-11-30": "17.01200", "2014-08-31": 16.592, "2014-05-31": 16.295, "2014-02-28": 15.998, "2013-11-30": "16.06100", "2013-08-31": 15.485, "2013-05-31": 12.925, "2013-02-28": 11.048, "2012-11-30": "10.02100", "2012-08-31": 9.444, "2012-05-31": 8.91, "2012-02-29": 8.546, "2011-11-30": "7.82300", "2011-08-31": 7.628, "2011-05-31": 7.315, "2011-02-28": 7.143, "2010-11-30": "7.07300", "2010-08-31": 6.799, "2010-05-31": 6.295, "2010-02-28": 6.378, "2009-11-30": "6.57700", "2009-08-31": 6.875, "2009-05-31": 6.704, "2009-02-28": 6.68, "2008-11-30": "6.69100", "2008-08-31": 6.904, "2008-05-31": 7.073, "2008-02-29": 6.641, "2007-11-30": "6.73100", "2007-08-31": 6.785, "2007-05-31": 6.688, "2007-02-28": 6.321, "2006-11-30": "6.23700", "2006-08-31": 5.804, "2006-05-31": 3.181, "2006-02-28": 3.198, "2005-11-30": "3.22000", "2005-08-31": 3.231, "2005-05-31": 3.191, "2005-02-28": 6.307}, "Other Non-Cash Items": {"2020-11-30": "11.37900", "2020-08-31": 21.556, "2020-05-31": 13.431, "2020-02-29": 11.799, "2019-11-30": "12.37100", "2019-08-31": 20.254, "2019-05-31": 7.034, "2019-02-28": 7.342, "2018-11-30": "7.12900", "2018-08-31": 27.462, "2018-05-31": 5.337, "2018-02-28": -35.743, "2017-11-30": "5.71800", "2017-08-31": 19.728, "2017-05-31": 4.826, "2017-02-28": 5.781, "2016-11-30": "4.89200", "2016-08-31": 19.576, "2016-05-31": 3.344, "2016-02-29": 5.652, "2015-11-30": "6.63300", "2015-08-31": 20.981, "2015-05-31": 4.865, "2015-02-28": 3.588, "2014-11-30": "3.95800", "2014-08-31": 17.335, "2014-05-31": 3.943, "2014-02-28": 7.346, "2013-11-30": "1.40300", "2013-08-31": 11.256, "2013-05-31": 4.317, "2013-02-28": 3.627, "2012-11-30": "1.97800", "2012-08-31": 4.841, "2012-05-31": 9.231, "2012-02-29": -3.025, "2011-11-30": "6.78100", "2011-08-31": 5.92, "2011-05-31": 5.238, "2011-02-28": 10.077, "2010-11-30": "4.29600", "2010-08-31": 5.379, "2010-05-31": 3.217, "2010-02-28": 4.12, "2009-11-30": "4.40100", "2009-08-31": 3.329, "2009-05-31": 2.915, "2009-02-28": 6.498, "2008-11-30": "5.01600", "2008-08-31": 8.532, "2008-05-31": 4.446, "2008-02-29": 4.899, "2007-11-30": "1.27700", "2007-08-31": 0.132, "2007-05-31": -0.332, "2007-02-28": 4.226, "2006-11-30": "-0.35400", "2006-08-31": 8.909, "2006-05-31": -2.408, "2006-02-28": -3.008, "2005-11-30": "-2.58500", "2005-08-31": 3.87, "2005-05-31": 4.945, "2005-02-28": 6.371}, "Total Non-Cash Items": {"2020-11-30": "28.48400", "2020-08-31": 39.281, "2020-05-31": 30.472, "2020-02-29": 29.087, "2019-11-30": "29.39600", "2019-08-31": 37.092, "2019-05-31": 23.497, "2019-02-28": 23.572, "2018-11-30": "22.97500", "2018-08-31": 43.483, "2018-05-31": 21.163, "2018-02-28": -20.185, "2017-11-30": "21.46700", "2017-08-31": 35.971, "2017-05-31": 20.748, "2017-02-28": 21.149, "2016-11-30": "20.33900", "2016-08-31": 38.163, "2016-05-31": 21.306, "2016-02-29": 23.108, "2015-11-30": "24.55800", "2015-08-31": 38.615, "2015-05-31": 22.515, "2015-02-28": 21.021, "2014-11-30": "20.97000", "2014-08-31": 33.927, "2014-05-31": 20.238, "2014-02-28": 23.344, "2013-11-30": "17.46400", "2013-08-31": 26.741, "2013-05-31": 17.242, "2013-02-28": 14.675, "2012-11-30": "11.99900", "2012-08-31": 14.285, "2012-05-31": 18.141, "2012-02-29": 5.521, "2011-11-30": "14.60400", "2011-08-31": 13.548, "2011-05-31": 12.553, "2011-02-28": 17.22, "2010-11-30": "11.36900", "2010-08-31": 12.178, "2010-05-31": 9.512, "2010-02-28": 10.498, "2009-11-30": "10.97800", "2009-08-31": 10.204, "2009-05-31": 9.619, "2009-02-28": 13.178, "2008-11-30": "11.70700", "2008-08-31": 15.436, "2008-05-31": 11.519, "2008-02-29": 11.54, "2007-11-30": "8.00800", "2007-08-31": 6.917, "2007-05-31": 6.356, "2007-02-28": 10.547, "2006-11-30": "5.88300", "2006-08-31": 14.713, "2006-05-31": 0.773, "2006-02-28": 0.19, "2005-11-30": "0.63500", "2005-08-31": 7.101, "2005-05-31": 8.136, "2005-02-28": 12.678}, "Change In Accounts Receivable": {"2020-11-30": "-3.65500", "2020-08-31": 50.56, "2020-05-31": -11.683, "2020-02-29": -4.67, "2019-11-30": "2.56500", "2019-08-31": 3.232, "2019-05-31": -9.67, "2019-02-28": -9.88, "2018-11-30": "-10.63000", "2018-08-31": -15.393, "2018-05-31": -1.973, "2018-02-28": -23.17, "2017-11-30": "-9.29100", "2017-08-31": -21.5, "2017-05-31": -9.05, "2017-02-28": -40.659, "2016-11-30": "-1.02100", "2016-08-31": 0.605, "2016-05-31": -5.591, "2016-02-29": -4.986, "2015-11-30": "12.56700", "2015-08-31": 0.2, "2015-05-31": -1.325, "2015-02-28": -18.085, "2014-11-30": "-10.13700", "2014-08-31": -14.832, "2014-05-31": -4.959, "2014-02-28": -17.838, "2013-11-30": "-3.83100", "2013-08-31": -8.839, "2013-05-31": 2.782, "2013-02-28": -17.504, "2012-11-30": "7.93100", "2012-08-31": -0.063, "2012-05-31": -6.367, "2012-02-29": -18.341, "2011-11-30": "-5.44200", "2011-08-31": -3.657, "2011-05-31": -10.697, "2011-02-28": -18.853, "2010-11-30": "-5.09700", "2010-08-31": -8.498, "2010-05-31": -18.409, "2010-02-28": -17.757, "2009-11-30": "-13.22000", "2009-08-31": -5.992, "2009-05-31": 15.403, "2009-02-28": 24.381, "2008-11-30": "12.08500", "2008-08-31": -2.841, "2008-05-31": 8.483, "2008-02-29": -13.987, "2007-11-30": "-7.29300", "2007-08-31": -8.99, "2007-05-31": 0.449, "2007-02-28": -14.458, "2006-11-30": "0.18600", "2006-08-31": -4.034, "2006-05-31": 0.385, "2006-02-28": -11.01, "2005-11-30": "-9.96700", "2005-08-31": -0.057, "2005-05-31": 2.78, "2005-02-28": -17.858}, "Change In Inventories": {"2020-11-30": "22.95000", "2020-08-31": 33.511, "2020-05-31": -20.498, "2020-02-29": -17.178, "2019-11-30": "20.62700", "2019-08-31": 1.144, "2019-05-31": 10.97, "2019-02-28": -34.839, "2018-11-30": "-9.80300", "2018-08-31": -6.495, "2018-05-31": 6.908, "2018-02-28": -29.389, "2017-11-30": "-4.25900", "2017-08-31": 6.963, "2017-05-31": -1.545, "2017-02-28": -10.99, "2016-11-30": "-10.29900", "2016-08-31": 17.015, "2016-05-31": 2.879, "2016-02-29": 27.321, "2015-11-30": "13.83200", "2015-08-31": 3.824, "2015-05-31": -4.777, "2015-02-28": -13.265, "2014-11-30": "-44.79000", "2014-08-31": -20.516, "2014-05-31": -35.701, "2014-02-28": 22.69, "2013-11-30": "3.18500", "2013-08-31": -4.675, "2013-05-31": -0.162, "2013-02-28": 22.331, "2012-11-30": "5.91500", "2012-08-31": -0.807, "2012-05-31": -14.685, "2012-02-29": -13.683, "2011-11-30": "-16.13100", "2011-08-31": -18.704, "2011-05-31": -16.591, "2011-02-28": 1.412, "2010-11-30": "-13.01200", "2010-08-31": -19.437, "2010-05-31": -23.648, "2010-02-28": -0.056, "2009-11-30": "3.39300", "2009-08-31": 14.479, "2009-05-31": 29.161, "2009-02-28": 34.781, "2008-11-30": "-5.55300", "2008-08-31": 25.322, "2008-05-31": -3.058, "2008-02-29": 14.117, "2007-11-30": "-19.39000", "2007-08-31": -20.722, "2007-05-31": -7.399, "2007-02-28": -3.229, "2006-11-30": "-8.13400", "2006-08-31": 4.029, "2006-05-31": -12.695, "2006-02-28": -3.402, "2005-11-30": "-7.10400", "2005-08-31": 6.96, "2005-05-31": -1.1, "2005-02-28": -11.632}, "Change In Accounts Payable": {"2020-11-30": "", "2020-08-31": 0, "2020-05-31": 0, "2020-02-29": 0, "2019-11-30": "", "2019-08-31": 0, "2019-05-31": 0, "2019-02-28": 0, "2018-11-30": "", "2018-08-31": 0, "2018-05-31": 0, "2018-02-28": 0, "2017-11-30": "", "2017-08-31": 0, "2017-05-31": 0, "2017-02-28": 0, "2016-11-30": "", "2016-08-31": 0, "2016-05-31": 0, "2016-02-29": 0, "2015-11-30": "", "2015-08-31": 0, "2015-05-31": 0, "2015-02-28": 0, "2014-11-30": "", "2014-08-31": 0, "2014-05-31": 0, "2014-02-28": 0, "2013-11-30": "", "2013-08-31": 0, "2013-05-31": 0, "2013-02-28": 0, "2012-11-30": "", "2012-08-31": 0, "2012-05-31": 0, "2012-02-29": 0, "2011-11-30": "", "2011-08-31": 0, "2011-05-31": 0, "2011-02-28": 0, "2010-11-30": "", "2010-08-31": 0, "2010-05-31": 0, "2010-02-28": 0, "2009-11-30": "", "2009-08-31": 0, "2009-05-31": 0, "2009-02-28": 0, "2008-11-30": "", "2008-08-31": 0, "2008-05-31": 0, "2008-02-29": 0, "2007-11-30": "", "2007-08-31": 0, "2007-05-31": 0, "2007-02-28": 0, "2006-11-30": "", "2006-08-31": 0, "2006-05-31": 0, "2006-02-28": 0, "2005-11-30": "", "2005-08-31": 0, "2005-05-31": 0, "2005-02-28": 0}, "Change In Assets/Liabilities": {"2020-11-30": "-5.94700", "2020-08-31": 0.793, "2020-05-31": -14.199, "2020-02-29": -12.571, "2019-11-30": "-4.93800", "2019-08-31": 1.07, "2019-05-31": 3.454, "2019-02-28": -13.613, "2018-11-30": "-1.29100", "2018-08-31": -7.967, "2018-05-31": 5.323, "2018-02-28": -0.716, "2017-11-30": "-0.41100", "2017-08-31": -4.592, "2017-05-31": -3.001, "2017-02-28": -2.614, "2016-11-30": "3.32700", "2016-08-31": -8.705, "2016-05-31": 12.253, "2016-02-29": -7.066, "2015-11-30": "-2.64300", "2015-08-31": -4.409, "2015-05-31": 13.607, "2015-02-28": -4.559, "2014-11-30": "-4.72500", "2014-08-31": -1.468, "2014-05-31": 0.555, "2014-02-28": -6.459, "2013-11-30": "2.91000", "2013-08-31": 5.571, "2013-05-31": -1.87, "2013-02-28": -4.016, "2012-11-30": "-3.08800", "2012-08-31": 2.119, "2012-05-31": -1.687, "2012-02-29": -3.929, "2011-11-30": "-1.83300", "2011-08-31": -7.445, "2011-05-31": 3.887, "2011-02-28": 1.519, "2010-11-30": "2.27600", "2010-08-31": -7.43, "2010-05-31": 0.836, "2010-02-28": 0.234, "2009-11-30": "5.12700", "2009-08-31": -8.771, "2009-05-31": 0.889, "2009-02-28": 4.601, "2008-11-30": "5.47600", "2008-08-31": -8.5, "2008-05-31": 1.788, "2008-02-29": 6.026, "2007-11-30": "0.29700", "2007-08-31": -6.808, "2007-05-31": 3.04, "2007-02-28": 1.065, "2006-11-30": "5.67700", "2006-08-31": -4.798, "2006-05-31": -1.632, "2006-02-28": 1.34, "2005-11-30": "5.28700", "2005-08-31": -9.039, "2005-05-31": 2.026, "2005-02-28": 4.283}, "Total Change In Assets/Liabilities": {"2020-11-30": "35.96900", "2020-08-31": 89.881, "2020-05-31": -49.46, "2020-02-29": -13.94, "2019-11-30": "-9.73600", "2019-08-31": 37.513, "2019-05-31": -14.389, "2019-02-28": -70.29, "2018-11-30": "-20.34100", "2018-08-31": -7.079, "2018-05-31": 11.818, "2018-02-28": -61.159, "2017-11-30": "0.92700", "2017-08-31": -9.009, "2017-05-31": -21.109, "2017-02-28": -54.012, "2016-11-30": "1.33300", "2016-08-31": 15.272, "2016-05-31": 16.72, "2016-02-29": -11.763, "2015-11-30": "42.52300", "2015-08-31": -10.819, "2015-05-31": 29.509, "2015-02-28": -82.693, "2014-11-30": "-20.63500", "2014-08-31": -50.962, "2014-05-31": -9.789, "2014-02-28": -25.753, "2013-11-30": "27.87000", "2013-08-31": -3.108, "2013-05-31": 30.806, "2013-02-28": -25.096, "2012-11-30": "14.18300", "2012-08-31": 5.876, "2012-05-31": -17.207, "2012-02-29": -37.718, "2011-11-30": "-28.24900", "2011-08-31": -8.328, "2011-05-31": -9.672, "2011-02-28": -28.511, "2010-11-30": "-17.00300", "2010-08-31": -15.641, "2010-05-31": -18.759, "2010-02-28": -13.711, "2009-11-30": "4.42900", "2009-08-31": 10.129, "2009-05-31": 53.904, "2009-02-28": 36.022, "2008-11-30": "15.56300", "2008-08-31": 8.162, "2008-05-31": 14.534, "2008-02-29": -23.985, "2007-11-30": "-22.90200", "2007-08-31": -14.41, "2007-05-31": -0.524, "2007-02-28": -31.842, "2006-11-30": "8.32600", "2006-08-31": 1.263, "2006-05-31": 2.795, "2006-02-28": -24.027, "2005-11-30": "0.77700", "2005-08-31": 1.33, "2005-05-31": 14.227, "2005-02-28": -31.414}, "Cash Flow From Operating Activities": {"2020-11-30": "103.23000", "2020-08-31": 181.798, "2020-05-31": 59.126, "2020-02-29": 70.703, "2019-11-30": "85.11200", "2019-08-31": 141.226, "2019-05-31": 88.622, "2019-02-28": 21.712, "2018-11-30": "76.86600", "2018-08-31": 109.421, "2018-05-31": 112.05, "2018-02-28": 36.208, "2017-11-30": "81.97900", "2017-08-31": 87.71, "2017-05-31": 62.475, "2017-02-28": 20.696, "2016-11-30": "75.96000", "2016-08-31": 115.281, "2016-05-31": 102.842, "2016-02-29": 60.87, "2015-11-30": "122.11000", "2015-08-31": 86.818, "2015-05-31": 115.366, "2015-02-28": -10.145, "2014-11-30": "57.75200", "2014-08-31": 45.778, "2014-05-31": 75.145, "2014-02-28": 47.103, "2013-11-30": "104.38000", "2013-08-31": 80.008, "2013-05-31": 110.402, "2013-02-28": 45.658, "2012-11-30": "89.36900", "2012-08-31": 89.076, "2012-05-31": 71.145, "2012-02-29": 27.871, "2011-11-30": "46.19200", "2011-08-31": 64.671, "2011-05-31": 64.967, "2011-02-28": 38.398, "2010-11-30": "41.92600", "2010-08-31": 40.594, "2010-05-31": 35, "2010-02-28": 27.436, "2009-11-30": "46.82700", "2009-08-31": 46.327, "2009-05-31": 91.278, "2009-02-28": 75.478, "2008-11-30": "72.36500", "2008-08-31": 74.13, "2008-05-31": 77.438, "2008-02-29": 35.015, "2007-11-30": "31.97200", "2007-08-31": 39.869, "2007-05-31": 51.597, "2007-02-28": 16.962, "2006-11-30": "56.75500", "2006-08-31": 42.801, "2006-05-31": 42.828, "2006-02-28": 12.152, "2005-11-30": "35.72700", "2005-08-31": 36.873, "2005-05-31": 53.325, "2005-02-28": 34.934}, "Net Change In Property, Plant, And Equipment": {"2020-11-30": "-7.89300", "2020-08-31": -11.071, "2020-05-31": -10.183, "2020-02-29": -13.048, "2019-11-30": "-12.68900", "2019-08-31": -15.817, "2019-05-31": -12.8, "2019-02-28": -13.103, "2018-11-30": "-10.05300", "2018-08-31": -14.125, "2018-05-31": -13.533, "2018-02-28": -8.233, "2017-11-30": "-9.02800", "2017-08-31": -8.625, "2017-05-31": -12.415, "2017-02-28": -13.011, "2016-11-30": "-12.49700", "2016-08-31": -53.216, "2016-05-31": -7.933, "2016-02-29": -11.206, "2015-11-30": "-15.57500", "2015-08-31": -13.229, "2015-05-31": -13.031, "2015-02-28": -11.787, "2014-11-30": "-13.35800", "2014-08-31": -14.735, "2014-05-31": -21.957, "2014-02-28": -21.419, "2013-11-30": "-12.50600", "2013-08-31": -26.947, "2013-05-31": -21.999, "2013-02-28": -23.313, "2012-11-30": "-16.99300", "2012-08-31": -18.938, "2012-05-31": -11.431, "2012-02-29": -9.051, "2011-11-30": "-8.27100", "2011-08-31": -5.988, "2011-05-31": -5.501, "2011-02-28": -9.535, "2010-11-30": "-4.45500", "2010-08-31": -8.788, "2010-05-31": -8.794, "2010-02-28": -7.587, "2009-11-30": "-5.13500", "2009-08-31": -4.692, "2009-05-31": -5.316, "2009-02-28": -5.934, "2008-11-30": "-6.35000", "2008-08-31": -7.919, "2008-05-31": -5.269, "2008-02-29": -3.388, "2007-11-30": "-2.55200", "2007-08-31": -5.037, "2007-05-31": -6.691, "2007-02-28": -8.38, "2006-11-30": "-6.34900", "2006-08-31": -6.989, "2006-05-31": -7.815, "2006-02-28": -5.336, "2005-11-30": "-2.69700", "2005-08-31": -3.352, "2005-05-31": -2.184, "2005-02-28": -5.876}, "Net Change In Intangible Assets": {"2020-11-30": "", "2020-08-31": 0, "2020-05-31": 0, "2020-02-29": 0, "2019-11-30": "", "2019-08-31": 0, "2019-05-31": 0, "2019-02-28": 0, "2018-11-30": "", "2018-08-31": 0, "2018-05-31": 0, "2018-02-28": 0, "2017-11-30": "", "2017-08-31": 0, "2017-05-31": 0, "2017-02-28": 0, "2016-11-30": "", "2016-08-31": 0, "2016-05-31": 0, "2016-02-29": 0, "2015-11-30": "", "2015-08-31": 0, "2015-05-31": 0, "2015-02-28": 0, "2014-11-30": "", "2014-08-31": 0, "2014-05-31": 0, "2014-02-28": 0, "2013-11-30": "", "2013-08-31": 0, "2013-05-31": 0, "2013-02-28": 0, "2012-11-30": "", "2012-08-31": 0, "2012-05-31": 0, "2012-02-29": 0, "2011-11-30": "", "2011-08-31": 0, "2011-05-31": 0, "2011-02-28": 0, "2010-11-30": "", "2010-08-31": 0, "2010-05-31": 0, "2010-02-28": 0, "2009-11-30": "", "2009-08-31": 0, "2009-05-31": 0, "2009-02-28": 0, "2008-11-30": "", "2008-08-31": 0, "2008-05-31": 0, "2008-02-29": 0, "2007-11-30": "", "2007-08-31": 0, "2007-05-31": 0, "2007-02-28": 0, "2006-11-30": "", "2006-08-31": 0, "2006-05-31": 0, "2006-02-28": 0, "2005-11-30": "", "2005-08-31": 0, "2005-05-31": 0, "2005-02-28": 0}, "Net Acquisitions/Divestitures": {"2020-11-30": "", "2020-08-31": 0, "2020-05-31": 0, "2020-02-29": -2.286, "2019-11-30": "", "2019-08-31": 0, "2019-05-31": 0, "2019-02-28": -11.625, "2018-11-30": "", "2018-08-31": -1.155, "2018-05-31": -85.107, "2018-02-28": 0, "2017-11-30": "-0.73800", "2017-08-31": -42.345, "2017-05-31": 0, "2017-02-28": 0, "2016-11-30": "", "2016-08-31": 0, "2016-05-31": 0, "2016-02-29": 0, "2015-11-30": "", "2015-08-31": 0, "2015-05-31": 0, "2015-02-28": 0, "2014-11-30": "", "2014-08-31": 0, "2014-05-31": 0, "2014-02-28": 0, "2013-11-30": "1.43400", "2013-08-31": 0, "2013-05-31": -548.769, "2013-02-28": 0, "2012-11-30": "", "2012-08-31": 0, "2012-05-31": -1.055, "2012-02-29": -31.15, "2011-11-30": "-1.24600", "2011-08-31": -18.875, "2011-05-31": 0.942, "2011-02-28": -11.015, "2010-11-30": "", "2010-08-31": 0, "2010-05-31": 0, "2010-02-28": 0, "2009-11-30": "", "2009-08-31": 0, "2009-05-31": 0, "2009-02-28": 0, "2008-11-30": "", "2008-08-31": 0, "2008-05-31": 0, "2008-02-29": 0, "2007-11-30": "", "2007-08-31": 0, "2007-05-31": 0.064, "2007-02-28": -3.822, "2006-11-30": "-8.97600", "2006-08-31": -356.095, "2006-05-31": 0, "2006-02-28": 0, "2005-11-30": "", "2005-08-31": 0, "2005-05-31": 0, "2005-02-28": 0}, "Net Change In Short-term Investments": {"2020-11-30": "", "2020-08-31": 0, "2020-05-31": 0, "2020-02-29": 0, "2019-11-30": "", "2019-08-31": 0, "2019-05-31": 0, "2019-02-28": 0, "2018-11-30": "", "2018-08-31": 0, "2018-05-31": 0, "2018-02-28": 0, "2017-11-30": "", "2017-08-31": 0, "2017-05-31": 0, "2017-02-28": 0, "2016-11-30": "", "2016-08-31": 0, "2016-05-31": 0, "2016-02-29": 0, "2015-11-30": "", "2015-08-31": 0, "2015-05-31": 0, "2015-02-28": 0, "2014-11-30": "", "2014-08-31": 0, "2014-05-31": 0, "2014-02-28": 0, "2013-11-30": "", "2013-08-31": 0, "2013-05-31": 0, "2013-02-28": 0, "2012-11-30": "", "2012-08-31": 0, "2012-05-31": 0, "2012-02-29": 0, "2011-11-30": "", "2011-08-31": 0, "2011-05-31": 0, "2011-02-28": 0, "2010-11-30": "", "2010-08-31": 0, "2010-05-31": 0, "2010-02-28": 0, "2009-11-30": "", "2009-08-31": 0, "2009-05-31": 0, "2009-02-28": 0, "2008-11-30": "", "2008-08-31": 0, "2008-05-31": 0, "2008-02-29": 0, "2007-11-30": "", "2007-08-31": 0, "2007-05-31": 0, "2007-02-28": 0, "2006-11-30": "", "2006-08-31": 0, "2006-05-31": 0, "2006-02-28": 0, "2005-11-30": "", "2005-08-31": 0, "2005-05-31": 0, "2005-02-28": 0}, "Net Change In Long-Term Investments": {"2020-11-30": "", "2020-08-31": 0, "2020-05-31": 0, "2020-02-29": 0, "2019-11-30": "", "2019-08-31": 0, "2019-05-31": 27.025, "2019-02-28": 0, "2018-11-30": "", "2018-08-31": 0, "2018-05-31": 0, "2018-02-28": 0, "2017-11-30": "", "2017-08-31": 0, "2017-05-31": 0, "2017-02-28": 0, "2016-11-30": "", "2016-08-31": 0, "2016-05-31": 0, "2016-02-29": 0, "2015-11-30": "", "2015-08-31": 0, "2015-05-31": 0, "2015-02-28": 0, "2014-11-30": "", "2014-08-31": -0.012, "2014-05-31": -0.987, "2014-02-28": -3.658, "2013-11-30": "-20.36600", "2013-08-31": 0, "2013-05-31": 0, "2013-02-28": 0, "2012-11-30": "", "2012-08-31": 0, "2012-05-31": 0, "2012-02-29": 0, "2011-11-30": "", "2011-08-31": 0, "2011-05-31": 0, "2011-02-28": 0, "2010-11-30": "", "2010-08-31": 0, "2010-05-31": 0, "2010-02-28": 0, "2009-11-30": "", "2009-08-31": 0, "2009-05-31": 0, "2009-02-28": 0, "2008-11-30": "", "2008-08-31": 0, "2008-05-31": 0, "2008-02-29": 0, "2007-11-30": "", "2007-08-31": 0, "2007-05-31": 0, "2007-02-28": 0, "2006-11-30": "", "2006-08-31": 23.864, "2006-05-31": 2.235, "2006-02-28": 1.78, "2005-11-30": "17.28000", "2005-08-31": 102.503, "2005-05-31": 1.065, "2005-02-28": -4.79}, "Net Change In Investments - Total": {"2020-11-30": "", "2020-08-31": 0, "2020-05-31": 0, "2020-02-29": 0, "2019-11-30": "", "2019-08-31": 0, "2019-05-31": 27.025, "2019-02-28": 0, "2018-11-30": "", "2018-08-31": 0, "2018-05-31": 0, "2018-02-28": 0, "2017-11-30": "", "2017-08-31": 0, "2017-05-31": 0, "2017-02-28": 0, "2016-11-30": "", "2016-08-31": 0, "2016-05-31": 0, "2016-02-29": 0, "2015-11-30": "", "2015-08-31": 0, "2015-05-31": 0, "2015-02-28": 0, "2014-11-30": "", "2014-08-31": -0.012, "2014-05-31": -0.987, "2014-02-28": -3.658, "2013-11-30": "-20.36600", "2013-08-31": 0, "2013-05-31": 0, "2013-02-28": 0, "2012-11-30": "", "2012-08-31": 0, "2012-05-31": 0, "2012-02-29": 0, "2011-11-30": "", "2011-08-31": 0, "2011-05-31": 0, "2011-02-28": 0, "2010-11-30": "", "2010-08-31": 0, "2010-05-31": 0, "2010-02-28": 0, "2009-11-30": "", "2009-08-31": 0, "2009-05-31": 0, "2009-02-28": 0, "2008-11-30": "", "2008-08-31": 0, "2008-05-31": 0, "2008-02-29": 0, "2007-11-30": "", "2007-08-31": 0, "2007-05-31": 0, "2007-02-28": 0, "2006-11-30": "", "2006-08-31": 23.864, "2006-05-31": 2.235, "2006-02-28": 1.78, "2005-11-30": "17.28000", "2005-08-31": 102.503, "2005-05-31": 1.065, "2005-02-28": -4.79}, "Investing Activities - Other": {"2020-11-30": "", "2020-08-31": 0, "2020-05-31": 0, "2020-02-29": 0, "2019-11-30": "", "2019-08-31": 0, "2019-05-31": 0, "2019-02-28": 0, "2018-11-30": "", "2018-08-31": 0, "2018-05-31": 0, "2018-02-28": 0, "2017-11-30": "", "2017-08-31": 0, "2017-05-31": 0, "2017-02-28": 0, "2016-11-30": "", "2016-08-31": 0, "2016-05-31": 0, "2016-02-29": 0, "2015-11-30": "", "2015-08-31": 0, "2015-05-31": 0, "2015-02-28": 0, "2014-11-30": "", "2014-08-31": 0, "2014-05-31": 0, "2014-02-28": 0, "2013-11-30": "", "2013-08-31": 0, "2013-05-31": 0, "2013-02-28": 0, "2012-11-30": "", "2012-08-31": 0, "2012-05-31": 0, "2012-02-29": 0, "2011-11-30": "", "2011-08-31": 0, "2011-05-31": 0, "2011-02-28": 0, "2010-11-30": "", "2010-08-31": 0, "2010-05-31": 0, "2010-02-28": 0, "2009-11-30": "", "2009-08-31": 0, "2009-05-31": 0, "2009-02-28": 0, "2008-11-30": "", "2008-08-31": 0, "2008-05-31": 0, "2008-02-29": 0, "2007-11-30": "", "2007-08-31": 0, "2007-05-31": 0, "2007-02-28": 0, "2006-11-30": "", "2006-08-31": 0, "2006-05-31": 0, "2006-02-28": 0, "2005-11-30": "", "2005-08-31": 0, "2005-05-31": 0, "2005-02-28": 0}, "Cash Flow From Investing Activities": {"2020-11-30": "-7.89300", "2020-08-31": -11.071, "2020-05-31": -10.183, "2020-02-29": -15.334, "2019-11-30": "-12.68900", "2019-08-31": -15.817, "2019-05-31": 14.225, "2019-02-28": -24.728, "2018-11-30": "-10.05300", "2018-08-31": -15.28, "2018-05-31": -98.64, "2018-02-28": -8.233, "2017-11-30": "-9.76600", "2017-08-31": -50.97, "2017-05-31": -12.415, "2017-02-28": -13.011, "2016-11-30": "-12.49700", "2016-08-31": -53.216, "2016-05-31": -7.933, "2016-02-29": -11.206, "2015-11-30": "-15.57500", "2015-08-31": -13.229, "2015-05-31": -13.031, "2015-02-28": -11.787, "2014-11-30": "-13.35800", "2014-08-31": -14.747, "2014-05-31": -22.944, "2014-02-28": -25.077, "2013-11-30": "-31.43800", "2013-08-31": -26.947, "2013-05-31": -570.768, "2013-02-28": -23.313, "2012-11-30": "-16.99300", "2012-08-31": -18.938, "2012-05-31": -12.486, "2012-02-29": -40.201, "2011-11-30": "-9.51700", "2011-08-31": -24.863, "2011-05-31": -4.559, "2011-02-28": -20.55, "2010-11-30": "-4.45500", "2010-08-31": -8.788, "2010-05-31": -8.794, "2010-02-28": -7.587, "2009-11-30": "-5.13500", "2009-08-31": -4.692, "2009-05-31": -5.316, "2009-02-28": -5.934, "2008-11-30": "-6.35000", "2008-08-31": -7.919, "2008-05-31": -5.269, "2008-02-29": -3.388, "2007-11-30": "-2.55200", "2007-08-31": -5.037, "2007-05-31": -6.627, "2007-02-28": -12.202, "2006-11-30": "-15.32500", "2006-08-31": -339.22, "2006-05-31": -5.58, "2006-02-28": -3.556, "2005-11-30": "14.58300", "2005-08-31": 99.151, "2005-05-31": -1.119, "2005-02-28": -10.666}, "Net Long-Term Debt": {"2020-11-30": "-130.00000", "2020-08-31": 0, "2020-05-31": 100, "2020-02-29": 107, "2019-11-30": "-107.00000", "2019-08-31": 0, "2019-05-31": 0, "2019-02-28": 0, "2018-11-30": "", "2018-08-31": 280.829, "2018-05-31": -24.829, "2018-02-28": -146, "2017-11-30": "", "2017-08-31": 528.325, "2017-05-31": -393.5, "2017-02-28": -57.851, "2016-11-30": "-78.14900", "2016-08-31": 175.147, "2016-05-31": -0.233, "2016-02-29": -0.206, "2015-11-30": "0.29200", "2015-08-31": 181.034, "2015-05-31": -89.502, "2015-02-28": -16.805, "2014-11-30": "-76.48700", "2014-08-31": 54.942, "2014-05-31": -54.617, "2014-02-28": 2.623, "2013-11-30": "-3.44600", "2013-08-31": 0.841, "2013-05-31": -0.371, "2013-02-28": -0.074, "2012-11-30": "-0.27900", "2012-08-31": -0.522, "2012-05-31": -0.446, "2012-02-29": 0.097, "2011-11-30": "0.67800", "2011-08-31": -0.042, "2011-05-31": -0.045, "2011-02-28": -18.731, "2010-11-30": "-20.54300", "2010-08-31": -115.544, "2010-05-31": -12.855, "2010-02-28": -12.855, "2009-11-30": "-12.85500", "2009-08-31": -12.854, "2009-05-31": -10.291, "2009-02-28": -10.292, "2008-11-30": "-10.29200", "2008-08-31": -10.29, "2008-05-31": -7.728, "2008-02-29": -7.728, "2007-11-30": "-7.72600", "2007-08-31": -25.04, "2007-05-31": -0.04, "2007-02-28": -0.039, "2006-11-30": "-0.03900", "2006-08-31": -5.038, "2006-05-31": -0.038, "2006-02-28": -0.039, "2005-11-30": "-0.03700", "2005-08-31": -0.037, "2005-05-31": -0.037, "2005-02-28": -0.084}, "Net Current Debt": {"2020-11-30": "", "2020-08-31": -338, "2020-05-31": 200.6, "2020-02-29": 164.6, "2019-11-30": "69.00000", "2019-08-31": -91, "2019-05-31": -35, "2019-02-28": 71, "2018-11-30": "-14.00000", "2018-08-31": -280, "2018-05-31": 48, "2018-02-28": 165, "2017-11-30": "-41.00000", "2017-08-31": -511.5, "2017-05-31": 361, "2017-02-28": 63, "2016-11-30": "15.00000", "2016-08-31": 170.75, "2016-05-31": -65.25, "2016-02-29": -25.25, "2015-11-30": "-76.25000", "2015-08-31": -213, "2015-05-31": 8, "2015-02-28": 63, "2014-11-30": "235.00000", "2014-08-31": 7.5, "2014-05-31": 16.25, "2014-02-28": -16.25, "2013-11-30": "50.00000", "2013-08-31": -40, "2013-05-31": 290, "2013-02-28": 0, "2012-11-30": "", "2012-08-31": 0, "2012-05-31": 0, "2012-02-29": 0, "2011-11-30": "", "2011-08-31": 0, "2011-05-31": 0, "2011-02-28": 0, "2010-11-30": "", "2010-08-31": 95, "2010-05-31": -95, "2010-02-28": 0, "2009-11-30": "", "2009-08-31": 0, "2009-05-31": 0, "2009-02-28": 0, "2008-11-30": "4.00000", "2008-08-31": 56, "2008-05-31": -59, "2008-02-29": 84, "2007-11-30": "10.00000", "2007-08-31": 0, "2007-05-31": -30, "2007-02-28": 30, "2006-11-30": "", "2006-08-31": 205, "2006-05-31": 0, "2006-02-28": 0, "2005-11-30": "", "2005-08-31": 0, "2005-05-31": 0, "2005-02-28": 0}, "Debt Issuance/Retirement Net - Total": {"2020-11-30": "-130.00000", "2020-08-31": -338, "2020-05-31": 300.6, "2020-02-29": 271.6, "2019-11-30": "-38.00000", "2019-08-31": -91, "2019-05-31": -35, "2019-02-28": 71, "2018-11-30": "-14.00000", "2018-08-31": 0.829, "2018-05-31": 23.171, "2018-02-28": 19, "2017-11-30": "-41.00000", "2017-08-31": 16.825, "2017-05-31": -32.5, "2017-02-28": 5.149, "2016-11-30": "-63.14900", "2016-08-31": 345.897, "2016-05-31": -65.483, "2016-02-29": -25.456, "2015-11-30": "-75.95800", "2015-08-31": -31.966, "2015-05-31": -81.502, "2015-02-28": 46.195, "2014-11-30": "158.51300", "2014-08-31": 62.442, "2014-05-31": -38.367, "2014-02-28": -13.627, "2013-11-30": "46.55400", "2013-08-31": -39.159, "2013-05-31": 289.629, "2013-02-28": -0.074, "2012-11-30": "-0.27900", "2012-08-31": -0.522, "2012-05-31": -0.446, "2012-02-29": 0.097, "2011-11-30": "0.67800", "2011-08-31": -0.042, "2011-05-31": -0.045, "2011-02-28": -18.731, "2010-11-30": "-20.54300", "2010-08-31": -20.544, "2010-05-31": -107.855, "2010-02-28": -12.855, "2009-11-30": "-12.85500", "2009-08-31": -12.854, "2009-05-31": -10.291, "2009-02-28": -10.292, "2008-11-30": "-6.29200", "2008-08-31": 45.71, "2008-05-31": -66.728, "2008-02-29": 76.272, "2007-11-30": "2.27400", "2007-08-31": -25.04, "2007-05-31": -30.04, "2007-02-28": 29.961, "2006-11-30": "-0.03900", "2006-08-31": 199.962, "2006-05-31": -0.038, "2006-02-28": -0.039, "2005-11-30": "-0.03700", "2005-08-31": -0.037, "2005-05-31": -0.037, "2005-02-28": -0.084}, "Net Common Equity Issued/Repurchased": {"2020-11-30": "3.40400", "2020-08-31": 0.802, "2020-05-31": 1.197, "2020-02-29": 9.829, "2019-11-30": "2.55500", "2019-08-31": 1.094, "2019-05-31": 2.013, "2019-02-28": -14.234, "2018-11-30": "-53.24400", "2018-08-31": -54.814, "2018-05-31": 4.108, "2018-02-28": -2.305, "2017-11-30": "-0.65400", "2017-08-31": -40.425, "2017-05-31": 1.621, "2017-02-28": 16.119, "2016-11-30": "4.63300", "2016-08-31": -360.909, "2016-05-31": 4.945, "2016-02-29": -11.638, "2015-11-30": "-4.70200", "2015-08-31": -3.718, "2015-05-31": 1.24, "2015-02-28": -19.265, "2014-11-30": "3.73300", "2014-08-31": -71.795, "2014-05-31": 6.143, "2014-02-28": 8.863, "2013-11-30": "-110.12500", "2013-08-31": 2.455, "2013-05-31": 4.855, "2013-02-28": 5.985, "2012-11-30": "8.38100", "2012-08-31": 3.501, "2012-05-31": -40.943, "2012-02-29": 7.178, "2011-11-30": "7.97500", "2011-08-31": -65.585, "2011-05-31": 12.498, "2011-02-28": 8.484, "2010-11-30": "15.99000", "2010-08-31": -44.449, "2010-05-31": 14.214, "2010-02-28": 0.333, "2009-11-30": "7.05900", "2009-08-31": 0.904, "2009-05-31": 5.578, "2009-02-28": -0.042, "2008-11-30": "1.12100", "2008-08-31": -63.667, "2008-05-31": 3.252, "2008-02-29": -94.123, "2007-11-30": "-22.91900", "2007-08-31": -4.385, "2007-05-31": 0.014, "2007-02-28": -32.03, "2006-11-30": "-29.83100", "2006-08-31": -19.198, "2006-05-31": 6.119, "2006-02-28": 4.212, "2005-11-30": "5.07800", "2005-08-31": -23.657, "2005-05-31": -60.703, "2005-02-28": 3.288}, "Net Total Equity Issued/Repurchased": {"2020-11-30": "3.40400", "2020-08-31": 0.802, "2020-05-31": 1.197, "2020-02-29": 9.829, "2019-11-30": "2.55500", "2019-08-31": 1.094, "2019-05-31": 2.013, "2019-02-28": -14.234, "2018-11-30": "-53.24400", "2018-08-31": -54.814, "2018-05-31": 4.108, "2018-02-28": -2.305, "2017-11-30": "-0.65400", "2017-08-31": -40.425, "2017-05-31": 1.621, "2017-02-28": 16.119, "2016-11-30": "4.63300", "2016-08-31": -360.909, "2016-05-31": 4.945, "2016-02-29": -11.638, "2015-11-30": "-4.70200", "2015-08-31": -3.718, "2015-05-31": 1.24, "2015-02-28": -19.265, "2014-11-30": "3.73300", "2014-08-31": -71.795, "2014-05-31": 6.143, "2014-02-28": 8.863, "2013-11-30": "-110.12500", "2013-08-31": 2.455, "2013-05-31": 4.855, "2013-02-28": 5.985, "2012-11-30": "8.38100", "2012-08-31": 3.501, "2012-05-31": -40.943, "2012-02-29": 7.178, "2011-11-30": "7.97500", "2011-08-31": -65.585, "2011-05-31": 12.498, "2011-02-28": 8.484, "2010-11-30": "15.99000", "2010-08-31": -44.449, "2010-05-31": 14.214, "2010-02-28": 0.333, "2009-11-30": "7.05900", "2009-08-31": 0.904, "2009-05-31": 5.578, "2009-02-28": -0.042, "2008-11-30": "1.12100", "2008-08-31": -63.667, "2008-05-31": 3.252, "2008-02-29": -94.123, "2007-11-30": "-22.91900", "2007-08-31": -4.385, "2007-05-31": 0.014, "2007-02-28": -32.03, "2006-11-30": "-29.83100", "2006-08-31": -19.198, "2006-05-31": 6.119, "2006-02-28": 4.212, "2005-11-30": "5.07800", "2005-08-31": -23.657, "2005-05-31": -60.703, "2005-02-28": 3.288}, "Total Common And Preferred Stock Dividends Paid": {"2020-11-30": "-41.81500", "2020-08-31": -41.686, "2020-05-31": -41.67, "2020-02-29": -319.279, "2019-11-30": "-41.53600", "2019-08-31": -41.401, "2019-05-31": -34.757, "2019-02-28": -34.693, "2018-11-30": "-34.85800", "2018-08-31": -32.797, "2018-05-31": -32.76, "2018-02-28": -32.786, "2017-11-30": "-27.08700", "2017-08-31": -25.584, "2017-05-31": -25.622, "2017-02-28": -25.515, "2016-11-30": "-25.49500", "2016-08-31": -26.427, "2016-05-31": -26.403, "2016-02-29": -26.557, "2015-11-30": "-26.39100", "2015-08-31": -24.685, "2015-05-31": -24.675, "2015-02-28": -26.09, "2014-11-30": "-208.78100", "2014-08-31": -20.597, "2014-05-31": -20.58, "2014-02-28": -20.515, "2013-11-30": "-20.91500", "2013-08-31": -19.017, "2013-05-31": -18.988, "2013-02-28": -18.948, "2012-11-30": "-18.90700", "2012-08-31": -15.683, "2012-05-31": -15.819, "2012-02-29": -15.776, "2011-11-30": "-15.74600", "2011-08-31": -14.071, "2011-05-31": -14.008, "2011-02-28": -13.949, "2010-11-30": "-77.22900", "2010-08-31": -13.802, "2010-05-31": -12.696, "2010-02-28": -12.633, "2009-11-30": "-12.59500", "2009-08-31": -12.524, "2009-05-31": -12.459, "2009-02-28": -12.448, "2008-11-30": "-12.44800", "2008-08-31": -12.59, "2008-05-31": -11.386, "2008-02-29": -11.719, "2007-11-30": "-11.91400", "2007-08-31": -11.88, "2007-05-31": -11.849, "2007-02-28": -9.192, "2006-11-30": "-9.37700", "2006-08-31": -9.485, "2006-05-31": -9.461, "2006-02-28": -9.399, "2005-11-30": "-7.99100", "2005-08-31": -107.689, "2005-05-31": -8.275, "2005-02-28": -13.801}, "Financial Activities - Other": {"2020-11-30": "0.75300", "2020-08-31": -20.563, "2020-05-31": 0.124, "2020-02-29": -0.411, "2019-11-30": "-0.18000", "2019-08-31": -0.363, "2019-05-31": -27.345, "2019-02-28": 0.406, "2018-11-30": "0.75300", "2018-08-31": -1.095, "2018-05-31": 0.533, "2018-02-28": -0.535, "2017-11-30": "0.60600", "2017-08-31": 0.904, "2017-05-31": -1.671, "2017-02-28": 0.106, "2016-11-30": "-0.14200", "2016-08-31": 0.084, "2016-05-31": 0.363, "2016-02-29": 0.113, "2015-11-30": "0.15400", "2015-08-31": 0.186, "2015-05-31": 0.084, "2015-02-28": 1.895, "2014-11-30": "1.79100", "2014-08-31": 0.739, "2014-05-31": 0.598, "2014-02-28": 0.131, "2013-11-30": "4.01200", "2013-08-31": 0.469, "2013-05-31": -1.076, "2013-02-28": 1.284, "2012-11-30": "3.45100", "2012-08-31": 0.044, "2012-05-31": 0.641, "2012-02-29": 1.419, "2011-11-30": "2.78400", "2011-08-31": -0.918, "2011-05-31": 2.225, "2011-02-28": 1.46, "2010-11-30": "3.65100", "2010-08-31": 0.243, "2010-05-31": 2.058, "2010-02-28": 0.724, "2009-11-30": "1.74900", "2009-08-31": 0.207, "2009-05-31": 1.403, "2009-02-28": -0.038, "2008-11-30": "0.21000", "2008-08-31": 1.164, "2008-05-31": 1.452, "2008-02-29": 0.247, "2007-11-30": "0.41000", "2007-08-31": 4.292, "2007-05-31": 1.743, "2007-02-28": 1.214, "2006-11-30": "0.44000", "2006-08-31": -0.162, "2006-05-31": 3.321, "2006-02-28": 2.101, "2005-11-30": "1.98000", "2005-08-31": 0, "2005-05-31": 0, "2005-02-28": 0}, "Cash Flow From Financial Activities": {"2020-11-30": "-167.65800", "2020-08-31": -399.447, "2020-05-31": 260.251, "2020-02-29": -38.261, "2019-11-30": "-77.16100", "2019-08-31": -131.67, "2019-05-31": -95.089, "2019-02-28": 22.479, "2018-11-30": "-101.34900", "2018-08-31": -87.877, "2018-05-31": -4.948, "2018-02-28": -16.626, "2017-11-30": "-68.13500", "2017-08-31": -48.28, "2017-05-31": -58.172, "2017-02-28": -4.141, "2016-11-30": "-84.15300", "2016-08-31": -41.355, "2016-05-31": -86.578, "2016-02-29": -63.538, "2015-11-30": "-106.89700", "2015-08-31": -60.183, "2015-05-31": -104.853, "2015-02-28": 2.735, "2014-11-30": "-44.74400", "2014-08-31": -29.211, "2014-05-31": -52.206, "2014-02-28": -25.148, "2013-11-30": "-80.47400", "2013-08-31": -55.252, "2013-05-31": 274.42, "2013-02-28": -11.753, "2012-11-30": "-7.35400", "2012-08-31": -12.66, "2012-05-31": -56.567, "2012-02-29": -7.082, "2011-11-30": "-4.30900", "2011-08-31": -80.616, "2011-05-31": 0.67, "2011-02-28": -22.736, "2010-11-30": "-78.13100", "2010-08-31": -78.552, "2010-05-31": -104.279, "2010-02-28": -24.431, "2009-11-30": "-16.64200", "2009-08-31": -24.267, "2009-05-31": -15.769, "2009-02-28": -22.82, "2008-11-30": "-17.40900", "2008-08-31": -29.383, "2008-05-31": -73.41, "2008-02-29": -29.323, "2007-11-30": "-32.14900", "2007-08-31": -37.013, "2007-05-31": -40.132, "2007-02-28": -10.047, "2006-11-30": "-38.80700", "2006-08-31": 171.117, "2006-05-31": -0.059, "2006-02-28": -3.125, "2005-11-30": "-0.97000", "2005-08-31": -131.383, "2005-05-31": -69.015, "2005-02-28": -10.597}, "Net Cash Flow": {"2020-11-30": "-72.10700", "2020-08-31": -228.182, "2020-05-31": 308.526, "2020-02-29": 17.089, "2019-11-30": "-4.50800", "2019-08-31": -6.485, "2019-05-31": 7.604, "2019-02-28": 19.552, "2018-11-30": "-34.60200", "2018-08-31": 6.224, "2018-05-31": 8.385, "2018-02-28": 11.356, "2017-11-30": "4.16900", "2017-08-31": -11.495, "2017-05-31": -8.024, "2017-02-28": 3.48, "2016-11-30": "-20.76800", "2016-08-31": 20.562, "2016-05-31": 8.368, "2016-02-29": -13.919, "2015-11-30": "-0.38800", "2015-08-31": 13.404, "2015-05-31": -2.562, "2015-02-28": -19.279, "2014-11-30": "-0.45000", "2014-08-31": 1.796, "2014-05-31": 0.035, "2014-02-28": -3.107, "2013-11-30": "-7.44600", "2013-08-31": -2.141, "2013-05-31": -185.932, "2013-02-28": 10.443, "2012-11-30": "65.05300", "2012-08-31": 57.504, "2012-05-31": 2.068, "2012-02-29": -19.353, "2011-11-30": "32.27500", "2011-08-31": -40.812, "2011-05-31": 61.096, "2011-02-28": -4.87, "2010-11-30": "-40.64600", "2010-08-31": -46.709, "2010-05-31": -78.046, "2010-02-28": -4.674, "2009-11-30": "25.04800", "2009-08-31": 17.38, "2009-05-31": 70.264, "2009-02-28": 46.669, "2008-11-30": "48.41600", "2008-08-31": 36.739, "2008-05-31": -1.247, "2008-02-29": 2.258, "2007-11-30": "-2.70400", "2007-08-31": -2.095, "2007-05-31": 4.838, "2007-02-28": -5.287, "2006-11-30": "2.62300", "2006-08-31": -125.302, "2006-05-31": 37.189, "2006-02-28": 5.471, "2005-11-30": "49.34000", "2005-08-31": 4.641, "2005-05-31": -16.809, "2005-02-28": 13.671}, "Stock-Based Compensation": {"2020-11-30": "4.23800", "2020-08-31": 4.469, "2020-05-31": 4.285, "2020-02-29": 4.017, "2019-11-30": "4.16100", "2019-08-31": 4.116, "2019-05-31": 4.089, "2019-02-28": 3.904, "2018-11-30": "4.17400", "2018-08-31": 3.659, "2018-05-31": 3.686, "2018-02-28": 3.695, "2017-11-30": "3.89400", "2017-08-31": 3.55, "2017-05-31": 3.45, "2017-02-28": 3.387, "2016-11-30": "3.53800", "2016-08-31": 3.683, "2016-05-31": 3.303, "2016-02-29": 3.378, "2015-11-30": "3.62100", "2015-08-31": 2.896, "2015-05-31": 3.097, "2015-02-28": 3.163, "2014-11-30": "5.03900", "2014-08-31": 3.668, "2014-05-31": 3.753, "2014-02-28": 5.035, "2013-11-30": "4.23200", "2013-08-31": 3.835, "2013-05-31": 3.885, "2013-02-28": 3.851, "2012-11-30": "4.25300", "2012-08-31": 3.852, "2012-05-31": 3.839, "2012-02-29": 3.743, "2011-11-30": "3.82800", "2011-08-31": 3.711, "2011-05-31": 3.7, "2011-02-28": 3.744, "2010-11-30": "3.61300", "2010-08-31": 3.416, "2010-05-31": 3.328, "2010-02-28": 3.683, "2009-11-30": "3.09800", "2009-08-31": 3.104, "2009-05-31": 2.54, "2009-02-28": 2.514, "2008-11-30": "2.74600", "2008-08-31": 2.557, "2008-05-31": 2.602, "2008-02-29": 2.551, "2007-11-30": "2.66900", "2007-08-31": 1.943, "2007-05-31": 1.934, "2007-02-28": 2.046, "2006-11-30": "2.25000", "2006-08-31": 2.266, "2006-05-31": 2.242, "2006-02-28": 2.66, "2005-11-30": "2.38000", "2005-08-31": 0.266, "2005-05-31": 0.274, "2005-02-28": 0.264}, "Common Stock Dividends Paid": {"2020-11-30": "-41.81500", "2020-08-31": -41.686, "2020-05-31": -41.67, "2020-02-29": -319.279, "2019-11-30": "-41.53600", "2019-08-31": -41.401, "2019-05-31": -34.757, "2019-02-28": -34.693, "2018-11-30": "-34.85800", "2018-08-31": -32.797, "2018-05-31": -32.76, "2018-02-28": -32.786, "2017-11-30": "-27.08700", "2017-08-31": -25.584, "2017-05-31": -25.622, "2017-02-28": -25.515, "2016-11-30": "-25.49500", "2016-08-31": -26.427, "2016-05-31": -26.403, "2016-02-29": -26.557, "2015-11-30": "-26.39100", "2015-08-31": -24.685, "2015-05-31": -24.675, "2015-02-28": -26.09, "2014-11-30": "-208.78100", "2014-08-31": -20.597, "2014-05-31": -20.58, "2014-02-28": -20.515, "2013-11-30": "-20.91500", "2013-08-31": -19.017, "2013-05-31": -18.988, "2013-02-28": -18.948, "2012-11-30": "-18.90700", "2012-08-31": -15.683, "2012-05-31": -15.819, "2012-02-29": -15.776, "2011-11-30": "-15.74600", "2011-08-31": -14.071, "2011-05-31": -14.008, "2011-02-28": -13.949, "2010-11-30": "-77.22900", "2010-08-31": -13.802, "2010-05-31": -12.696, "2010-02-28": -12.633, "2009-11-30": "-12.59500", "2009-08-31": -12.524, "2009-05-31": -12.459, "2009-02-28": -12.448, "2008-11-30": "-12.44800", "2008-08-31": -12.59, "2008-05-31": -11.386, "2008-02-29": -11.719, "2007-11-30": "-11.91400", "2007-08-31": -11.88, "2007-05-31": -11.849, "2007-02-28": -9.192, "2006-11-30": "-9.37700", "2006-08-31": -9.485, "2006-05-31": -9.461, "2006-02-28": -9.399, "2005-11-30": "-7.99100", "2005-08-31": -107.689, "2005-05-31": -8.275, "2005-02-28": -13.801}}, "financial ratios": {"Current Ratio": {"2020-08-31": "3.02830", "2019-08-31": "2.68420", "2018-08-31": "2.33940", "2017-08-31": "1.80300", "2016-08-31": "2.05070", "2015-08-31": "2.44580", "2014-08-31": "3.10970", "2013-08-31": "4.18340", "2012-08-31": "5.39610", "2011-08-31": "4.40430", "2010-08-31": "3.55540", "2009-08-31": "2.66850", "2008-08-31": "2.54810", "2007-08-31": "3.40360", "2006-08-31": "3.45370", "2005-08-31": "4.65500"}, "Long-term Debt / Capital": {"2020-08-31": "0.27340", "2019-08-31": "0.15220", "2018-08-31": "0.18320", "2017-08-31": "0.14090", "2016-08-31": "0.23630", "2015-08-31": "0.13840", "2014-08-31": "0.14660", "2013-08-31": "0.14800", "2012-08-31": "0.00180", "2011-08-31": "", "2010-08-31": "", "2009-08-31": "0.04660", "2008-08-31": "0.12160", "2007-08-31": "0.16340", "2006-08-31": "0.23190", "2005-08-31": "0.00160"}, "Debt/Equity Ratio": {"2020-08-31": "0.46890", "2019-08-31": "0.29780", "2018-08-31": "0.38590", "2017-08-31": "0.43500", "2016-08-31": "0.55250", "2015-08-31": "0.32060", "2014-08-31": "0.24100", "2013-08-31": "0.18390", "2012-08-31": "0.00270", "2011-08-31": "", "2010-08-31": "0.04370", "2009-08-31": "0.24020", "2008-08-31": "0.32770", "2007-08-31": "0.24130", "2006-08-31": "0.31420", "2005-08-31": "0.00180"}, "Gross Margin": {"2020-08-31": "42.07880", "2019-08-31": "42.57200", "2018-08-31": "43.47730", "2017-08-31": "44.54160", "2016-08-31": "45.00980", "2015-08-31": "45.23720", "2014-08-31": "46.15000", "2013-08-31": "45.51160", "2012-08-31": "45.76570", "2011-08-31": "46.53920", "2010-08-31": "45.32630", "2009-08-31": "46.17900", "2008-08-31": "46.21270", "2007-08-31": "46.23240", "2006-08-31": "46.56180", "2005-08-31": "45.82850"}, "Operating Margin": {"2020-08-31": "10.98670", "2019-08-31": "11.89110", "2018-08-31": "13.12640", "2017-08-31": "13.12440", "2016-08-31": "13.12940", "2015-08-31": "13.04050", "2014-08-31": "13.74840", "2013-08-31": "15.68680", "2012-08-31": "17.49710", "2011-08-31": "17.29980", "2010-08-31": "14.29160", "2009-08-31": "13.74390", "2008-08-31": "17.95260", "2007-08-31": "17.23050", "2006-08-31": "16.76380", "2005-08-31": "16.15220"}, "EBIT Margin": {"2020-08-31": "10.98670", "2019-08-31": "11.89110", "2018-08-31": "13.12640", "2017-08-31": "13.12440", "2016-08-31": "13.12940", "2015-08-31": "13.04050", "2014-08-31": "13.74840", "2013-08-31": "15.68680", "2012-08-31": "17.49710", "2011-08-31": "17.29980", "2010-08-31": "14.29160", "2009-08-31": "13.74390", "2008-08-31": "17.95260", "2007-08-31": "17.23050", "2006-08-31": "16.76380", "2005-08-31": "16.15220"}, "EBITDA Margin": {"2020-08-31": "13.15060", "2019-08-31": "13.83470", "2018-08-31": "15.09760", "2017-08-31": "15.30540", "2016-08-31": "15.64130", "2015-08-31": "15.43640", "2014-08-31": "16.07860", "2013-08-31": "17.70000", "2012-08-31": "18.97090", "2011-08-31": "18.74200", "2010-08-31": "15.83110", "2009-08-31": "15.55320", "2008-08-31": "19.48920", "2007-08-31": "18.77250", "2006-08-31": "17.93290", "2005-08-31": "17.30940"}, "Pre-Tax Profit Margin": {"2020-08-31": "10.47020", "2019-08-31": "11.38970", "2018-08-31": "12.67800", "2017-08-31": "12.74320", "2016-08-31": "12.98170", "2015-08-31": "12.82110", "2014-08-31": "13.61710", "2013-08-31": "15.60150", "2012-08-31": "17.49390", "2011-08-31": "17.27820", "2010-08-31": "14.23300", "2009-08-31": "13.55740", "2008-08-31": "17.60600", "2007-08-31": "16.55590", "2006-08-31": "16.83240", "2005-08-31": "16.52440"}, "Net Profit Margin": {"2020-08-31": "7.86610", "2019-08-31": "8.58740", "2018-08-31": "10.27580", "2017-08-31": "8.01430", "2016-08-31": "8.07460", "2015-08-31": "7.94770", "2014-08-31": "8.41150", "2013-08-31": "9.61140", "2012-08-31": "10.90540", "2011-08-31": "10.72840", "2010-08-31": "8.80610", "2009-08-31": "8.32950", "2008-08-31": "10.94960", "2007-08-31": "10.30280", "2006-08-31": "10.35200", "2005-08-31": "10.20720"}, "Asset Turnover": {"2020-08-31": "1.34000", "2019-08-31": "1.45540", "2018-08-31": "1.39990", "2017-08-31": "1.37580", "2016-08-31": "1.38670", "2015-08-31": "1.38580", "2014-08-31": "1.35250", "2013-08-31": "1.26490", "2012-08-31": "1.63050", "2011-08-31": "1.62470", "2010-08-31": "1.46710", "2009-08-31": "1.28680", "2008-08-31": "1.61400", "2007-08-31": "1.56990", "2006-08-31": "1.29890", "2005-08-31": "1.68800"}, "Inventory Turnover Ratio": {"2020-08-31": "3.40460", "2019-08-31": "3.45490", "2018-08-31": "3.49260", "2017-08-31": "3.44440", "2016-08-31": "3.54470", "2015-08-31": "3.14590", "2014-08-31": "3.33660", "2013-08-31": "3.19590", "2012-08-31": "3.24780", "2011-08-31": "3.13430", "2010-08-31": "3.23480", "2009-08-31": "3.25030", "2008-08-31": "2.98760", "2007-08-31": "2.68260", "2006-08-31": "2.35950", "2005-08-31": "2.57720"}, "Receiveable Turnover": {"2020-08-31": "6.49200", "2019-08-31": "6.21670", "2018-08-31": "6.11550", "2017-08-31": "6.12080", "2016-08-31": "7.29620", "2015-08-31": "7.21340", "2014-08-31": "7.28120", "2013-08-31": "7.11610", "2012-08-31": "7.92660", "2011-08-31": "7.58520", "2010-08-31": "7.65580", "2009-08-31": "9.00730", "2008-08-31": "8.22450", "2007-08-31": "8.26790", "2006-08-31": "7.09360", "2005-08-31": "8.69490"}, "Days Sales In Receivables": {"2020-08-31": "56.22300", "2019-08-31": "58.71250", "2018-08-31": "59.68410", "2017-08-31": "59.63310", "2016-08-31": "50.02580", "2015-08-31": "50.60020", "2014-08-31": "50.12920", "2013-08-31": "51.29240", "2012-08-31": "46.04720", "2011-08-31": "48.12020", "2010-08-31": "47.67600", "2009-08-31": "40.52270", "2008-08-31": "44.37960", "2007-08-31": "44.14670", "2006-08-31": "51.45500", "2005-08-31": "41.97860"}, "ROE - Return On Equity": {"2020-08-31": "19.06430", "2019-08-31": "19.46230", "2018-08-31": "23.73200", "2017-08-31": "18.89020", "2016-08-31": "21.05070", "2015-08-31": "17.35410", "2014-08-31": "16.87930", "2013-08-31": "17.11720", "2012-08-31": "21.82030", "2011-08-31": "22.03030", "2010-08-31": "16.71030", "2009-08-31": "15.53280", "2008-08-31": "27.57730", "2007-08-31": "23.89550", "2006-08-31": "21.33500", "2005-08-31": "21.16640"}, "Return On Tangible Equity": {"2020-08-31": "46.78470", "2019-08-31": "41.85800", "2018-08-31": "55.84480", "2017-08-31": "48.11620", "2016-08-31": "62.66220", "2015-08-31": "39.24210", "2014-08-31": "37.41670", "2013-08-31": "39.35490", "2012-08-31": "30.59030", "2011-08-31": "32.78320", "2010-08-31": "25.95480", "2009-08-31": "26.17590", "2008-08-31": "52.11140", "2007-08-31": "45.26610", "2006-08-31": "46.81620", "2005-08-31": "24.02970"}, "ROA - Return On Assets": {"2020-08-31": "10.56730", "2019-08-31": "12.49530", "2018-08-31": "14.38460", "2017-08-31": "11.02620", "2016-08-31": "11.19720", "2015-08-31": "11.01370", "2014-08-31": "11.45540", "2013-08-31": "12.24880", "2012-08-31": "17.92760", "2011-08-31": "17.58130", "2010-08-31": "13.03820", "2009-08-31": "10.80920", "2008-08-31": "17.79620", "2007-08-31": "16.17460", "2006-08-31": "13.44660", "2005-08-31": "17.23000"}, "ROI - Return On Investment": {"2020-08-31": "13.85120", "2019-08-31": "16.49980", "2018-08-31": "19.38330", "2017-08-31": "16.22790", "2016-08-31": "16.07730", "2015-08-31": "14.95210", "2014-08-31": "14.40490", "2013-08-31": "14.58350", "2012-08-31": "21.78010", "2011-08-31": "22.03030", "2010-08-31": "16.71030", "2009-08-31": "14.80910", "2008-08-31": "24.22500", "2007-08-31": "19.99020", "2006-08-31": "16.38780", "2005-08-31": "21.13330"}, "Book Value Per Share": {"2020-08-31": "23.74790", "2019-08-31": "26.87160", "2018-08-31": "24.81850", "2017-08-31": "21.72580", "2016-08-31": "19.41240", "2015-08-31": "21.61710", "2014-08-31": "22.69710", "2013-08-31": "21.91860", "2012-08-31": "18.90300", "2011-08-31": "15.81390", "2010-08-31": "14.33460", "2009-08-31": "12.86020", "2008-08-31": "11.47210", "2007-08-31": "11.01510", "2006-08-31": "9.55180", "2005-08-31": "7.97380"}, "Operating Cash Flow Per Share": {"2020-08-31": 1.2134, "2019-08-31": -0.073, "2018-08-31": 1.657, "2017-08-31": -2.2346, "2016-08-31": 2.5048, "2015-08-31": -0.3073, "2014-08-31": -0.795, "2013-08-31": 1.4343, "2012-08-31": 0.4148, "2011-08-31": 0.9344, "2010-08-31": -2.196, "2009-08-31": 1.1893, "2008-08-31": 0.9247, "2007-08-31": 0.5091, "2006-08-31": 0.1638, "2005-08-31": 1.7904}, "Free Cash Flow Per Share": {"2020-08-31": 1.3016, "2019-08-31": -0.2136, "2018-08-31": 1.6819, "2017-08-31": -1.6119, "2016-08-31": 1.9011, "2015-08-31": -0.0105, "2014-08-31": -0.5113, "2013-08-31": 0.7772, "2012-08-31": 0.0578, "2011-08-31": 1.0135, "2010-08-31": -2.32, "2009-08-31": 1.1283, "2008-08-31": 1.0227, "2007-08-31": 0.4489, "2006-08-31": -0.0073, "2005-08-31": 1.6272}}, "financial ratios, quarterly": {"Current Ratio": {"2020-11-30": "2.23410", "2020-08-31": "3.02830", "2020-05-31": "2.62830", "2020-02-29": "1.74580", "2019-11-30": "2.89930", "2019-08-31": "2.68420", "2019-05-31": "2.50120", "2019-02-28": "2.19040", "2018-11-30": "2.37240", "2018-08-31": "2.33940", "2018-05-31": "2.11200", "2018-02-28": "2.20030", "2017-11-30": "1.92350", "2017-08-31": "1.80300", "2017-05-31": "1.86580", "2017-02-28": "1.95960", "2016-11-30": "2.00510", "2016-08-31": "2.05070", "2016-05-31": "3.31830", "2016-02-29": "2.92130", "2015-11-30": "2.67070", "2015-08-31": "2.44580", "2015-05-31": "2.23800", "2015-02-28": "2.01600", "2014-11-30": "1.99920", "2014-08-31": "3.10970", "2014-05-31": "3.67060", "2014-02-28": "3.48180", "2013-11-30": "3.03810", "2013-08-31": "4.18340", "2013-05-31": "3.61600", "2013-02-28": "6.78350", "2012-11-30": "5.63240", "2012-08-31": "5.39610", "2012-05-31": "5.19760", "2012-02-29": "5.17120", "2011-11-30": "4.94080", "2011-08-31": "4.40430", "2011-05-31": "5.19480", "2011-02-28": "5.00160", "2010-11-30": "3.93890", "2010-08-31": "3.55540", "2010-05-31": "3.60680", "2010-02-28": "2.60700", "2009-11-30": "2.64460", "2009-08-31": "2.66850", "2009-05-31": "2.75200", "2009-02-28": "2.74540", "2008-11-30": "2.53750", "2008-08-31": "2.54810", "2008-05-31": "3.14510", "2008-02-29": "2.50650", "2007-11-30": "3.25980", "2007-08-31": "3.40360", "2007-05-31": "3.31420", "2007-02-28": "3.08760", "2006-11-30": "3.24870", "2006-08-31": "3.45370", "2006-05-31": "5.53510", "2006-02-28": "5.77650", "2005-11-30": "4.81660", "2005-08-31": "4.65500", "2005-05-31": "4.34970", "2005-02-28": "5.42090"}, "Long-term Debt / Capital": {"2020-11-30": "0.29220", "2020-08-31": "0.27340", "2020-05-31": "0.33910", "2020-02-29": "0.17480", "2019-11-30": "0.15000", "2019-08-31": "0.15220", "2019-05-31": "0.16380", "2019-02-28": "0.16840", "2018-11-30": "0.18460", "2018-08-31": "0.18320", "2018-05-31": "0.15230", "2018-02-28": "0.15710", "2017-11-30": "0.13760", "2017-08-31": "0.14090", "2017-05-31": "0.14110", "2017-02-28": "0.18670", "2016-11-30": "0.21220", "2016-08-31": "0.23630", "2016-05-31": "0.11130", "2016-02-29": "0.12200", "2015-11-30": "0.13010", "2015-08-31": "0.13840", "2015-05-31": "0.14510", "2015-02-28": "0.15300", "2014-11-30": "0.15730", "2014-08-31": "0.14660", "2014-05-31": "0.14730", "2014-02-28": "0.15540", "2013-11-30": "0.16120", "2013-08-31": "0.14800", "2013-05-31": "0.15250", "2013-02-28": "0.00150", "2012-11-30": "0.00180", "2012-08-31": "0.00180", "2012-05-31": "0.00200", "2012-02-29": "0.00230", "2011-11-30": "0.00260", "2011-08-31": "", "2011-05-31": "", "2011-02-28": "", "2010-11-30": "", "2010-08-31": "", "2010-05-31": "0.00010", "2010-02-28": "0.00010", "2009-11-30": "0.02200", "2009-08-31": "0.04660", "2009-05-31": "0.07070", "2009-02-28": "0.08720", "2008-11-30": "0.10290", "2008-08-31": "0.12160", "2008-05-31": "0.13160", "2008-02-29": "0.15030", "2007-11-30": "0.15070", "2007-08-31": "0.16340", "2007-05-31": "0.18090", "2007-02-28": "0.21470", "2006-11-30": "0.22390", "2006-08-31": "0.23190", "2006-05-31": "0.00110", "2006-02-28": "0.00130", "2005-11-30": "0.00140", "2005-08-31": "0.00160", "2005-05-31": "0.00140", "2005-02-28": "0.00140"}, "Debt/Equity Ratio": {"2020-11-30": "0.54750", "2020-08-31": "0.57410", "2020-05-31": "0.75190", "2020-02-29": "0.53680", "2019-11-30": "0.26800", "2019-08-31": "0.29780", "2019-05-31": "0.36520", "2019-02-28": "0.42200", "2018-11-30": "0.37970", "2018-08-31": "0.38590", "2018-05-31": "0.38280", "2018-02-28": "0.37980", "2017-11-30": "0.39100", "2017-08-31": "0.43500", "2017-05-31": "0.42120", "2017-02-28": "0.46500", "2016-11-30": "0.47950", "2016-08-31": "0.55250", "2016-05-31": "0.18480", "2016-02-29": "0.23920", "2015-11-30": "0.26030", "2015-08-31": "0.32060", "2015-05-31": "0.35340", "2015-02-28": "0.43020", "2014-11-30": "0.39570", "2014-08-31": "0.24100", "2014-05-31": "0.19290", "2014-02-28": "0.22810", "2013-11-30": "0.24290", "2013-08-31": "0.18390", "2013-05-31": "0.21740", "2013-02-28": "0.00250", "2012-11-30": "0.00270", "2012-08-31": "0.00270", "2012-05-31": "0.00330", "2012-02-29": "0.00380", "2011-11-30": "0.00390", "2011-08-31": "", "2011-05-31": "0.00000", "2011-02-28": "0.00010", "2010-11-30": "0.02110", "2010-08-31": "0.04370", "2010-05-31": "0.06590", "2010-02-28": "0.19540", "2009-11-30": "0.21570", "2009-08-31": "0.24020", "2009-05-31": "0.26180", "2009-02-28": "0.28440", "2008-11-30": "0.30410", "2008-08-31": "0.32770", "2008-05-31": "0.25520", "2008-02-29": "0.36990", "2007-11-30": "0.23940", "2007-08-31": "0.24130", "2007-05-31": "0.29080", "2007-02-28": "0.35540", "2006-11-30": "0.31260", "2006-08-31": "0.31420", "2006-05-31": "0.00140", "2006-02-28": "0.00150", "2005-11-30": "0.00170", "2005-08-31": "0.00180", "2005-05-31": "0.00160", "2005-02-28": "0.00160"}, "Gross Margin": {"2020-11-30": "41.88580", "2020-08-31": "41.60740", "2020-05-31": "42.39210", "2020-02-29": "42.11350", "2019-11-30": "42.15590", "2019-08-31": "41.96060", "2019-05-31": "42.54300", "2019-02-28": "42.74750", "2018-11-30": "43.04790", "2018-08-31": "42.92060", "2018-05-31": "43.58100", "2018-02-28": "43.85290", "2017-11-30": "43.59690", "2017-08-31": "44.23760", "2017-05-31": "44.29220", "2017-02-28": "44.69610", "2016-11-30": "44.98730", "2016-08-31": "44.83680", "2016-05-31": "44.95260", "2016-02-29": "45.13720", "2015-11-30": "45.12780", "2015-08-31": "44.97290", "2015-05-31": "45.39570", "2015-02-28": "45.42380", "2014-11-30": "45.15840", "2014-08-31": "45.57880", "2014-05-31": "46.27410", "2014-02-28": "46.38170", "2013-11-30": "46.40390", "2013-08-31": "45.64520", "2013-05-31": "45.45490", "2013-02-28": "45.01950", "2012-11-30": "45.90360", "2012-08-31": "45.18180", "2012-05-31": "45.68570", "2012-02-29": "46.08740", "2011-11-30": "46.20330", "2011-08-31": "46.01540", "2011-05-31": "47.25360", "2011-02-28": "46.81770", "2010-11-30": "46.04070", "2010-08-31": "44.93730", "2010-05-31": "45.49080", "2010-02-28": "45.27010", "2009-11-30": "45.65780", "2009-08-31": "44.88970", "2009-05-31": "45.94120", "2009-02-28": "46.54570", "2008-11-30": "47.12790", "2008-08-31": "46.02230", "2008-05-31": "46.02530", "2008-02-29": "46.52110", "2007-11-30": "46.29600", "2007-08-31": "46.14710", "2007-05-31": "46.23630", "2007-02-28": "46.36500", "2006-11-30": "46.19040", "2006-08-31": "44.87400", "2006-05-31": "47.30050", "2006-02-28": "47.54080", "2005-11-30": "46.92710", "2005-08-31": "46.03570", "2005-05-31": "46.10790", "2005-02-28": "46.01260"}, "Operating Margin": {"2020-11-30": "6.98380", "2020-08-31": "9.75220", "2020-05-31": "13.15640", "2020-02-29": "9.88050", "2019-11-30": "10.96380", "2019-08-31": "10.74130", "2019-05-31": "12.75190", "2019-02-28": "11.66230", "2018-11-30": "12.38580", "2018-08-31": "12.86300", "2018-05-31": "13.92920", "2018-02-28": "12.75740", "2017-11-30": "12.91740", "2017-08-31": "13.26390", "2017-05-31": "13.68100", "2017-02-28": "12.31140", "2016-11-30": "13.20180", "2016-08-31": "13.32030", "2016-05-31": "14.54090", "2016-02-29": "11.77310", "2015-11-30": "12.78800", "2015-08-31": "13.12060", "2015-05-31": "13.98340", "2015-02-28": "12.15660", "2014-11-30": "12.85350", "2014-08-31": "13.73840", "2014-05-31": "14.55790", "2014-02-28": "12.35380", "2013-11-30": "14.25920", "2013-08-31": "13.70670", "2013-05-31": "15.73910", "2013-02-28": "15.90550", "2012-11-30": "17.72360", "2012-08-31": "17.00160", "2012-05-31": "18.11510", "2012-02-29": "17.14590", "2011-11-30": "17.74300", "2011-08-31": "17.60630", "2011-05-31": "18.43360", "2011-02-28": "16.67450", "2010-11-30": "16.31680", "2010-08-31": "15.28220", "2010-05-31": "15.63140", "2010-02-28": "12.61500", "2009-11-30": "13.25880", "2009-08-31": "11.80660", "2009-05-31": "12.90800", "2009-02-28": "12.28780", "2008-11-30": "17.18800", "2008-08-31": "17.41780", "2008-05-31": "18.54900", "2008-02-29": "18.01090", "2007-11-30": "17.81950", "2007-08-31": "17.02530", "2007-05-31": "17.49400", "2007-02-28": "17.19380", "2006-11-30": "17.21490", "2006-08-31": "14.57280", "2006-05-31": "17.89720", "2006-02-28": "17.67810", "2005-11-30": "17.41230", "2005-08-31": "15.50320", "2005-05-31": "16.97190", "2005-02-28": "16.17710"}, "EBIT Margin": {"2020-11-30": "6.98380", "2020-08-31": "9.75220", "2020-05-31": "13.15640", "2020-02-29": "9.88050", "2019-11-30": "10.96380", "2019-08-31": "10.74130", "2019-05-31": "12.75190", "2019-02-28": "11.66230", "2018-11-30": "12.38580", "2018-08-31": "12.86300", "2018-05-31": "13.92920", "2018-02-28": "12.75740", "2017-11-30": "12.91740", "2017-08-31": "13.26390", "2017-05-31": "13.68100", "2017-02-28": "12.31140", "2016-11-30": "13.20180", "2016-08-31": "13.32030", "2016-05-31": "14.54090", "2016-02-29": "11.77310", "2015-11-30": "12.78800", "2015-08-31": "13.12060", "2015-05-31": "13.98340", "2015-02-28": "12.15660", "2014-11-30": "12.85350", "2014-08-31": "13.73840", "2014-05-31": "14.55790", "2014-02-28": "12.35380", "2013-11-30": "14.25920", "2013-08-31": "13.70670", "2013-05-31": "15.73910", "2013-02-28": "15.90550", "2012-11-30": "17.72360", "2012-08-31": "17.00160", "2012-05-31": "18.11510", "2012-02-29": "17.14590", "2011-11-30": "17.74300", "2011-08-31": "17.60630", "2011-05-31": "18.43360", "2011-02-28": "16.67450", "2010-11-30": "16.31680", "2010-08-31": "15.28220", "2010-05-31": "15.63140", "2010-02-28": "12.61500", "2009-11-30": "13.25880", "2009-08-31": "11.80660", "2009-05-31": "12.90800", "2009-02-28": "12.28780", "2008-11-30": "17.18800", "2008-08-31": "17.41780", "2008-05-31": "18.54900", "2008-02-29": "18.01090", "2007-11-30": "17.81950", "2007-08-31": "17.02540", "2007-05-31": "17.49400", "2007-02-28": "17.19380", "2006-11-30": "17.21490", "2006-08-31": "14.57280", "2006-05-31": "17.89720", "2006-02-28": "17.67810", "2005-11-30": "17.41230", "2005-08-31": "15.50320", "2005-05-31": "16.97190", "2005-02-28": "16.17710"}, "EBITDA Margin": {"2020-11-30": "", "2020-08-31": "", "2020-05-31": "", "2020-02-29": "", "2019-11-30": "", "2019-08-31": "", "2019-05-31": "", "2019-02-28": "", "2018-11-30": "", "2018-08-31": "", "2018-05-31": "", "2018-02-28": "", "2017-11-30": "", "2017-08-31": "", "2017-05-31": "", "2017-02-28": "", "2016-11-30": "", "2016-08-31": "", "2016-05-31": "", "2016-02-29": "", "2015-11-30": "", "2015-08-31": "", "2015-05-31": "", "2015-02-28": "", "2014-11-30": "", "2014-08-31": "", "2014-05-31": "", "2014-02-28": "", "2013-11-30": "", "2013-08-31": "", "2013-05-31": "", "2013-02-28": "", "2012-11-30": "", "2012-08-31": "", "2012-05-31": "", "2012-02-29": "", "2011-11-30": "", "2011-08-31": "", "2011-05-31": "", "2011-02-28": "", "2010-11-30": "", "2010-08-31": "", "2010-05-31": "", "2010-02-28": "", "2009-11-30": "", "2009-08-31": "", "2009-05-31": "", "2009-02-28": "", "2008-11-30": "", "2008-08-31": "", "2008-05-31": "", "2008-02-29": "", "2007-11-30": "", "2007-08-31": "", "2007-05-31": "", "2007-02-28": "", "2006-11-30": "", "2006-08-31": "", "2006-05-31": "", "2006-02-28": "", "2005-11-30": "", "2005-08-31": "", "2005-05-31": "", "2005-02-28": ""}, "Pre-Tax Profit Margin": {"2020-11-30": "6.63610", "2020-08-31": "9.20180", "2020-05-31": "12.45720", "2020-02-29": "9.43560", "2019-11-30": "10.59470", "2019-08-31": "10.28080", "2019-05-31": "12.23470", "2019-02-28": "11.10190", "2018-11-30": "11.91780", "2018-08-31": "12.37890", "2018-05-31": "13.49880", "2018-02-28": "12.33350", "2017-11-30": "12.46430", "2017-08-31": "13.00930", "2017-05-31": "13.25160", "2017-02-28": "11.90780", "2016-11-30": "12.75660", "2016-08-31": "13.10860", "2016-05-31": "14.41300", "2016-02-29": "11.71580", "2015-11-30": "12.59980", "2015-08-31": "12.86790", "2015-05-31": "13.76460", "2015-02-28": "11.85120", "2014-11-30": "12.74930", "2014-08-31": "13.64820", "2014-05-31": "14.45780", "2014-02-28": "12.16800", "2013-11-30": "14.10380", "2013-08-31": "13.55680", "2013-05-31": "15.56410", "2013-02-28": "15.91490", "2012-11-30": "17.71920", "2012-08-31": "16.99370", "2012-05-31": "18.11410", "2012-02-29": "17.14270", "2011-11-30": "17.74300", "2011-08-31": "17.57940", "2011-05-31": "18.40370", "2011-02-28": "16.66870", "2010-11-30": "16.29450", "2010-08-31": "15.24620", "2010-05-31": "15.59010", "2010-02-28": "12.54040", "2009-11-30": "13.16940", "2009-08-31": "11.71630", "2009-05-31": "12.81810", "2009-02-28": "12.12700", "2008-11-30": "16.82390", "2008-08-31": "17.43120", "2008-05-31": "18.16470", "2008-02-29": "17.48670", "2007-11-30": "17.32040", "2007-08-31": "16.44040", "2007-05-31": "16.88710", "2007-02-28": "16.40610", "2006-11-30": "16.48090", "2006-08-31": "13.93350", "2006-05-31": "18.29110", "2006-02-28": "18.04810", "2005-11-30": "17.73000", "2005-08-31": "15.86050", "2005-05-31": "17.43990", "2005-02-28": "16.56400"}, "Net Profit Margin": {"2020-11-30": "4.98170", "2020-08-31": "7.02070", "2020-05-31": "9.30610", "2020-02-29": "7.06020", "2019-11-30": "7.94290", "2019-08-31": "7.90440", "2019-05-31": "9.18600", "2019-02-28": "8.31390", "2018-11-30": "8.92640", "2018-08-31": "8.71340", "2018-05-31": "9.54540", "2018-02-28": "15.28660", "2017-11-30": "7.75280", "2017-08-31": "8.05920", "2017-05-31": "8.44660", "2017-02-28": "7.61020", "2016-11-30": "7.91060", "2016-08-31": "8.30070", "2016-05-31": "8.90950", "2016-02-29": "7.23930", "2015-11-30": "7.78540", "2015-08-31": "8.28420", "2015-05-31": "8.49680", "2015-02-28": "7.29430", "2014-11-30": "7.68430", "2014-08-31": "8.58700", "2014-05-31": "8.91760", "2014-02-28": "7.43370", "2013-11-30": "8.63970", "2013-08-31": "8.30380", "2013-05-31": "9.71580", "2013-02-28": "9.77340", "2012-11-30": "10.86200", "2012-08-31": "10.75820", "2012-05-31": "11.38030", "2012-02-29": "10.59270", "2011-11-30": "10.86670", "2011-08-31": "11.10260", "2011-05-31": "11.55770", "2011-02-28": "10.18600", "2010-11-30": "9.92730", "2010-08-31": "9.46330", "2010-05-31": "9.73420", "2010-02-28": "7.67770", "2009-11-30": "8.09140", "2009-08-31": "7.28050", "2009-05-31": "7.85450", "2009-02-28": "7.39450", "2008-11-30": "10.33180", "2008-08-31": "10.96260", "2008-05-31": "11.23810", "2008-02-29": "10.87320", "2007-11-30": "10.71090", "2007-08-31": "10.51320", "2007-05-31": "10.61690", "2007-02-28": "10.01120", "2006-11-30": "10.02360", "2006-08-31": "8.83900", "2006-05-31": "11.22380", "2006-02-28": "10.89440", "2005-11-30": "10.79230", "2005-08-31": "10.18080", "2005-05-31": "10.63840", "2005-02-28": "10.10410"}, "Asset Turnover": {"2020-11-30": "0.33760", "2020-08-31": "0.31390", "2020-05-31": "0.30810", "2020-02-29": "0.33070", "2019-11-30": "0.35200", "2019-08-31": "0.36460", "2019-05-31": "0.37280", "2019-02-28": "0.34900", "2018-11-30": "0.36720", "2018-08-31": "0.36610", "2018-05-31": "0.36720", "2018-02-28": "0.35520", "2017-11-30": "0.36460", "2017-08-31": "0.35910", "2017-05-31": "0.36270", "2017-02-28": "0.34310", "2016-11-30": "0.34320", "2016-08-31": "0.36080", "2016-05-31": "0.35960", "2016-02-29": "0.33780", "2015-11-30": "0.34150", "2015-08-31": "0.34640", "2015-05-31": "0.35610", "2015-02-28": "0.33450", "2014-11-30": "0.34680", "2014-08-31": "0.35260", "2014-05-31": "0.35690", "2014-02-28": "0.33580", "2013-11-30": "0.34480", "2013-08-31": "0.34680", "2013-05-31": "0.33180", "2013-02-28": "0.37300", "2012-11-30": "0.38300", "2012-08-31": "0.43970", "2012-05-31": "0.44370", "2012-02-29": "0.41720", "2011-11-30": "0.41980", "2011-08-31": "0.42850", "2011-05-31": "0.43220", "2011-02-28": "0.42060", "2010-11-30": "0.42090", "2010-08-31": "0.40000", "2010-05-31": "0.38790", "2010-02-28": "0.33040", "2009-11-30": "0.32500", "2009-08-31": "0.30590", "2009-05-31": "0.30750", "2009-02-28": "0.31580", "2008-11-30": "0.38140", "2008-08-31": "0.40680", "2008-05-31": "0.42410", "2008-02-29": "0.40120", "2007-11-30": "0.39920", "2007-08-31": "0.41890", "2007-05-31": "0.41260", "2007-02-28": "0.39040", "2006-11-30": "0.39300", "2006-08-31": "0.38040", "2006-05-31": "0.42920", "2006-02-28": "0.42790", "2005-11-30": "0.42560", "2005-08-31": "0.42470", "2005-05-31": "0.38550", "2005-02-28": "0.35210"}, "Inventory Turnover Ratio": {"2020-11-30": "0.86050", "2020-08-31": "0.80390", "2020-05-31": "0.83640", "2020-02-29": "0.81780", "2019-11-30": "0.88320", "2019-08-31": "0.87470", "2019-05-31": "0.88780", "2019-02-28": "0.82290", "2018-11-30": "0.89700", "2018-08-31": "0.92250", "2018-05-31": "0.91220", "2018-02-28": "0.86530", "2017-11-30": "0.92340", "2017-08-31": "0.90400", "2017-05-31": "0.88840", "2017-02-28": "0.83780", "2016-11-30": "0.83160", "2016-08-31": "0.92520", "2016-05-31": "0.86650", "2016-02-29": "0.80850", "2015-11-30": "0.78760", "2015-08-31": "0.79010", "2015-05-31": "0.79690", "2015-02-28": "0.76180", "2014-11-30": "0.81220", "2014-08-31": "0.87910", "2014-05-31": "0.90140", "2014-02-28": "0.90120", "2013-11-30": "0.87350", "2013-08-31": "0.87400", "2013-05-31": "0.83860", "2013-02-28": "0.85840", "2012-11-30": "0.80600", "2012-08-31": "0.88520", "2012-05-31": "0.84680", "2012-02-29": "0.80310", "2011-11-30": "0.81430", "2011-08-31": "0.83470", "2011-05-31": "0.87240", "2011-02-28": "0.84260", "2010-11-30": "0.85310", "2010-08-31": "0.88830", "2010-05-31": "0.92270", "2010-02-28": "0.89140", "2009-11-30": "0.85960", "2009-08-31": "0.79120", "2009-05-31": "0.72570", "2009-02-28": "0.65040", "2008-11-30": "0.70510", "2008-08-31": "0.75560", "2008-05-31": "0.71230", "2008-02-29": "0.67960", "2007-11-30": "0.65650", "2007-08-31": "0.71700", "2007-05-31": "0.73070", "2007-02-28": "0.70060", "2006-11-30": "0.70570", "2006-08-31": "0.71290", "2006-05-31": "0.68320", "2006-02-28": "0.66400", "2005-11-30": "0.65900", "2005-08-31": "0.64600", "2005-05-31": "0.65280", "2005-02-28": "0.61800"}, "Receiveable Turnover": {"2020-11-30": "1.56350", "2020-08-31": "1.52060", "2020-05-31": "1.53360", "2020-02-29": "1.46410", "2019-11-30": "1.53410", "2019-08-31": "1.55740", "2019-05-31": "1.58570", "2019-02-28": "1.52200", "2018-11-30": "1.56490", "2018-08-31": "1.59950", "2018-05-31": "1.62160", "2018-02-28": "1.53470", "2017-11-30": "1.60320", "2017-08-31": "1.59770", "2017-05-31": "1.70340", "2017-02-28": "1.63720", "2016-11-30": "1.75210", "2016-08-31": "1.89850", "2016-05-31": "1.83960", "2016-02-29": "1.75700", "2015-11-30": "1.82380", "2015-08-31": "1.80290", "2015-05-31": "1.83520", "2015-02-28": "1.73750", "2014-11-30": "1.86770", "2014-08-31": "1.89830", "2014-05-31": "1.94960", "2014-02-28": "1.81200", "2013-11-30": "1.94600", "2013-08-31": "1.95090", "2013-05-31": "1.88560", "2013-02-28": "1.86890", "2012-11-30": "2.00320", "2012-08-31": "2.13740", "2012-05-31": "2.05300", "2012-02-29": "1.92820", "2011-11-30": "2.02210", "2011-08-31": "2.00060", "2011-05-31": "2.07080", "2011-02-28": "1.96010", "2010-11-30": "2.09690", "2010-08-31": "2.08750", "2010-05-31": "2.11570", "2010-02-28": "2.03370", "2009-11-30": "2.16420", "2009-08-31": "2.14130", "2009-05-31": "2.19170", "2009-02-28": "2.00900", "2008-11-30": "2.14830", "2008-08-31": "2.07280", "2008-05-31": "2.13210", "2008-02-29": "1.95290", "2007-11-30": "2.07570", "2007-08-31": "2.20630", "2007-05-31": "2.19600", "2007-02-28": "2.04460", "2006-11-30": "2.17590", "2006-08-31": "2.07750", "2006-05-31": "2.27040", "2006-02-28": "2.09310", "2005-11-30": "2.17870", "2005-08-31": "2.18780", "2005-05-31": "2.26280", "2005-02-28": "2.07960"}, "Days Sales In Receivables": {"2020-11-30": "57.56200", "2020-08-31": "59.18820", "2020-05-31": "58.68480", "2020-02-29": "61.47000", "2019-11-30": "58.66800", "2019-08-31": "57.79040", "2019-05-31": "56.75840", "2019-02-28": "59.13460", "2018-11-30": "57.51170", "2018-08-31": "56.26630", "2018-05-31": "55.50210", "2018-02-28": "58.64340", "2017-11-30": "56.13760", "2017-08-31": "56.33230", "2017-05-31": "52.83560", "2017-02-28": "54.97110", "2016-11-30": "51.36700", "2016-08-31": "47.40690", "2016-05-31": "48.92370", "2016-02-29": "51.22270", "2015-11-30": "49.34860", "2015-08-31": "49.92010", "2015-05-31": "49.04220", "2015-02-28": "51.79800", "2014-11-30": "48.18670", "2014-08-31": "47.41190", "2014-05-31": "46.16220", "2014-02-28": "49.66900", "2013-11-30": "46.24920", "2013-08-31": "46.13270", "2013-05-31": "47.72970", "2013-02-28": "48.15790", "2012-11-30": "44.92870", "2012-08-31": "42.10700", "2012-05-31": "43.83910", "2012-02-29": "46.67550", "2011-11-30": "44.50860", "2011-08-31": "44.98760", "2011-05-31": "43.46240", "2011-02-28": "45.91500", "2010-11-30": "42.92040", "2010-08-31": "43.11410", "2010-05-31": "42.53860", "2010-02-28": "44.25540", "2009-11-30": "41.58620", "2009-08-31": "42.03120", "2009-05-31": "41.06490", "2009-02-28": "44.79820", "2008-11-30": "41.89340", "2008-08-31": "43.42010", "2008-05-31": "42.21190", "2008-02-29": "46.08560", "2007-11-30": "43.35840", "2007-08-31": "40.79200", "2007-05-31": "40.98430", "2007-02-28": "44.01800", "2006-11-30": "41.36180", "2006-08-31": "43.32060", "2006-05-31": "39.64080", "2006-02-28": "42.99790", "2005-11-30": "41.30880", "2005-08-31": "41.13750", "2005-05-31": "39.77390", "2005-02-28": "43.27820"}, "ROE - Return On Equity": {"2020-11-30": "3.42890", "2020-08-31": "3.98580", "2020-05-31": "6.00740", "2020-02-29": "4.39940", "2019-11-30": "4.31640", "2019-08-31": "4.48970", "2019-05-31": "5.46910", "2019-02-28": "4.86750", "2018-11-30": "5.39350", "2018-08-31": "5.26340", "2018-05-31": "5.65160", "2018-02-28": "8.73320", "2017-11-30": "4.72890", "2017-08-31": "4.95850", "2017-05-31": "5.13790", "2017-02-28": "4.53540", "2016-11-30": "4.78720", "2016-08-31": "5.63070", "2016-05-31": "4.56250", "2016-02-29": "3.61180", "2015-11-30": "4.04940", "2015-08-31": "4.42820", "2015-05-31": "4.86300", "2015-02-28": "4.09120", "2014-11-30": "4.58460", "2014-08-31": "4.49130", "2014-05-31": "4.54340", "2014-02-28": "3.61960", "2013-11-30": "4.45540", "2013-08-31": "4.05460", "2013-05-31": "4.62870", "2013-02-28": "4.33190", "2012-11-30": "5.06460", "2012-08-31": "5.80530", "2012-05-31": "6.23640", "2012-02-29": "5.42120", "2011-11-30": "5.69420", "2011-08-31": "5.98630", "2011-05-31": "6.14960", "2011-02-28": "5.27070", "2010-11-30": "5.32570", "2010-08-31": "4.89590", "2010-05-31": "4.86840", "2010-02-28": "3.56970", "2009-11-30": "3.75170", "2009-08-31": "3.22690", "2009-05-31": "3.52200", "2009-02-28": "3.45020", "2008-11-30": "6.04330", "2008-08-31": "7.10110", "2008-05-31": "6.99440", "2008-02-29": "6.90530", "2007-11-30": "6.30550", "2007-08-31": "6.50690", "2007-05-31": "6.63030", "2007-02-28": "6.23950", "2006-11-30": "6.27430", "2006-08-31": "5.33530", "2006-05-31": "5.80950", "2006-02-28": "5.57990", "2005-11-30": "5.65920", "2005-08-31": "5.31210", "2005-05-31": "4.95710", "2005-02-28": "4.13860"}, "Return On Tangible Equity": {"2020-11-30": "11.06510", "2020-08-31": "9.78140", "2020-05-31": "15.11400", "2020-02-29": "11.69280", "2019-11-30": "9.02410", "2019-08-31": "9.65600", "2019-05-31": "12.09800", "2019-02-28": "11.30550", "2018-11-30": "12.75280", "2018-08-31": "12.38560", "2018-05-31": "13.16730", "2018-02-28": "19.35570", "2017-11-30": "11.48580", "2017-08-31": "12.63000", "2017-05-31": "12.54400", "2017-02-28": "11.73200", "2016-11-30": "13.32490", "2016-08-31": "16.76100", "2016-05-31": "9.40470", "2016-02-29": "7.77500", "2015-11-30": "8.87410", "2015-08-31": "10.01330", "2015-05-31": "11.45730", "2015-02-28": "10.18640", "2014-11-30": "11.69540", "2014-08-31": "9.95590", "2014-05-31": "9.92210", "2014-02-28": "8.34990", "2013-11-30": "10.85300", "2013-08-31": "9.32220", "2013-05-31": "11.24510", "2013-02-28": "5.84420", "2012-11-30": "6.94410", "2012-08-31": "8.13850", "2012-05-31": "8.96900", "2012-02-29": "7.86840", "2011-11-30": "8.22720", "2011-08-31": "8.90820", "2011-05-31": "8.96100", "2011-02-28": "7.96120", "2010-11-30": "8.28180", "2010-08-31": "7.60440", "2010-05-31": "7.54320", "2010-02-28": "5.73330", "2009-11-30": "6.14000", "2009-08-31": "5.43800", "2009-05-31": "6.04970", "2009-02-28": "6.10300", "2008-11-30": "10.91870", "2008-08-31": "13.41850", "2008-05-31": "12.92130", "2008-02-29": "13.65750", "2007-11-30": "11.67160", "2007-08-31": "12.32620", "2007-05-31": "13.27760", "2007-02-28": "13.41460", "2006-11-30": "13.74950", "2006-08-31": "11.70740", "2006-05-31": "6.44920", "2006-02-28": "6.24020", "2005-11-30": "6.37300", "2005-08-31": "6.03060", "2005-05-31": "5.52070", "2005-02-28": "4.57510"}, "ROA - Return On Assets": {"2020-11-30": "1.69580", "2020-08-31": "2.20930", "2020-05-31": "2.88270", "2020-02-29": "2.33720", "2019-11-30": "2.79740", "2019-08-31": "2.88250", "2019-05-31": "3.42090", "2019-02-28": "2.90190", "2018-11-30": "3.27760", "2018-08-31": "3.19030", "2018-05-31": "3.50520", "2018-02-28": "5.42910", "2017-11-30": "2.82630", "2017-08-31": "2.89430", "2017-05-31": "3.06360", "2017-02-28": "2.61070", "2016-11-30": "2.71510", "2016-08-31": "2.99500", "2016-05-31": "3.20370", "2016-02-29": "2.44510", "2015-11-30": "2.65900", "2015-08-31": "2.81030", "2015-05-31": "3.02600", "2015-02-28": "2.43970", "2014-11-30": "2.72350", "2014-08-31": "3.04810", "2014-05-31": "3.20530", "2014-02-28": "2.51350", "2013-11-30": "3.00070", "2013-08-31": "2.90140", "2013-05-31": "3.24850", "2013-02-28": "3.67330", "2012-11-30": "4.19030", "2012-08-31": "4.76960", "2012-05-31": "5.09110", "2012-02-29": "4.45130", "2011-11-30": "4.60320", "2011-08-31": "4.77740", "2011-05-31": "5.04060", "2011-02-28": "4.32340", "2010-11-30": "4.23340", "2010-08-31": "3.82000", "2010-05-31": "3.81100", "2010-02-28": "2.56030", "2009-11-30": "2.65360", "2009-08-31": "2.24560", "2009-05-31": "2.43520", "2009-02-28": "2.35850", "2008-11-30": "3.97160", "2008-08-31": "4.58250", "2008-05-31": "4.76580", "2008-02-29": "4.36290", "2007-11-30": "4.27630", "2007-08-31": "4.40440", "2007-05-31": "4.38070", "2007-02-28": "3.90850", "2006-11-30": "3.93900", "2006-08-31": "3.36260", "2006-05-31": "4.81760", "2006-02-28": "4.66140", "2005-11-30": "4.59270", "2005-08-31": "4.32410", "2005-05-31": "4.10150", "2005-02-28": "3.55730"}, "ROI - Return On Investment": {"2020-11-30": "2.42690", "2020-08-31": "2.89590", "2020-05-31": "3.97020", "2020-02-29": "3.63030", "2019-11-30": "3.66890", "2019-08-31": "3.80620", "2019-05-31": "4.57350", "2019-02-28": "4.04790", "2018-11-30": "4.39770", "2018-08-31": "4.29890", "2018-05-31": "4.79100", "2018-02-28": "7.36110", "2017-11-30": "4.07830", "2017-08-31": "4.25960", "2017-05-31": "4.41270", "2017-02-28": "3.68870", "2016-11-30": "3.77140", "2016-08-31": "4.30040", "2016-05-31": "4.05480", "2016-02-29": "3.17110", "2015-11-30": "3.52260", "2015-08-31": "3.81530", "2015-05-31": "4.15720", "2015-02-28": "3.46540", "2014-11-30": "3.86350", "2014-08-31": "3.83290", "2014-05-31": "3.87400", "2014-02-28": "3.05710", "2013-11-30": "3.73720", "2013-08-31": "3.45450", "2013-05-31": "3.92300", "2013-02-28": "4.32520", "2012-11-30": "5.05550", "2012-08-31": "5.79460", "2012-05-31": "6.22370", "2012-02-29": "5.40900", "2011-11-30": "5.67910", "2011-08-31": "5.98630", "2011-05-31": "6.14960", "2011-02-28": "5.27070", "2010-11-30": "5.32570", "2010-08-31": "4.89590", "2010-05-31": "4.86810", "2010-02-28": "3.56930", "2009-11-30": "3.66920", "2009-08-31": "3.07660", "2009-05-31": "3.27320", "2009-02-28": "3.14940", "2008-11-30": "5.42120", "2008-08-31": "6.23790", "2008-05-31": "6.07400", "2008-02-29": "5.86710", "2007-11-30": "5.35510", "2007-08-31": "5.44340", "2007-05-31": "5.43060", "2007-02-28": "4.89960", "2006-11-30": "4.86960", "2006-08-31": "4.09810", "2006-05-31": "5.80300", "2006-02-28": "5.57290", "2005-11-30": "5.65130", "2005-08-31": "5.30380", "2005-05-31": "4.95010", "2005-02-28": "4.13300"}, "Book Value Per Share": {"2020-11-30": "20.26140", "2020-08-31": "23.74820", "2020-05-31": "23.39480", "2020-02-29": "22.73010", "2019-11-30": "27.37730", "2019-08-31": "26.87160", "2019-05-31": "26.33780", "2019-02-28": "25.48250", "2018-11-30": "24.87000", "2018-08-31": "24.81850", "2018-05-31": "24.74170", "2018-02-28": "23.83160", "2017-11-30": "22.31890", "2017-08-31": "21.72580", "2017-05-31": "21.47360", "2017-02-28": "20.74060", "2016-11-30": "20.00230", "2016-08-31": "19.41240", "2016-05-31": "23.11410", "2016-02-29": "22.34200", "2015-11-30": "22.06830", "2015-08-31": "21.61710", "2015-05-31": "21.10680", "2015-02-28": "20.41350", "2014-11-30": "20.26480", "2014-08-31": "22.69710", "2014-05-31": "22.81380", "2014-02-28": "21.94820", "2013-11-30": "21.32670", "2013-08-31": "21.91860", "2013-05-31": "21.25080", "2013-02-28": "20.45320", "2012-11-30": "19.75640", "2012-08-31": "18.90300", "2012-05-31": "17.94630", "2012-02-29": "17.50890", "2011-11-30": "16.64790", "2011-08-31": "15.81390", "2011-05-31": "15.78770", "2011-02-28": "14.81320", "2010-11-30": "14.08340", "2010-08-31": "14.33460", "2010-05-31": "14.28250", "2010-02-28": "13.58790", "2009-11-30": "13.26200", "2009-08-31": "12.86020", "2009-05-31": "12.58890", "2009-02-28": "12.22480", "2008-11-30": "11.98280", "2008-08-31": "11.47210", "2008-05-31": "11.59040", "2008-02-29": "10.87120", "2007-11-30": "11.31870", "2007-08-31": "11.01510", "2007-05-31": "10.46650", "2007-02-28": "9.87130", "2006-11-30": "9.68540", "2006-08-31": "9.55180", "2006-05-31": "9.43440", "2006-02-28": "8.88590", "2005-11-30": "8.44140", "2005-08-31": "7.97380", "2005-05-31": "9.28540", "2005-02-28": "9.61610"}, "Operating Cash Flow Per Share": {"2020-11-30": "1.84830", "2020-08-31": 3.2642, "2020-05-31": 1.0628, "2020-02-29": 1.268, "2019-11-30": "1.53510", "2019-08-31": 2.5368, "2019-05-31": 1.5993, "2019-02-28": 0.4038, "2018-11-30": "1.37680", "2018-08-31": 1.9365, "2018-05-31": 1.9758, "2018-02-28": 0.6265, "2017-11-30": "1.45090", "2017-08-31": 1.5538, "2017-05-31": 1.0895, "2017-02-28": 0.3475, "2016-11-30": "1.34190", "2016-08-31": 1.9099, "2016-05-31": 1.673, "2016-02-29": 0.9959, "2015-11-30": "1.98850", "2015-08-31": 1.4093, "2015-05-31": 1.8799, "2015-02-28": -0.1651, "2014-11-30": "0.93840", "2014-08-31": 0.727, "2014-05-31": 1.2015, "2014-02-28": 0.7865, "2013-11-30": "1.65480", "2013-08-31": 1.2774, "2013-05-31": 1.7444, "2013-02-28": 0.7177, "2012-11-30": "1.42530", "2012-08-31": 1.4276, "2012-05-31": 1.1274, "2012-02-29": 0.4379, "2011-11-30": "0.73760", "2011-08-31": 1.0323, "2011-05-31": 1.015, "2011-02-28": 0.6007, "2010-11-30": "0.66770", "2010-08-31": 0.6557, "2010-05-31": 0.5474, "2010-02-28": 0.4317, "2009-11-30": "0.74650", "2009-08-31": 0.7423, "2009-05-31": 1.4602, "2009-02-28": 1.2132, "2008-11-30": "1.16160", "2008-08-31": 1.1211, "2008-05-31": 1.2395, "2008-02-29": 0.5481, "2007-11-30": "0.47930", "2007-08-31": 0.5857, "2007-05-31": 0.7737, "2007-02-28": 0.2657, "2006-11-30": "0.83820", "2006-08-31": 0.6344, "2006-05-31": 0.6191, "2006-02-28": 0.1737, "2005-11-30": "0.52700", "2005-08-31": 0.5316, "2005-05-31": 0.7675, "2005-02-28": 0.4913}, "Free Cash Flow Per Share": {"2020-11-30": "1.70700", "2020-08-31": 3.0657, "2020-05-31": 0.8798, "2020-02-29": 1.0339, "2019-11-30": "1.30620", "2019-08-31": 2.2533, "2019-05-31": 1.3684, "2019-02-28": 0.1656, "2018-11-30": "1.19670", "2018-08-31": 1.6865, "2018-05-31": 1.7371, "2018-02-28": 0.4829, "2017-11-30": "1.29110", "2017-08-31": 1.399, "2017-05-31": 0.8731, "2017-02-28": 0.1225, "2016-11-30": "1.12110", "2016-08-31": 1.0358, "2016-05-31": 1.5442, "2016-02-29": 0.8127, "2015-11-30": "1.73490", "2015-08-31": 1.1948, "2015-05-31": 1.6669, "2015-02-28": -0.3566, "2014-11-30": "0.72140", "2014-08-31": 0.4924, "2014-05-31": 0.85, "2014-02-28": 0.4381, "2013-11-30": "1.45650", "2013-08-31": 0.8477, "2013-05-31": 1.3973, "2013-02-28": 0.349, "2012-11-30": "1.15430", "2012-08-31": 1.1242, "2012-05-31": 0.9464, "2012-02-29": 0.295, "2011-11-30": "0.60550", "2011-08-31": 0.9362, "2011-05-31": 0.9296, "2011-02-28": 0.4508, "2010-11-30": "0.59670", "2010-08-31": 0.514, "2010-05-31": 0.4094, "2010-02-28": 0.3117, "2009-11-30": "0.66470", "2009-08-31": 0.6671, "2009-05-31": 1.3752, "2009-02-28": 1.1178, "2008-11-30": "1.05970", "2008-08-31": 1.0005, "2008-05-31": 1.1547, "2008-02-29": 0.4952, "2007-11-30": "0.44110", "2007-08-31": 0.5121, "2007-05-31": 0.6734, "2007-02-28": 0.1389, "2006-11-30": "0.74440", "2006-08-31": 0.5307, "2006-05-31": 0.506, "2006-02-28": 0.0959, "2005-11-30": "0.48730", "2005-08-31": 0.4833, "2005-05-31": 0.7352, "2005-02-28": 0.4087}}, "revenue": {"MSC Industrial Direct Annual Revenue (Millions of US $)": {"2020": "$3,192", "2019": "$3,364", "2018": "$3,204", "2017": "$2,888", "2016": "$2,864", "2015": "$2,910", "2014": "$2,787", "2013": "$2,458", "2012": "$2,356", "2011": "$2,022", "2010": "$1,692", "2009": "$1,490", "2008": "$1,780", "2007": "$1,688", "2006": "$1,318", "2005": "$1,100"}, "MSC Industrial Direct Quarterly Revenue (Millions of US $)": {"2020-11-30": "$772", "2020-08-31": "$748", "2020-05-31": "$835", "2020-02-29": "$786", "2019-11-30": "$824", "2019-08-31": "$843", "2019-05-31": "$867", "2019-02-28": "$823", "2018-11-30": "$832", "2018-08-31": "$838", "2018-05-31": "$828", "2018-02-28": "$769", "2017-11-30": "$769", "2017-08-31": "$754", "2017-05-31": "$744", "2017-02-28": "$704", "2016-11-30": "$686", "2016-08-31": "$745", "2016-05-31": "$727", "2016-02-29": "$684", "2015-11-30": "$707", "2015-08-31": "$727", "2015-05-31": "$745", "2015-02-28": "$706", "2014-11-30": "$731", "2014-08-31": "$727", "2014-05-31": "$720", "2014-02-28": "$662", "2013-11-30": "$679", "2013-08-31": "$674", "2013-05-31": "$637", "2013-02-28": "$569", "2012-11-30": "$577", "2012-08-31": "$635", "2012-05-31": "$612", "2012-02-29": "$563", "2011-11-30": "$546", "2011-08-31": "$533", "2011-05-31": "$532", "2011-02-28": "$483", "2010-11-30": "$473", "2010-08-31": "$461", "2010-05-31": "$450", "2010-02-28": "$395", "2009-11-30": "$385", "2009-08-31": "$354", "2009-05-31": "$350", "2009-02-28": "$352", "2008-11-30": "$433", "2008-08-31": "$449", "2008-05-31": "$457", "2008-02-29": "$436", "2007-11-30": "$438", "2007-08-31": "$450", "2007-05-31": "$431", "2007-02-28": "$405", "2006-11-30": "$402", "2006-08-31": "$386", "2006-05-31": "$330", "2006-02-28": "$306", "2005-11-30": "$296", "2005-08-31": "$277", "2005-05-31": "$288", "2005-02-28": "$271"}}, "gross-profit": {"MSC Industrial Direct Annual Gross Profit (Millions of US $)": {"2020": "$1,343", "2019": "$1,432", "2018": "$1,393", "2017": "$1,286", "2016": "$1,289", "2015": "$1,317", "2014": "$1,286", "2013": "$1,119", "2012": "$1,078", "2011": "$941", "2010": "$767", "2009": "$688", "2008": "$823", "2007": "$780", "2006": "$613", "2005": "$504"}, "MSC Industrial Direct Quarterly Gross Profit (Millions of US $)": {"2020-11-30": "$323", "2020-08-31": "$311", "2020-05-31": "$354", "2020-02-29": "$331", "2019-11-30": "$347", "2019-08-31": "$354", "2019-05-31": "$369", "2019-02-28": "$352", "2018-11-30": "$358", "2018-08-31": "$360", "2018-05-31": "$361", "2018-02-28": "$337", "2017-11-30": "$335", "2017-08-31": "$333", "2017-05-31": "$330", "2017-02-28": "$315", "2016-11-30": "$309", "2016-08-31": "$334", "2016-05-31": "$327", "2016-02-29": "$309", "2015-11-30": "$319", "2015-08-31": "$327", "2015-05-31": "$338", "2015-02-28": "$321", "2014-11-30": "$330", "2014-08-31": "$331", "2014-05-31": "$333", "2014-02-28": "$307", "2013-11-30": "$315", "2013-08-31": "$308", "2013-05-31": "$290", "2013-02-28": "$256", "2012-11-30": "$265", "2012-08-31": "$287", "2012-05-31": "$280", "2012-02-29": "$259", "2011-11-30": "$252", "2011-08-31": "$245", "2011-05-31": "$252", "2011-02-28": "$226", "2010-11-30": "$218", "2010-08-31": "$207", "2010-05-31": "$205", "2010-02-28": "$179", "2009-11-30": "$176", "2009-08-31": "$159", "2009-05-31": "$161", "2009-02-28": "$164", "2008-11-30": "$204", "2008-08-31": "$206", "2008-05-31": "$210", "2008-02-29": "$203", "2007-11-30": "$203", "2007-08-31": "$208", "2007-05-31": "$199", "2007-02-28": "$188", "2006-11-30": "$186", "2006-08-31": "$173", "2006-05-31": "$156", "2006-02-28": "$145", "2005-11-30": "$139", "2005-08-31": "$127", "2005-05-31": "$133", "2005-02-28": "$125"}}, "operating-income": {"MSC Industrial Direct Annual Operating Income (Millions of US $)": {"2020": "$351", "2019": "$400", "2018": "$421", "2017": "$379", "2016": "$376", "2015": "$380", "2014": "$383", "2013": "$386", "2012": "$412", "2011": "$350", "2010": "$242", "2009": "$205", "2008": "$320", "2007": "$291", "2006": "$221", "2005": "$178"}, "MSC Industrial Direct Quarterly Operating Income (Millions of US $)": {"2020-11-30": "$54", "2020-08-31": "$73", "2020-05-31": "$110", "2020-02-29": "$78", "2019-11-30": "$90", "2019-08-31": "$91", "2019-05-31": "$111", "2019-02-28": "$96", "2018-11-30": "$103", "2018-08-31": "$108", "2018-05-31": "$115", "2018-02-28": "$98", "2017-11-30": "$99", "2017-08-31": "$100", "2017-05-31": "$102", "2017-02-28": "$87", "2016-11-30": "$91", "2016-08-31": "$99", "2016-05-31": "$106", "2016-02-29": "$81", "2015-11-30": "$90", "2015-08-31": "$95", "2015-05-31": "$104", "2015-02-28": "$86", "2014-11-30": "$94", "2014-08-31": "$100", "2014-05-31": "$105", "2014-02-28": "$82", "2013-11-30": "$97", "2013-08-31": "$92", "2013-05-31": "$100", "2013-02-28": "$91", "2012-11-30": "$102", "2012-08-31": "$108", "2012-05-31": "$111", "2012-02-29": "$97", "2011-11-30": "$97", "2011-08-31": "$94", "2011-05-31": "$98", "2011-02-28": "$81", "2010-11-30": "$77", "2010-08-31": "$71", "2010-05-31": "$70", "2010-02-28": "$50", "2009-11-30": "$51", "2009-08-31": "$42", "2009-05-31": "$45", "2009-02-28": "$43", "2008-11-30": "$74", "2008-08-31": "$78", "2008-05-31": "$85", "2008-02-29": "$79", "2007-11-30": "$78", "2007-08-31": "$77", "2007-05-31": "$75", "2007-02-28": "$70", "2006-11-30": "$69", "2006-08-31": "$56", "2006-05-31": "$59", "2006-02-28": "$54", "2005-11-30": "$52", "2005-08-31": "$43", "2005-05-31": "$49", "2005-02-28": "$44"}}, "ebitda": {"MSC Industrial Direct Annual EBITDA (Millions of US $)": {"2020": "$420", "2019": "$465", "2018": "$484", "2017": "$442", "2016": "$448", "2015": "$449", "2014": "$448", "2013": "$435", "2012": "$447", "2011": "$379", "2010": "$268", "2009": "$232", "2008": "$347", "2007": "$317", "2006": "$236", "2005": "$190"}, "MSC Industrial Direct Quarterly EBITDA (Millions of US $)": {"2020-11-30": "$71", "2020-08-31": "$91", "2020-05-31": "$127", "2020-02-29": "$95", "2019-11-30": "$107", "2019-08-31": "$107", "2019-05-31": "$127", "2019-02-28": "$112", "2018-11-30": "$119", "2018-08-31": "$124", "2018-05-31": "$131", "2018-02-28": "$114", "2017-11-30": "$115", "2017-08-31": "$116", "2017-05-31": "$118", "2017-02-28": "$102", "2016-11-30": "$106", "2016-08-31": "$118", "2016-05-31": "$124", "2016-02-29": "$98", "2015-11-30": "$108", "2015-08-31": "$113", "2015-05-31": "$122", "2015-02-28": "$103", "2014-11-30": "$111", "2014-08-31": "$116", "2014-05-31": "$121", "2014-02-28": "$98", "2013-11-30": "$113", "2013-08-31": "$108", "2013-05-31": "$113", "2013-02-28": "$102", "2012-11-30": "$112", "2012-08-31": "$117", "2012-05-31": "$120", "2012-02-29": "$105", "2011-11-30": "$105", "2011-08-31": "$102", "2011-05-31": "$105", "2011-02-28": "$88", "2010-11-30": "$84", "2010-08-31": "$77", "2010-05-31": "$77", "2010-02-28": "$56", "2009-11-30": "$58", "2009-08-31": "$49", "2009-05-31": "$52", "2009-02-28": "$50", "2008-11-30": "$81", "2008-08-31": "$85", "2008-05-31": "$92", "2008-02-29": "$85", "2007-11-30": "$85", "2007-08-31": "$83", "2007-05-31": "$82", "2007-02-28": "$76", "2006-11-30": "$75", "2006-08-31": "$62", "2006-05-31": "$62", "2006-02-28": "$57", "2005-11-30": "$55", "2005-08-31": "$46", "2005-05-31": "$52", "2005-02-28": "$47"}}, "net-income": {"MSC Industrial Direct Annual Net Income (Millions of US $)": {"2020": "$251", "2019": "$289", "2018": "$329", "2017": "$231", "2016": "$231", "2015": "$231", "2014": "$234", "2013": "$236", "2012": "$257", "2011": "$217", "2010": "$149", "2009": "$124", "2008": "$195", "2007": "$174", "2006": "$136", "2005": "$112"}, "MSC Industrial Direct Quarterly Net Income (Millions of US $)": {"2020-11-30": "$38", "2020-08-31": "$52", "2020-05-31": "$78", "2020-02-29": "$56", "2019-11-30": "$65", "2019-08-31": "$67", "2019-05-31": "$80", "2019-02-28": "$68", "2018-11-30": "$74", "2018-08-31": "$73", "2018-05-31": "$79", "2018-02-28": "$118", "2017-11-30": "$60", "2017-08-31": "$61", "2017-05-31": "$63", "2017-02-28": "$54", "2016-11-30": "$54", "2016-08-31": "$62", "2016-05-31": "$65", "2016-02-29": "$50", "2015-11-30": "$55", "2015-08-31": "$60", "2015-05-31": "$63", "2015-02-28": "$52", "2014-11-30": "$56", "2014-08-31": "$62", "2014-05-31": "$64", "2014-02-28": "$49", "2013-11-30": "$59", "2013-08-31": "$56", "2013-05-31": "$62", "2013-02-28": "$56", "2012-11-30": "$63", "2012-08-31": "$68", "2012-05-31": "$70", "2012-02-29": "$60", "2011-11-30": "$59", "2011-08-31": "$59", "2011-05-31": "$62", "2011-02-28": "$49", "2010-11-30": "$47", "2010-08-31": "$44", "2010-05-31": "$44", "2010-02-28": "$30", "2009-11-30": "$31", "2009-08-31": "$26", "2009-05-31": "$28", "2009-02-28": "$26", "2008-11-30": "$45", "2008-08-31": "$49", "2008-05-31": "$51", "2008-02-29": "$47", "2007-11-30": "$47", "2007-08-31": "$47", "2007-05-31": "$46", "2007-02-28": "$41", "2006-11-30": "$40", "2006-08-31": "$34", "2006-05-31": "$37", "2006-02-28": "$33", "2005-11-30": "$32", "2005-08-31": "$28", "2005-05-31": "$31", "2005-02-28": "$27"}}, "eps-earnings-per-share-diluted": {"MSC Industrial Direct Annual EPS": {"2020": "$4.51", "2019": "$5.20", "2018": "$5.80", "2017": "$4.05", "2016": "$3.77", "2015": "$3.74", "2014": "$3.76", "2013": "$3.75", "2012": "$4.09", "2011": "$3.43", "2010": "$2.37", "2009": "$1.99", "2008": "$3.02", "2007": "$2.59", "2006": "$2.00", "2005": "$1.61"}, "MSC Industrial Direct Quarterly EPS": {"2020-11-30": "$0.69", "2020-08-31": "$0.93", "2020-05-31": "$1.40", "2020-02-29": "$1.00", "2019-11-30": "$1.18", "2019-08-31": "$1.19", "2019-05-31": "$1.44", "2019-02-28": "$1.24", "2018-11-30": "$1.33", "2018-08-31": "$1.30", "2018-05-31": "$1.39", "2018-02-28": "$2.06", "2017-11-30": "$1.05", "2017-08-31": "$1.07", "2017-05-31": "$1.09", "2017-02-28": "$0.93", "2016-11-30": "$0.96", "2016-08-31": "$1.03", "2016-05-31": "$1.05", "2016-02-29": "$0.80", "2015-11-30": "$0.89", "2015-08-31": "$0.97", "2015-05-31": "$1.03", "2015-02-28": "$0.83", "2014-11-30": "$0.91", "2014-08-31": "$1.01", "2014-05-31": "$1.03", "2014-02-28": "$0.79", "2013-11-30": "$0.93", "2013-08-31": "$0.89", "2013-05-31": "$0.98", "2013-02-28": "$0.88", "2012-11-30": "$1.00", "2012-08-31": "$1.09", "2012-05-31": "$1.10", "2012-02-29": "$0.95", "2011-11-30": "$0.95", "2011-08-31": "$0.93", "2011-05-31": "$0.97", "2011-02-28": "$0.78", "2010-11-30": "$0.75", "2010-08-31": "$0.70", "2010-05-31": "$0.69", "2010-02-28": "$0.48", "2009-11-30": "$0.50", "2009-08-31": "$0.41", "2009-05-31": "$0.44", "2009-02-28": "$0.42", "2008-11-30": "$0.72", "2008-08-31": "$0.78", "2008-05-31": "$0.81", "2008-02-29": "$0.73", "2007-11-30": "$0.70", "2007-08-31": "$0.69", "2007-05-31": "$0.69", "2007-02-28": "$0.61", "2006-11-30": "$0.60", "2006-08-31": "$0.50", "2006-05-31": "$0.54", "2006-02-28": "$0.49", "2005-11-30": "$0.47", "2005-08-31": "$0.41", "2005-05-31": "$0.44", "2005-02-28": "$0.39"}}, "shares-outstanding": {"MSC Industrial Direct Annual Shares Outstanding (Millions of Shares)": {"2020": "56", "2019": "56", "2018": "57", "2017": "57", "2016": "61", "2015": "61", "2014": "62", "2013": "63", "2012": "63", "2011": "63", "2010": "63", "2009": "62", "2008": "65", "2007": "67", "2006": "68", "2005": "70"}, "MSC Industrial Direct Quarterly Shares Outstanding (Millions of Shares)": {"2020-11-30": "56", "2020-08-31": "56", "2020-05-31": "56", "2020-02-29": "56", "2019-11-30": "55", "2019-08-31": "56", "2019-05-31": "55", "2019-02-28": "55", "2018-11-30": "56", "2018-08-31": "57", "2018-05-31": "57", "2018-02-28": "57", "2017-11-30": "57", "2017-08-31": "57", "2017-05-31": "57", "2017-02-28": "57", "2016-11-30": "57", "2016-08-31": "61", "2016-05-31": "61", "2016-02-29": "61", "2015-11-30": "61", "2015-08-31": "61", "2015-05-31": "61", "2015-02-28": "62", "2014-11-30": "62", "2014-08-31": "62", "2014-05-31": "62", "2014-02-28": "62", "2013-11-30": "63", "2013-08-31": "63", "2013-05-31": "63", "2013-02-28": "63", "2012-11-30": "63", "2012-08-31": "63", "2012-05-31": "63", "2012-02-29": "63", "2011-11-30": "63", "2011-08-31": "63", "2011-05-31": "64", "2011-02-28": "63", "2010-11-30": "63", "2010-08-31": "63", "2010-05-31": "63", "2010-02-28": "63", "2009-11-30": "63", "2009-08-31": "62", "2009-05-31": "62", "2009-02-28": "62", "2008-11-30": "62", "2008-08-31": "65", "2008-05-31": "64", "2008-02-29": "65", "2007-11-30": "67", "2007-08-31": "67", "2007-05-31": "67", "2007-02-28": "67", "2006-11-30": "68", "2006-08-31": "68", "2006-05-31": "69", "2006-02-28": "68", "2005-11-30": "68", "2005-08-31": "70", "2005-05-31": "70", "2005-02-28": "71"}}, "total-assets": {"MSC Industrial Direct Annual Total Assets (Millions of US $)": {"2020": "$2,382", "2019": "$2,311", "2018": "$2,289", "2017": "$2,099", "2016": "$2,065", "2015": "$2,100", "2014": "$2,061", "2013": "$1,943", "2012": "$1,445", "2011": "$1,244", "2010": "$1,153", "2009": "$1,158", "2008": "$1,103", "2007": "$1,075", "2006": "$1,014", "2005": "$652"}, "MSC Industrial Direct Quarterly Total Assets (Millions of US $)": {"2020-11-30": "$2,287", "2020-08-31": "$2,382", "2020-05-31": "$2,710", "2020-02-29": "$2,377", "2019-11-30": "$2,340", "2019-08-31": "$2,311", "2019-05-31": "$2,324", "2019-02-28": "$2,358", "2018-11-30": "$2,265", "2018-08-31": "$2,289", "2018-05-31": "$2,256", "2018-02-28": "$2,165", "2017-11-30": "$2,108", "2017-08-31": "$2,099", "2017-05-31": "$2,051", "2017-02-28": "$2,052", "2016-11-30": "$1,999", "2016-08-31": "$2,065", "2016-05-31": "$2,023", "2016-02-29": "$2,025", "2015-11-30": "$2,070", "2015-08-31": "$2,100", "2015-05-31": "$2,093", "2015-02-28": "$2,112", "2014-11-30": "$2,108", "2014-08-31": "$2,061", "2014-05-31": "$2,018", "2014-02-28": "$1,970", "2013-11-30": "$1,968", "2013-08-31": "$1,943", "2013-05-31": "$1,919", "2013-02-28": "$1,527", "2012-11-30": "$1,508", "2012-08-31": "$1,445", "2012-05-31": "$1,379", "2012-02-29": "$1,349", "2011-11-30": "$1,300", "2011-08-31": "$1,244", "2011-05-31": "$1,232", "2011-02-28": "$1,149", "2010-11-30": "$1,123", "2010-08-31": "$1,153", "2010-05-31": "$1,161", "2010-02-28": "$1,197", "2009-11-30": "$1,184", "2009-08-31": "$1,158", "2009-05-31": "$1,140", "2009-02-28": "$1,114", "2008-11-30": "$1,135", "2008-08-31": "$1,103", "2008-05-31": "$1,078", "2008-02-29": "$1,088", "2007-11-30": "$1,096", "2007-08-31": "$1,075", "2007-05-31": "$1,045", "2007-02-28": "$1,036", "2006-11-30": "$1,023", "2006-08-31": "$1,014", "2006-05-31": "$768", "2006-02-28": "$715", "2005-11-30": "$695", "2005-08-31": "$652", "2005-05-31": "$748", "2005-02-28": "$771"}}, "cash-on-hand": {"MSC Industrial Direct Annual Cash on Hand (Millions of US $)": {"2020": "$125", "2019": "$32", "2018": "$46", "2017": "$16", "2016": "$53", "2015": "$38", "2014": "$47", "2013": "$56", "2012": "$168", "2011": "$96", "2010": "$121", "2009": "$226", "2008": "$43", "2007": "$8", "2006": "$8", "2005": "$45"}, "MSC Industrial Direct Quarterly Cash on Hand (Millions of US $)": {"2020-11-30": "$53", "2020-08-31": "$125", "2020-05-31": "$353", "2020-02-29": "$45", "2019-11-30": "$28", "2019-08-31": "$32", "2019-05-31": "$39", "2019-02-28": "$31", "2018-11-30": "$12", "2018-08-31": "$46", "2018-05-31": "$40", "2018-02-28": "$32", "2017-11-30": "$20", "2017-08-31": "$16", "2017-05-31": "$28", "2017-02-28": "$36", "2016-11-30": "$32", "2016-08-31": "$53", "2016-05-31": "$32", "2016-02-29": "$24", "2015-11-30": "$38", "2015-08-31": "$38", "2015-05-31": "$25", "2015-02-28": "$27", "2014-11-30": "$47", "2014-08-31": "$47", "2014-05-31": "$45", "2014-02-28": "$45", "2013-11-30": "$48", "2013-08-31": "$56", "2013-05-31": "$58", "2013-02-28": "$244", "2012-11-30": "$234", "2012-08-31": "$168", "2012-05-31": "$111", "2012-02-29": "$109", "2011-11-30": "$128", "2011-08-31": "$96", "2011-05-31": "$137", "2011-02-28": "$76", "2010-11-30": "$81", "2010-08-31": "$121", "2010-05-31": "$168", "2010-02-28": "$246", "2009-11-30": "$251", "2009-08-31": "$226", "2009-05-31": "$208", "2009-02-28": "$138", "2008-11-30": "$91", "2008-08-31": "$43", "2008-05-31": "$6", "2008-02-29": "$7", "2007-11-30": "$5", "2007-08-31": "$8", "2007-05-31": "$10", "2007-02-28": "$5", "2006-11-30": "$10", "2006-08-31": "$8", "2006-05-31": "$135", "2006-02-28": "$102", "2005-11-30": "$95", "2005-08-31": "$45", "2005-05-31": "$44", "2005-02-28": "$56"}}, "long-term-debt": {"MSC Industrial Direct Annual Long Term Debt (Millions of US $)": {"2020": "$497", "2019": "$266", "2018": "$311", "2017": "$201", "2016": "$340", "2015": "$214", "2014": "$240", "2013": "$242", "2012": "$2", "2011": "$", "2010": "$", "2009": "$39", "2008": "$98", "2007": "$142", "2006": "$193", "2005": "$1"}, "MSC Industrial Direct Quarterly Long Term Debt (Millions of US $)": {"2020-11-30": "$467", "2020-08-31": "$497", "2020-05-31": "$667", "2020-02-29": "$268", "2019-11-30": "$268", "2019-08-31": "$266", "2019-05-31": "$285", "2019-02-28": "$285", "2018-11-30": "$312", "2018-08-31": "$311", "2018-05-31": "$251", "2018-02-28": "$251", "2017-11-30": "$201", "2017-08-31": "$201", "2017-05-31": "$201", "2017-02-28": "$271", "2016-11-30": "$305", "2016-08-31": "$340", "2016-05-31": "$178", "2016-02-29": "$191", "2015-11-30": "$203", "2015-08-31": "$214", "2015-05-31": "$221", "2015-02-28": "$227", "2014-11-30": "$234", "2014-08-31": "$240", "2014-05-31": "$246", "2014-02-28": "$252", "2013-11-30": "$255", "2013-08-31": "$242", "2013-05-31": "$242", "2013-02-28": "$2", "2012-11-30": "$2", "2012-08-31": "$2", "2012-05-31": "$2", "2012-02-29": "$3", "2011-11-30": "$3", "2011-08-31": "", "2011-05-31": "", "2011-02-28": "", "2010-11-30": "", "2010-08-31": "", "2010-05-31": "$0", "2010-02-28": "$0", "2009-11-30": "$19", "2009-08-31": "$39", "2009-05-31": "$60", "2009-02-28": "$73", "2008-11-30": "$86", "2008-08-31": "$98", "2008-05-31": "$111", "2008-02-29": "$122", "2007-11-30": "$132", "2007-08-31": "$142", "2007-05-31": "$152", "2007-02-28": "$178", "2006-11-30": "$185", "2006-08-31": "$193", "2006-05-31": "$1", "2006-02-28": "$1", "2005-11-30": "$1", "2005-08-31": "$1", "2005-05-31": "$1", "2005-02-28": "$1"}}, "total-liabilities": {"MSC Industrial Direct Annual Total Liabilities (Millions of US $)": {"2020": "$1,062", "2019": "$827", "2018": "$901", "2017": "$874", "2016": "$967", "2015": "$767", "2014": "$662", "2013": "$553", "2012": "$258", "2011": "$251", "2010": "$253", "2009": "$352", "2008": "$391", "2007": "$347", "2006": "$375", "2005": "$121"}, "MSC Industrial Direct Quarterly Total Liabilities (Millions of US $)": {"2020-11-30": "$1,156", "2020-08-31": "$1,062", "2020-05-31": "$1,409", "2020-02-29": "$1,114", "2019-11-30": "$823", "2019-08-31": "$827", "2019-05-31": "$870", "2019-02-28": "$952", "2018-11-30": "$888", "2018-08-31": "$901", "2018-05-31": "$857", "2018-02-28": "$819", "2017-11-30": "$848", "2017-08-31": "$874", "2017-05-31": "$828", "2017-02-28": "$871", "2016-11-30": "$865", "2016-08-31": "$967", "2016-05-31": "$603", "2016-02-29": "$654", "2015-11-30": "$711", "2015-08-31": "$767", "2015-05-31": "$791", "2015-02-28": "$853", "2014-11-30": "$856", "2014-08-31": "$662", "2014-05-31": "$594", "2014-02-28": "$602", "2013-11-30": "$642", "2013-08-31": "$553", "2013-05-31": "$572", "2013-02-28": "$232", "2012-11-30": "$260", "2012-08-31": "$258", "2012-05-31": "$253", "2012-02-29": "$241", "2011-11-30": "$249", "2011-08-31": "$251", "2011-05-31": "$222", "2011-02-28": "$207", "2010-11-30": "$230", "2010-08-31": "$253", "2010-05-31": "$252", "2010-02-28": "$338", "2009-11-30": "$347", "2009-08-31": "$352", "2009-05-31": "$352", "2009-02-28": "$353", "2008-11-30": "$389", "2008-08-31": "$391", "2008-05-31": "$344", "2008-02-29": "$401", "2007-11-30": "$353", "2007-08-31": "$347", "2007-05-31": "$354", "2007-02-28": "$387", "2006-11-30": "$381", "2006-08-31": "$375", "2006-05-31": "$131", "2006-02-28": "$118", "2005-11-30": "$131", "2005-08-31": "$121", "2005-05-31": "$129", "2005-02-28": "$108"}}, "total-share-holder-equity": {"MSC Industrial Direct Annual Share Holder Equity (Millions of US $)": {"2020": "$1,321", "2019": "$1,484", "2018": "$1,387", "2017": "$1,225", "2016": "$1,098", "2015": "$1,333", "2014": "$1,399", "2013": "$1,390", "2012": "$1,187", "2011": "$993", "2010": "$900", "2009": "$806", "2008": "$712", "2007": "$728", "2006": "$639", "2005": "$530"}, "MSC Industrial Direct Quarterly Share Holder Equity (Millions of US $)": {"2020-11-30": "$1,131", "2020-08-31": "$1,321", "2020-05-31": "$1,300", "2020-02-29": "$1,263", "2019-11-30": "$1,516", "2019-08-31": "$1,484", "2019-05-31": "$1,454", "2019-02-28": "$1,406", "2018-11-30": "$1,376", "2018-08-31": "$1,387", "2018-05-31": "$1,399", "2018-02-28": "$1,346", "2017-11-30": "$1,260", "2017-08-31": "$1,225", "2017-05-31": "$1,223", "2017-02-28": "$1,181", "2016-11-30": "$1,134", "2016-08-31": "$1,098", "2016-05-31": "$1,421", "2016-02-29": "$1,371", "2015-11-30": "$1,359", "2015-08-31": "$1,333", "2015-05-31": "$1,303", "2015-02-28": "$1,259", "2014-11-30": "$1,252", "2014-08-31": "$1,399", "2014-05-31": "$1,424", "2014-02-28": "$1,368", "2013-11-30": "$1,325", "2013-08-31": "$1,390", "2013-05-31": "$1,347", "2013-02-28": "$1,295", "2012-11-30": "$1,248", "2012-08-31": "$1,187", "2012-05-31": "$1,126", "2012-02-29": "$1,108", "2011-11-30": "$1,051", "2011-08-31": "$993", "2011-05-31": "$1,010", "2011-02-28": "$943", "2010-11-30": "$893", "2010-08-31": "$900", "2010-05-31": "$909", "2010-02-28": "$859", "2009-11-30": "$837", "2009-08-31": "$806", "2009-05-31": "$788", "2009-02-28": "$762", "2008-11-30": "$746", "2008-08-31": "$712", "2008-05-31": "$735", "2008-02-29": "$687", "2007-11-30": "$743", "2007-08-31": "$728", "2007-05-31": "$690", "2007-02-28": "$649", "2006-11-30": "$642", "2006-08-31": "$639", "2006-05-31": "$637", "2006-02-28": "$597", "2005-11-30": "$564", "2005-08-31": "$530", "2005-05-31": "$619", "2005-02-28": "$663"}}, "profit-margins": {"current": "7.14%"}, "gross margin": {"2020-11-30": "41.99%", "2020-08-31": "42.06%", "2020-05-31": "42.15%", "2020-02-29": "42.20%", "2019-11-30": "42.36%", "2019-08-31": "42.59%", "2019-05-31": "42.83%", "2019-02-28": "43.09%", "2018-11-30": "43.34%", "2018-08-31": "43.48%", "2018-05-31": "43.78%", "2018-02-28": "43.97%", "2017-11-30": "44.19%", "2017-08-31": "44.56%", "2017-05-31": "44.74%", "2017-02-28": "44.90%", "2016-11-30": "45.00%", "2016-08-31": "45.02%", "2016-05-31": "45.06%", "2016-02-29": "45.16%", "2015-11-30": "45.23%", "2015-08-31": "45.24%", "2015-05-31": "45.38%", "2015-02-28": "45.60%", "2014-11-30": "45.81%", "2014-08-31": "46.13%", "2014-05-31": "46.18%", "2014-02-28": "46.00%", "2013-11-30": "45.68%", "2013-08-31": "45.54%", "2013-05-31": "45.41%", "2013-02-28": "45.47%", "2012-11-30": "45.71%", "2012-08-31": "45.76%", "2012-05-31": "45.96%", "2012-02-29": "46.37%", "2011-11-30": "46.56%", "2011-08-31": "46.56%", "2011-05-31": "46.33%", "2011-02-28": "45.85%", "2010-11-30": "45.47%", "2010-08-31": "45.36%", "2010-05-31": "45.39%", "2010-02-28": "45.49%", "2009-11-30": "45.80%", "2009-08-31": "46.21%", "2009-05-31": "46.40%", "2009-02-28": "46.36%", "2008-11-30": "46.37%", "2008-08-31": "46.18%", "2008-05-31": "46.27%", "2008-02-29": "46.32%", "2007-11-30": "46.29%", "2007-08-31": "46.27%", "2007-05-31": "45.94%", "2007-02-28": "46.16%", "2006-11-30": "46.35%", "2006-08-31": "46.51%", "2006-05-31": "46.90%", "2006-02-28": "46.62%", "2005-11-30": "46.29%"}, "operating margin": {"2020-11-30": "10.03%", "2020-08-31": "10.99%", "2020-05-31": "11.22%", "2020-02-29": "11.14%", "2019-11-30": "11.56%", "2019-08-31": "11.92%", "2019-05-31": "12.44%", "2019-02-28": "12.71%", "2018-11-30": "12.98%", "2018-08-31": "13.11%", "2018-05-31": "13.21%", "2018-02-28": "13.14%", "2017-11-30": "13.06%", "2017-08-31": "13.16%", "2017-05-31": "13.16%", "2017-02-28": "13.38%", "2016-11-30": "13.27%", "2016-08-31": "13.13%", "2016-05-31": "13.08%", "2016-02-29": "12.92%", "2015-11-30": "13.00%", "2015-08-31": "13.03%", "2015-05-31": "13.20%", "2015-02-28": "13.35%", "2014-11-30": "13.42%", "2014-08-31": "13.77%", "2014-05-31": "13.75%", "2014-02-28": "13.99%", "2013-11-30": "14.85%", "2013-08-31": "15.67%", "2013-05-31": "16.58%", "2013-02-28": "17.22%", "2012-11-30": "17.51%", "2012-08-31": "17.53%", "2012-05-31": "17.70%", "2012-02-29": "17.76%", "2011-11-30": "17.67%", "2011-08-31": "17.32%", "2011-05-31": "16.78%", "2011-02-28": "16.01%", "2010-11-30": "15.06%", "2010-08-31": "14.31%", "2010-05-31": "13.45%", "2010-02-28": "12.67%", "2009-11-30": "12.56%", "2009-08-31": "13.70%", "2009-05-31": "15.15%", "2009-02-28": "16.56%", "2008-11-30": "17.80%", "2008-08-31": "17.98%", "2008-05-31": "17.91%", "2008-02-29": "17.61%", "2007-11-30": "17.40%", "2007-08-31": "17.24%", "2007-05-31": "16.63%", "2007-02-28": "16.68%", "2006-11-30": "16.71%", "2006-08-31": "16.77%", "2006-05-31": "17.20%", "2006-02-28": "16.97%", "2005-11-30": "16.61%"}, "ebitda margin": {"2020-11-30": "12.23%", "2020-08-31": "13.15%", "2020-05-31": "13.26%", "2020-02-29": "13.13%", "2019-11-30": "13.49%", "2019-08-31": "13.82%", "2019-05-31": "14.35%", "2019-02-28": "14.63%", "2018-11-30": "14.94%", "2018-08-31": "15.11%", "2018-05-31": "15.26%", "2018-02-28": "15.25%", "2017-11-30": "15.18%", "2017-08-31": "15.30%", "2017-05-31": "15.42%", "2017-02-28": "15.72%", "2016-11-30": "15.69%", "2016-08-31": "15.65%", "2016-05-31": "15.57%", "2016-02-29": "15.40%", "2015-11-30": "15.46%", "2015-08-31": "15.43%", "2015-05-31": "15.54%", "2015-02-28": "15.64%", "2014-11-30": "15.70%", "2014-08-31": "16.07%", "2014-05-31": "16.09%", "2014-02-28": "16.29%", "2013-11-30": "17.04%", "2013-08-31": "17.70%", "2013-05-31": "18.36%", "2013-02-28": "18.85%", "2012-11-30": "19.02%", "2012-08-31": "18.97%", "2012-05-31": "19.17%", "2012-02-29": "19.18%", "2011-11-30": "19.10%", "2011-08-31": "18.75%", "2011-05-31": "18.16%", "2011-02-28": "17.46%", "2010-11-30": "16.53%", "2010-08-31": "15.85%", "2010-05-31": "15.15%", "2010-02-28": "14.49%", "2009-11-30": "14.50%", "2009-08-31": "15.58%", "2009-05-31": "16.92%", "2009-02-28": "18.21%", "2008-11-30": "19.32%", "2008-08-31": "19.49%", "2008-05-31": "19.37%", "2008-02-29": "19.09%", "2007-11-30": "18.91%", "2007-08-31": "18.72%", "2007-05-31": "18.17%", "2007-02-28": "18.06%", "2006-11-30": "17.98%", "2006-08-31": "17.91%", "2006-05-31": "18.20%", "2006-02-28": "17.99%", "2005-11-30": "17.67%"}, "pre tax profit margin": {"2020-11-30": "9.49%", "2020-08-31": "10.46%", "2020-05-31": "10.71%", "2020-02-29": "10.66%", "2019-11-30": "11.05%", "2019-08-31": "11.38%", "2019-05-31": "11.90%", "2019-02-28": "12.23%", "2018-11-30": "12.55%", "2018-08-31": "12.70%", "2018-05-31": "12.85%", "2018-02-28": "12.78%", "2017-11-30": "12.69%", "2017-08-31": "12.78%", "2017-05-31": "12.82%", "2017-02-28": "13.10%", "2016-11-30": "13.05%", "2016-08-31": "12.99%", "2016-05-31": "12.93%", "2016-02-29": "12.78%", "2015-11-30": "12.82%", "2015-08-31": "12.86%", "2015-05-31": "13.03%", "2015-02-28": "13.18%", "2014-11-30": "13.24%", "2014-08-31": "13.59%", "2014-05-31": "13.56%", "2014-02-28": "13.80%", "2013-11-30": "14.73%", "2013-08-31": "15.59%", "2013-05-31": "16.54%", "2013-02-28": "17.22%", "2012-11-30": "17.51%", "2012-08-31": "17.53%", "2012-05-31": "17.70%", "2012-02-29": "17.76%", "2011-11-30": "17.67%", "2011-08-31": "17.32%", "2011-05-31": "16.73%", "2011-02-28": "15.96%", "2010-11-30": "15.01%", "2010-08-31": "14.25%", "2010-05-31": "13.38%", "2010-02-28": "12.60%", "2009-11-30": "12.49%", "2009-08-31": "13.57%", "2009-05-31": "15.09%", "2009-02-28": "16.38%", "2008-11-30": "17.46%", "2008-08-31": "17.58%", "2008-05-31": "17.35%", "2008-02-29": "17.04%", "2007-11-30": "16.76%", "2007-08-31": "16.53%", "2007-05-31": "15.95%", "2007-02-28": "16.15%", "2006-11-30": "16.50%", "2006-08-31": "16.77%", "2006-05-31": "17.45%", "2006-02-28": "17.22%", "2005-11-30": "16.87%"}, "net profit margin": {"2020-11-30": "7.13%", "2020-08-31": "7.86%", "2020-05-31": "8.09%", "2020-02-29": "8.07%", "2019-11-30": "8.34%", "2019-08-31": "8.59%", "2019-05-31": "8.78%", "2019-02-28": "8.85%", "2018-11-30": "10.53%", "2018-08-31": "10.30%", "2018-05-31": "10.19%", "2018-02-28": "9.95%", "2017-11-30": "8.01%", "2017-08-31": "8.03%", "2017-05-31": "8.09%", "2017-02-28": "8.21%", "2016-11-30": "8.13%", "2016-08-31": "8.10%", "2016-05-31": "8.08%", "2016-02-29": "7.96%", "2015-11-30": "7.97%", "2015-08-31": "7.94%", "2015-05-31": "8.01%", "2015-02-28": "8.11%", "2014-11-30": "8.13%", "2014-08-31": "8.39%", "2014-05-31": "8.34%", "2014-02-28": "8.52%", "2013-11-30": "9.11%", "2013-08-31": "9.65%", "2013-05-31": "10.30%", "2013-02-28": "10.74%", "2012-11-30": "10.93%", "2012-08-31": "10.91%", "2012-05-31": "11.00%", "2012-02-29": "11.04%", "2011-11-30": "10.94%", "2011-08-31": "10.74%", "2011-05-31": "10.36%", "2011-02-28": "9.86%", "2010-11-30": "9.27%", "2010-08-31": "8.81%", "2010-05-31": "8.27%", "2010-02-28": "7.75%", "2009-11-30": "7.70%", "2009-08-31": "8.39%", "2009-05-31": "9.34%", "2009-02-28": "10.11%", "2008-11-30": "10.82%", "2008-08-31": "10.90%", "2008-05-31": "10.78%", "2008-02-29": "10.66%", "2007-11-30": "10.50%", "2007-08-31": "10.31%", "2007-05-31": "9.91%", "2007-02-28": "9.98%", "2006-11-30": "10.11%", "2006-08-31": "10.32%", "2006-05-31": "10.75%", "2006-02-28": "10.63%", "2005-11-30": "10.42%"}, "pe ratio": {"current": "18.66", "2021-02-05": "21.25", "2020-11-30": "20.49", "2020-08-31": "13.73", "2020-05-31": "13.51", "2020-02-29": "11.79", "2019-11-30": "12.34", "2019-08-31": "10.93", "2019-05-31": "11.11", "2019-02-28": "13.30", "2018-11-30": "11.97", "2018-08-31": "12.03", "2018-05-31": "13.34", "2018-02-28": "13.34", "2017-11-30": "17.38", "2017-08-31": "13.54", "2017-05-31": "16.61", "2017-02-28": "20.00", "2016-11-30": "18.28", "2016-08-31": "15.10", "2016-05-31": "15.65", "2016-02-29": "14.53", "2015-11-30": "12.69", "2015-08-31": "13.75", "2015-05-31": "13.83", "2015-02-28": "14.47", "2014-11-30": "15.48", "2014-08-31": "17.14", "2014-05-31": "18.00", "2014-02-28": "17.07", "2013-11-30": "14.77", "2013-08-31": "14.27", "2013-05-31": "14.68", "2013-02-28": "14.65", "2012-11-30": "12.21", "2012-08-31": "11.74", "2012-05-31": "12.59", "2012-02-29": "14.38", "2011-11-30": "13.13", "2011-08-31": "12.28", "2011-05-31": "14.79", "2011-02-28": "14.69", "2010-11-30": "15.53", "2010-08-31": "12.50", "2010-05-31": "16.46", "2010-02-28": "16.42", "2009-11-30": "17.03", "2009-08-31": "12.98", "2009-05-31": "9.94", "2009-02-28": "7.19", "2008-11-30": "7.27", "2008-08-31": "10.71", "2008-05-31": "11.76", "2008-02-29": "9.09", "2007-11-30": "10.06", "2007-08-31": "12.47", "2007-05-31": "13.98", "2007-02-28": "11.98", "2006-11-30": "11.36"}, "price sales": {"2021-02-05": "1.52", "2020-11-30": "1.46", "2020-08-31": "1.08", "2020-05-31": "1.09", "2020-02-29": "0.95", "2019-11-30": "1.03", "2019-08-31": "0.94", "2019-05-31": "0.98", "2019-02-28": "1.18", "2018-11-30": "1.26", "2018-08-31": "1.23", "2018-05-31": "1.35", "2018-02-28": "1.32", "2017-11-30": "1.38", "2017-08-31": "1.08", "2017-05-31": "1.34", "2017-02-28": "1.63", "2016-11-30": "1.48", "2016-08-31": "1.22", "2016-05-31": "1.25", "2016-02-29": "1.15", "2015-11-30": "1.00", "2015-08-31": "1.08", "2015-05-31": "1.11", "2015-02-28": "1.17", "2014-11-30": "1.26", "2014-08-31": "1.44", "2014-05-31": "1.50", "2014-02-28": "1.45", "2013-11-30": "1.34", "2013-08-31": "1.37", "2013-05-31": "1.51", "2013-02-28": "1.57", "2012-11-30": "1.33", "2012-08-31": "1.28", "2012-05-31": "1.38", "2012-02-29": "1.59", "2011-11-30": "1.44", "2011-08-31": "1.32", "2011-05-31": "1.53", "2011-02-28": "1.45", "2010-11-30": "1.44", "2010-08-31": "1.10", "2010-05-31": "1.36", "2010-02-28": "1.27", "2009-11-30": "1.31", "2009-08-31": "1.08", "2009-05-31": "0.94", "2009-02-28": "0.74", "2008-11-30": "0.80", "2008-08-31": "1.19", "2008-05-31": "1.28", "2008-02-29": "0.97", "2007-11-30": "1.06", "2007-08-31": "1.29", "2007-05-31": "1.39", "2007-02-28": "1.20", "2006-11-30": "1.16"}, "price book": {"current": "4.23", "2021-02-05": "4.23", "2020-11-30": "4.08", "2020-08-31": "2.61", "2020-05-31": "2.76", "2020-02-29": "2.50", "2019-11-30": "2.28", "2019-08-31": "2.12", "2019-05-31": "2.24", "2019-02-28": "2.74", "2018-11-30": "2.92", "2018-08-31": "2.81", "2018-05-31": "3.00", "2018-02-28": "2.95", "2017-11-30": "3.22", "2017-08-31": "2.52", "2017-05-31": "3.09", "2017-02-28": "3.81", "2016-11-30": "3.49", "2016-08-31": "2.92", "2016-05-31": "2.51", "2016-02-29": "2.39", "2015-11-30": "2.13", "2015-08-31": "2.37", "2015-05-31": "2.48", "2015-02-28": "2.68", "2014-11-30": "2.86", "2014-08-31": "2.84", "2014-05-31": "2.87", "2014-02-28": "2.79", "2013-11-30": "2.55", "2013-08-31": "2.44", "2013-05-31": "2.73", "2013-02-28": "2.91", "2012-11-30": "2.56", "2012-08-31": "2.54", "2012-05-31": "2.76", "2012-02-29": "3.12", "2011-11-30": "2.86", "2011-08-31": "2.66", "2011-05-31": "3.00", "2011-02-28": "2.90", "2010-11-30": "2.89", "2010-08-31": "2.07", "2010-05-31": "2.40", "2010-02-28": "2.21", "2009-11-30": "2.27", "2009-08-31": "2.01", "2009-05-31": "1.88", "2009-02-28": "1.62", "2008-11-30": "1.86", "2008-08-31": "2.84", "2008-05-31": "2.99", "2008-02-29": "2.37", "2007-11-30": "2.41", "2007-08-31": "2.95", "2007-05-31": "3.20", "2007-02-28": "2.73", "2006-11-30": "2.50", "2006-08-31": "2.54", "2006-05-31": "3.02", "2006-02-28": "3.27"}, "price fcf": {"2021-02-05": "", "2020-11-30": "$6.69", "2020-08-31": "$6.29", "2020-05-31": "$5.47", "2020-02-29": "$5.96", "2019-11-30": "$5.09", "2019-08-31": "$4.98", "2019-05-31": "$4.42", "2019-02-28": "$4.79", "2018-11-30": "$5.10", "2018-08-31": "$5.20", "2018-05-31": "$4.91", "2018-02-28": "$4.05", "2017-11-30": "$3.69", "2017-08-31": "$3.52", "2017-05-31": "$3.15", "2017-02-28": "$3.82", "2016-11-30": "$4.51", "2016-08-31": "$5.13", "2016-05-31": "$5.29", "2016-02-29": "$5.41", "2015-11-30": "$4.24", "2015-08-31": "$3.23", "2015-05-31": "$2.52", "2015-02-28": "$1.71", "2014-11-30": "$2.50", "2014-08-31": "$3.24", "2014-05-31": "$3.59", "2014-02-28": "$4.14", "2013-11-30": "$4.05", "2013-08-31": "$3.75", "2013-05-31": "$4.02", "2013-02-28": "$3.57", "2012-11-30": "$3.52", "2012-08-31": "$2.97", "2012-05-31": "$2.78", "2012-02-29": "$2.77", "2011-11-30": "$2.92", "2011-08-31": "$2.91", "2011-05-31": "$2.49", "2011-02-28": "$1.97", "2010-11-30": "$1.83", "2010-08-31": "$1.90", "2010-05-31": "$2.05", "2010-02-28": "$3.02", "2009-11-30": "$3.82", "2009-08-31": "$4.22", "2009-05-31": "$4.55", "2009-02-28": "$4.33", "2008-11-30": "$3.71", "2008-08-31": "$3.09", "2008-05-31": "$2.60", "2008-02-29": "$2.12", "2007-11-30": "$1.77", "2007-08-31": "$2.07", "2007-05-31": "$2.09", "2007-02-28": "$1.92", "2006-11-30": "$2.36"}, "net worth": {"value": "$4.78B"}, "current ratio": {"2020-11-30": "2.23", "2020-08-31": "3.03", "2020-05-31": "2.63", "2020-02-29": "1.75", "2019-11-30": "2.90", "2019-08-31": "2.68", "2019-05-31": "2.50", "2019-02-28": "2.19", "2018-11-30": "2.37", "2018-08-31": "2.34", "2018-05-31": "2.11", "2018-02-28": "2.20", "2017-11-30": "1.92", "2017-08-31": "1.80", "2017-05-31": "1.87", "2017-02-28": "1.96", "2016-11-30": "2.01", "2016-08-31": "2.05", "2016-05-31": "3.32", "2016-02-29": "2.92", "2015-11-30": "2.67", "2015-08-31": "2.45", "2015-05-31": "2.24", "2015-02-28": "2.02", "2014-11-30": "2.00", "2014-08-31": "3.11", "2014-05-31": "3.67", "2014-02-28": "3.48", "2013-11-30": "3.04", "2013-08-31": "4.18", "2013-05-31": "3.62", "2013-02-28": "6.78", "2012-11-30": "5.63", "2012-08-31": "5.40", "2012-05-31": "5.20", "2012-02-29": "5.17", "2011-11-30": "4.94", "2011-08-31": "4.40", "2011-05-31": "5.20", "2011-02-28": "5.00", "2010-11-30": "3.94", "2010-08-31": "3.56", "2010-05-31": "3.61", "2010-02-28": "2.61", "2009-11-30": "2.65", "2009-08-31": "2.67", "2009-05-31": "2.75", "2009-02-28": "2.75", "2008-11-30": "2.54", "2008-08-31": "2.55", "2008-05-31": "3.15", "2008-02-29": "2.51", "2007-11-30": "3.26", "2007-08-31": "3.40", "2007-05-31": "3.31", "2007-02-28": "3.09", "2006-11-30": "3.25", "2006-08-31": "3.45", "2006-05-31": "5.54", "2006-02-28": "5.78", "2005-11-30": "4.82", "2005-08-31": "4.66", "2005-05-31": "4.35", "2005-02-28": "5.42"}, "quick ratio": {"2020-11-30": "1.22", "2020-08-31": "1.70", "2020-05-31": "1.66", "2020-02-29": "0.95", "2019-11-30": "1.56", "2019-08-31": "1.43", "2019-05-31": "1.35", "2019-02-28": "1.18", "2018-11-30": "1.27", "2018-08-31": "1.28", "2018-05-31": "1.14", "2018-02-28": "1.19", "2017-11-30": "1.04", "2017-08-31": "0.97", "2017-05-31": "0.98", "2017-02-28": "1.03", "2016-11-30": "1.02", "2016-08-31": "1.12", "2016-05-31": "1.74", "2016-02-29": "1.53", "2015-11-30": "1.36", "2015-08-31": "1.25", "2015-05-31": "1.12", "2015-02-28": "1.03", "2014-11-30": "1.03", "2014-08-31": "1.66", "2014-05-31": "1.96", "2014-02-28": "1.93", "2013-11-30": "1.60", "2013-08-31": "2.22", "2013-05-31": "1.92", "2013-02-28": "4.27", "2012-11-30": "3.39", "2012-08-31": "3.09", "2012-05-31": "2.84", "2012-02-29": "2.84", "2011-11-30": "2.75", "2011-08-31": "2.40", "2011-05-31": "3.00", "2011-02-28": "2.74", "2010-11-30": "2.13", "2010-08-31": "2.05", "2010-05-31": "2.22", "2010-02-28": "1.74", "2009-11-30": "1.74", "2009-08-31": "1.70", "2009-05-31": "1.68", "2009-02-28": "1.51", "2008-11-30": "1.29", "2008-08-31": "1.24", "2008-05-31": "1.35", "2008-02-29": "1.10", "2007-11-30": "1.37", "2007-08-31": "1.45", "2007-05-31": "1.45", "2007-02-28": "1.35", "2006-11-30": "1.39", "2006-08-31": "1.50", "2006-05-31": "3.05", "2006-02-28": "3.08", "2005-11-30": "2.50", "2005-08-31": "2.16", "2005-05-31": "1.98", "2005-02-28": "2.57"}, "debt equity ratio": {"current": "0.41", "2020-11-30": "1.02", "2020-08-31": "0.80", "2020-05-31": "1.08", "2020-02-29": "0.88", "2019-11-30": "0.54", "2019-08-31": "0.56", "2019-05-31": "0.60", "2019-02-28": "0.68", "2018-11-30": "0.65", "2018-08-31": "0.65", "2018-05-31": "0.61", "2018-02-28": "0.61", "2017-11-30": "0.67", "2017-08-31": "0.71", "2017-05-31": "0.68", "2017-02-28": "0.74", "2016-11-30": "0.76", "2016-08-31": "0.88", "2016-05-31": "0.42", "2016-02-29": "0.48", "2015-11-30": "0.52", "2015-08-31": "0.58", "2015-05-31": "0.61", "2015-02-28": "0.68", "2014-11-30": "0.68", "2014-08-31": "0.47", "2014-05-31": "0.42", "2014-02-28": "0.44", "2013-11-30": "0.49", "2013-08-31": "0.40", "2013-05-31": "0.43", "2013-02-28": "0.18", "2012-11-30": "0.21", "2012-08-31": "0.22", "2012-05-31": "0.23", "2012-02-29": "0.22", "2011-11-30": "0.24", "2011-08-31": "0.25", "2011-05-31": "0.22", "2011-02-28": "0.22", "2010-11-30": "0.26", "2010-08-31": "0.28", "2010-05-31": "0.28", "2010-02-28": "0.39", "2009-11-30": "0.41", "2009-08-31": "0.44", "2009-05-31": "0.45", "2009-02-28": "0.46", "2008-11-30": "0.52", "2008-08-31": "0.55", "2008-05-31": "0.47", "2008-02-29": "0.58", "2007-11-30": "0.48", "2007-08-31": "0.48", "2007-05-31": "0.51", "2007-02-28": "0.60", "2006-11-30": "0.59", "2006-08-31": "0.59", "2006-05-31": "0.21", "2006-02-28": "0.20", "2005-11-30": "0.23", "2005-08-31": "0.23", "2005-05-31": "0.21", "2005-02-28": "0.16"}, "return on equity": {"2020-11-30": "17.87%", "2020-08-31": "18.59%", "2020-05-31": "19.13%", "2020-02-29": "18.75%", "2019-11-30": "19.11%", "2019-08-31": "20.21%", "2019-05-31": "20.99%", "2019-02-28": "21.12%", "2018-11-30": "24.98%", "2018-08-31": "24.48%", "2018-05-31": "24.32%", "2018-02-28": "23.90%", "2017-11-30": "19.47%", "2017-08-31": "19.48%", "2017-05-31": "20.10%", "2017-02-28": "19.45%", "2016-11-30": "18.39%", "2016-08-31": "17.68%", "2016-05-31": "16.78%", "2016-02-29": "17.00%", "2015-11-30": "17.51%", "2015-08-31": "17.95%", "2015-05-31": "17.88%", "2015-02-28": "17.55%", "2014-11-30": "16.98%", "2014-08-31": "16.97%", "2014-05-31": "16.56%", "2014-02-28": "16.65%", "2013-11-30": "17.40%", "2013-08-31": "17.95%", "2013-05-31": "19.62%", "2013-02-28": "21.17%", "2012-11-30": "22.36%", "2012-08-31": "22.99%", "2012-05-31": "23.19%", "2012-02-29": "23.07%", "2011-11-30": "22.92%", "2011-08-31": "22.61%", "2011-05-31": "21.57%", "2011-02-28": "20.19%", "2010-11-30": "18.53%", "2010-08-31": "17.00%", "2010-05-31": "15.36%", "2010-02-28": "13.98%", "2009-11-30": "13.91%", "2009-08-31": "16.12%", "2009-05-31": "19.68%", "2009-02-28": "23.15%", "2008-11-30": "26.67%", "2008-08-31": "26.97%", "2008-05-31": "26.55%", "2008-02-29": "26.26%", "2007-11-30": "25.77%", "2007-08-31": "25.69%", "2007-05-31": "24.58%", "2007-02-28": "23.69%", "2006-11-30": "22.90%", "2006-08-31": "22.32%", "2006-05-31": "22.34%", "2006-02-28": "21.47%", "2005-11-30": "19.87%"}, "return on assets": {"2020-11-30": "9.18%", "2020-08-31": "10.24%", "2020-05-31": "10.93%", "2020-02-29": "11.46%", "2019-11-30": "12.00%", "2019-08-31": "12.49%", "2019-05-31": "12.78%", "2019-02-28": "12.83%", "2018-11-30": "15.33%", "2018-08-31": "14.97%", "2018-05-31": "14.74%", "2018-02-28": "14.34%", "2017-11-30": "11.46%", "2017-08-31": "11.32%", "2017-05-31": "11.41%", "2017-02-28": "11.55%", "2016-11-30": "11.39%", "2016-08-31": "11.34%", "2016-05-31": "11.19%", "2016-02-29": "11.00%", "2015-11-30": "10.99%", "2015-08-31": "10.98%", "2015-05-31": "11.13%", "2015-02-28": "11.28%", "2014-11-30": "11.33%", "2014-08-31": "11.68%", "2014-05-31": "11.55%", "2014-02-28": "11.59%", "2013-11-30": "12.67%", "2013-08-31": "13.75%", "2013-05-31": "15.56%", "2013-02-28": "17.55%", "2012-11-30": "18.38%", "2012-08-31": "18.78%", "2012-05-31": "18.82%", "2012-02-29": "18.73%", "2011-11-30": "18.60%", "2011-08-31": "18.28%", "2011-05-31": "17.35%", "2011-02-28": "16.05%", "2010-11-30": "14.24%", "2010-08-31": "12.69%", "2010-05-31": "11.15%", "2010-02-28": "9.83%", "2009-11-30": "9.66%", "2009-08-31": "11.00%", "2009-05-31": "13.18%", "2009-02-28": "15.44%", "2008-11-30": "17.44%", "2008-08-31": "17.78%", "2008-05-31": "17.71%", "2008-02-29": "17.38%", "2007-11-30": "17.03%", "2007-08-31": "16.65%", "2007-05-31": "15.64%", "2007-02-28": "15.83%", "2006-11-30": "16.36%", "2006-08-31": "17.04%", "2006-05-31": "18.37%", "2006-02-28": "17.65%", "2005-11-30": "16.47%"}, "return on investments": {"2020-11-30": "18.22%", "2020-08-31": "19.77%", "2020-05-31": "20.99%", "2020-02-29": "21.76%", "2019-11-30": "22.29%", "2019-08-31": "23.35%", "2019-05-31": "24.53%", "2019-02-28": "25.09%", "2018-11-30": "25.57%", "2018-08-31": "26.23%", "2018-05-31": "26.87%", "2018-02-28": "27.01%", "2017-11-30": "26.93%", "2017-08-31": "26.48%", "2017-05-31": "26.35%", "2017-02-28": "25.85%", "2016-11-30": "24.98%", "2016-08-31": "24.42%", "2016-05-31": "23.74%", "2016-02-29": "23.89%", "2015-11-30": "24.51%", "2015-08-31": "25.08%", "2015-05-31": "25.03%", "2015-02-28": "24.51%", "2014-11-30": "23.76%", "2014-08-31": "23.60%", "2014-05-31": "23.13%", "2014-02-28": "23.11%", "2013-11-30": "24.93%", "2013-08-31": "26.70%", "2013-05-31": "30.12%", "2013-02-28": "33.88%", "2012-11-30": "35.74%", "2012-08-31": "36.86%", "2012-05-31": "48.47%", "2012-02-29": "71.32%", "2011-11-30": "140.42%", "2011-08-31": "inf%", "2011-05-31": "inf%", "2011-02-28": "131.57%", "2010-11-30": "60.63%", "2010-08-31": "36.89%", "2010-05-31": "24.56%", "2010-02-28": "22.07%", "2009-11-30": "21.40%", "2009-08-31": "24.29%", "2009-05-31": "28.88%", "2009-02-28": "33.71%", "2008-11-30": "38.34%", "2008-08-31": "38.32%", "2008-05-31": "37.53%", "2008-02-29": "36.39%", "2007-11-30": "35.14%", "2007-08-31": "34.57%", "2007-05-31": "32.44%", "2007-02-28": "32.52%", "2006-11-30": "32.88%", "2006-08-31": "33.57%", "2006-05-31": "35.68%", "2006-02-28": "34.23%", "2005-11-30": "31.61%"}, "return on tangible equity": {"2020-11-30": "47.66%", "2020-08-31": "44.52%", "2020-05-31": "44.20%", "2020-02-29": "42.09%", "2019-11-30": "41.84%", "2019-08-31": "45.62%", "2019-05-31": "48.48%", "2019-02-28": "49.47%", "2018-11-30": "57.84%", "2018-08-31": "56.99%", "2018-05-31": "57.63%", "2018-02-28": "57.31%", "2017-11-30": "48.62%", "2017-08-31": "50.27%", "2017-05-31": "53.75%", "2017-02-28": "48.91%", "2016-11-30": "43.96%", "2016-08-31": "40.09%", "2016-05-31": "36.29%", "2016-02-29": "38.02%", "2015-11-30": "40.56%", "2015-08-31": "43.20%", "2015-05-31": "42.73%", "2015-02-28": "41.05%", "2014-11-30": "39.04%", "2014-08-31": "38.68%", "2014-05-31": "38.10%", "2014-02-28": "39.36%", "2013-11-30": "34.98%", "2013-08-31": "31.29%", "2013-05-31": "30.44%", "2013-02-28": "29.37%", "2012-11-30": "31.61%", "2012-08-31": "32.95%", "2012-05-31": "33.74%", "2012-02-29": "33.68%", "2011-11-30": "33.79%", "2011-08-31": "33.93%", "2011-05-31": "32.71%", "2011-02-28": "31.13%", "2010-11-30": "29.01%", "2010-08-31": "26.93%", "2010-05-31": "24.81%", "2010-02-28": "23.19%", "2009-11-30": "23.62%", "2009-08-31": "28.07%", "2009-05-31": "35.24%", "2009-02-28": "42.25%", "2008-11-30": "50.00%", "2008-08-31": "50.89%", "2008-05-31": "50.13%", "2008-02-29": "50.57%", "2007-11-30": "50.52%", "2007-08-31": "52.57%", "2007-05-31": "52.32%", "2007-02-28": "41.64%", "2006-11-30": "34.04%", "2006-08-31": "28.63%", "2006-05-31": "25.05%", "2006-02-28": "24.10%", "2005-11-30": "22.23%"}, "dividend yield history": {"last payout": "$3.00", "last yield": "3.50%"}}