{"ticker": "MSCI", "price": {"title": "MSCI Inc Historical Annual Stock Price Data", "value": 429.81, "historical": {"2020": {"Average Stock Price": "341.0211", "Year Open": "266.0500", "Year High": "446.5300", "Year Low": "224.6500", "Year Close": "446.5300", "Annual % Change": "72.95%"}, "2019": {"Average Stock Price": "218.9101", "Year Open": "146.9400", "Year High": "266.3200", "Year Low": "141.3400", "Year Close": "258.1800", "Annual % Change": "75.12%"}, "2018": {"Average Stock Price": "156.8515", "Year Open": "127.6800", "Year High": "182.2300", "Year Low": "127.6800", "Year Close": "147.4300", "Annual % Change": "16.51%"}, "2017": {"Average Stock Price": "106.8177", "Year Open": "78.7100", "Year High": "129.3500", "Year Low": "78.7100", "Year Close": "126.5400", "Annual % Change": "60.62%"}, "2016": {"Average Stock Price": "77.6885", "Year Open": "70.6100", "Year High": "90.1200", "Year Low": "63.1600", "Year Close": "78.7800", "Annual % Change": "9.22%"}, "2015": {"Average Stock Price": "61.9851", "Year Open": "47.6900", "Year High": "72.8500", "Year Low": "47.2400", "Year Close": "72.1300", "Annual % Change": "52.04%"}, "2014": {"Average Stock Price": "44.9496", "Year Open": "43.1500", "Year High": "48.9800", "Year Low": "40.2800", "Year Close": "47.4400", "Annual % Change": "8.51%"}, "2013": {"Average Stock Price": "36.6548", "Year Open": "32.1300", "Year High": "44.7100", "Year Low": "31.7900", "Year Close": "43.7200", "Annual % Change": "41.08%"}, "2012": {"Average Stock Price": "32.9804", "Year Open": "32.8100", "Year High": "37.8100", "Year Low": "25.5900", "Year Close": "30.9900", "Annual % Change": "-5.89%"}, "2011": {"Average Stock Price": "34.8428", "Year Open": "39.4500", "Year High": "39.7200", "Year Low": "27.9400", "Year Close": "32.9300", "Annual % Change": "-15.48%"}, "2010": {"Average Stock Price": "33.2537", "Year Open": "31.9800", "Year High": "40.0200", "Year Low": "27.2300", "Year Close": "38.9600", "Annual % Change": "22.52%"}, "2009": {"Average Stock Price": "24.2472", "Year Open": "18.6500", "Year High": "33.6100", "Year Low": "13.2000", "Year Close": "31.8000", "Annual % Change": "79.05%"}, "2008": {"Average Stock Price": "27.2630", "Year Open": "33.8500", "Year High": "37.5900", "Year Low": "11.8800", "Year Close": "17.7600", "Annual % Change": "-53.75%"}, "2007": {"Average Stock Price": "29.4297", "Year Open": "26.1000", "Year High": "38.4000", "Year Low": "24.9600", "Year Close": "38.4000", "Annual % Change": "0.00%"}}}, "market cap": {"value": "$35.63B"}, "income statement": {"Revenue": {"2020-12-31": "1695.39000", "2019-12-31": "1557.79600", "2018-12-31": "1433.98400", "2017-12-31": "1274.17200", "2016-12-31": "1150.66900", "2015-12-31": "1075.01300", "2014-12-31": "996.68000", "2013-12-31": "913.36400", "2012-12-31": "826.99000", "2011-12-31": "900.94100", "2010-12-31": "", "2010-11-30": "662.90100", "2009-11-30": "442.94800", "2008-11-30": "430.96100", "2007-11-30": "369.88600", "2006-12-31": "", "2006-11-30": "310.69800", "2005-12-31": "", "2005-11-30": "278.47400"}, "Cost Of Goods Sold": {"2020-12-31": "291.70400", "2019-12-31": "294.96100", "2018-12-31": "287.33500", "2017-12-31": "273.68100", "2016-12-31": "252.10700", "2015-12-31": "267.69500", "2014-12-31": "276.62300", "2013-12-31": "240.69700", "2012-12-31": "230.28200", "2011-12-31": "277.14700", "2010-12-31": "", "2010-11-30": "198.62600", "2009-11-30": "118.66500", "2008-11-30": "123.39000", "2007-11-30": "121.03200", "2006-12-31": "", "2006-11-30": "115.06800", "2005-12-31": "", "2005-11-30": "106.59800"}, "Gross Profit": {"2020-12-31": "1403.68600", "2019-12-31": "1262.83500", "2018-12-31": "1146.64900", "2017-12-31": "1000.49100", "2016-12-31": "898.56200", "2015-12-31": "807.31790", "2014-12-31": "720.05700", "2013-12-31": "672.66700", "2012-12-31": "596.70800", "2011-12-31": "623.79390", "2010-12-31": "", "2010-11-30": "464.27500", "2009-11-30": "324.28300", "2008-11-30": "307.57100", "2007-11-30": "248.85400", "2006-12-31": "", "2006-11-30": "195.63000", "2005-12-31": "", "2005-11-30": "171.87600"}, "Research And Development Expenses": {"2020-12-31": "101.05300", "2019-12-31": "98.33400", "2018-12-31": "81.41100", "2017-12-31": "75.84900", "2016-12-31": "75.20400", "2015-12-31": "77.32000", "2014-12-31": "71.09500", "2013-12-31": "61.00300", "2012-12-31": "", "2011-12-31": "", "2010-12-31": "", "2010-11-30": "", "2009-11-30": "", "2008-11-30": "", "2007-11-30": "", "2006-12-31": "", "2006-11-30": "", "2005-12-31": "", "2005-11-30": ""}, "SG&A Expenses": {"2020-12-31": "331.12300", "2019-12-31": "329.39100", "2018-12-31": "292.80500", "2017-12-31": "264.88500", "2016-12-31": "253.90100", "2015-12-31": "248.30100", "2014-12-31": "240.20800", "2013-12-31": "206.15100", "2012-12-31": "211.90500", "2011-12-31": "212.97200", "2010-12-31": "", "2010-11-30": "190.24400", "2009-11-30": "135.78000", "2008-11-30": "138.31100", "2007-11-30": "91.06700", "2006-12-31": "91.06700", "2006-11-30": "86.42500", "2005-12-31": "86.42500", "2005-11-30": "70.22000"}, "Other Operating Income Or Expenses": {"2020-12-31": "", "2019-12-31": "", "2018-12-31": "", "2017-12-31": "", "2016-12-31": "", "2015-12-31": "", "2014-12-31": "", "2013-12-31": "", "2012-12-31": "", "2011-12-31": "", "2010-12-31": "", "2010-11-30": "", "2009-11-30": "", "2008-11-30": "", "2007-11-30": "", "2006-12-31": "", "2006-11-30": "", "2005-12-31": "", "2005-11-30": ""}, "Operating Expenses": {"2020-12-31": "810.62600", "2019-12-31": "802.09500", "2018-12-31": "747.08600", "2017-12-31": "694.40200", "2016-12-31": "662.56500", "2015-12-31": "671.11510", "2014-12-31": "659.51400", "2013-12-31": "573.03300", "2012-12-31": "508.75500", "2011-12-31": "578.94300", "2010-12-31": "", "2010-11-30": "456.77800", "2009-11-30": "291.95600", "2008-11-30": "295.17100", "2007-11-30": "239.92700", "2006-12-31": "118.89500", "2006-11-30": "227.64900", "2005-12-31": "112.58100", "2005-11-30": "204.84900"}, "Operating Income": {"2020-12-31": "884.76400", "2019-12-31": "755.70100", "2018-12-31": "686.89800", "2017-12-31": "579.77000", "2016-12-31": "488.10390", "2015-12-31": "403.89790", "2014-12-31": "337.16600", "2013-12-31": "340.33110", "2012-12-31": "318.23500", "2011-12-31": "321.99800", "2010-12-31": "", "2010-11-30": "206.12300", "2009-11-30": "150.99200", "2008-11-30": "135.79000", "2007-11-30": "129.95900", "2006-12-31": "-118.89500", "2006-11-30": "83.04900", "2005-12-31": "-112.58100", "2005-11-30": "73.62500"}, "Total Non-Operating Income/Expense": {"2020-12-31": "-198.53900", "2019-12-31": "-152.38300", "2018-12-31": "-57.00200", "2017-12-31": "-112.87100", "2016-12-31": "-102.16600", "2015-12-31": "-54.34400", "2014-12-31": "-28.82800", "2013-12-31": "-27.50300", "2012-12-31": "-57.43400", "2011-12-31": "-58.58500", "2010-12-31": "", "2010-11-30": "-52.63200", "2009-11-30": "-19.27100", "2008-11-30": "-26.14700", "2007-11-30": "3.33300", "2006-12-31": "", "2006-11-30": "16.42000", "2005-12-31": "", "2005-11-30": "7.27200"}, "Pre-Tax Income": {"2020-12-31": "686.22500", "2019-12-31": "603.31800", "2018-12-31": "629.89600", "2017-12-31": "466.89900", "2016-12-31": "385.93800", "2015-12-31": "349.55400", "2014-12-31": "308.33800", "2013-12-31": "312.82800", "2012-12-31": "260.80100", "2011-12-31": "263.41300", "2010-12-31": "", "2010-11-30": "153.49100", "2009-11-30": "131.72100", "2008-11-30": "109.64300", "2007-11-30": "133.29200", "2006-12-31": "-118.89500", "2006-11-30": "99.46900", "2005-12-31": "-112.58100", "2005-11-30": "80.89700"}, "Income Taxes": {"2020-12-31": "84.40300", "2019-12-31": "39.67000", "2018-12-31": "122.01100", "2017-12-31": "162.92700", "2016-12-31": "125.08300", "2015-12-31": "119.51600", "2014-12-31": "109.39600", "2013-12-31": "112.91800", "2012-12-31": "96.01000", "2011-12-31": "89.95900", "2010-12-31": "", "2010-11-30": "61.32100", "2009-11-30": "49.92000", "2008-11-30": "41.37500", "2007-11-30": "52.18100", "2006-12-31": "", "2006-11-30": "36.09700", "2005-12-31": "", "2005-11-30": "30.44900"}, "Income After Taxes": {"2020-12-31": "601.82200", "2019-12-31": "563.64800", "2018-12-31": "507.88500", "2017-12-31": "303.97200", "2016-12-31": "260.85500", "2015-12-31": "230.03800", "2014-12-31": "198.94200", "2013-12-31": "199.91000", "2012-12-31": "164.79100", "2011-12-31": "173.45400", "2010-12-31": "", "2010-11-30": "92.17000", "2009-11-30": "81.80100", "2008-11-30": "68.26800", "2007-11-30": "81.11100", "2006-12-31": "-118.89500", "2006-11-30": "63.37200", "2005-12-31": "-112.58100", "2005-11-30": "50.44800"}, "Other Income": {"2020-12-31": "", "2019-12-31": "", "2018-12-31": "", "2017-12-31": "", "2016-12-31": "", "2015-12-31": "", "2014-12-31": "", "2013-12-31": "", "2012-12-31": "", "2011-12-31": "", "2010-12-31": "", "2010-11-30": "", "2009-11-30": "", "2008-11-30": "", "2007-11-30": "", "2006-12-31": "", "2006-11-30": "", "2005-12-31": "", "2005-11-30": ""}, "Income From Continuous Operations": {"2020-12-31": "601.82200", "2019-12-31": "563.64800", "2018-12-31": "507.88500", "2017-12-31": "303.97200", "2016-12-31": "260.85500", "2015-12-31": "230.03800", "2014-12-31": "198.94200", "2013-12-31": "199.91000", "2012-12-31": "164.79100", "2011-12-31": "173.45400", "2010-12-31": "", "2010-11-30": "92.17000", "2009-11-30": "81.80100", "2008-11-30": "68.26800", "2007-11-30": "81.11100", "2006-12-31": "-118.89500", "2006-11-30": "63.37200", "2005-12-31": "-112.58100", "2005-11-30": "50.44800"}, "Income From Discontinued Operations": {"2020-12-31": "", "2019-12-31": "", "2018-12-31": "", "2017-12-31": "", "2016-12-31": "", "2015-12-31": "-6.39000", "2014-12-31": "85.17100", "2013-12-31": "22.64700", "2012-12-31": "19.44700", "2011-12-31": "", "2010-12-31": "", "2010-11-30": "", "2009-11-30": "", "2008-11-30": "", "2007-11-30": "", "2006-12-31": "", "2006-11-30": "8.07300", "2005-12-31": "", "2005-11-30": "3.79300"}, "Net Income": {"2020-12-31": "601.82200", "2019-12-31": "563.64800", "2018-12-31": "507.88500", "2017-12-31": "303.97200", "2016-12-31": "260.85500", "2015-12-31": "223.64800", "2014-12-31": "284.11300", "2013-12-31": "222.55700", "2012-12-31": "184.23800", "2011-12-31": "173.45400", "2010-12-31": "", "2010-11-30": "91.42800", "2009-11-30": "80.55500", "2008-11-30": "66.43800", "2007-11-30": "81.11100", "2006-12-31": "81.11100", "2006-11-30": "71.44500", "2005-12-31": "71.44500", "2005-11-30": "54.55400"}, "EBITDA": {"2020-12-31": "884.76400", "2019-12-31": "839.18300", "2018-12-31": "776.14800", "2017-12-31": "663.15300", "2016-12-31": "572.52500", "2015-12-31": "483.83190", "2014-12-31": "421.67900", "2013-12-31": "425.25010", "2012-12-31": "423.60300", "2011-12-31": "414.05500", "2010-12-31": "", "2010-11-30": "274.56200", "2009-11-30": "190.10000", "2008-11-30": "170.85700", "2007-11-30": "157.78700", "2006-12-31": "-118.89500", "2006-11-30": "112.70400", "2005-12-31": "-112.58100", "2005-11-30": "105.70200"}, "EBIT": {"2020-12-31": "884.76400", "2019-12-31": "755.70100", "2018-12-31": "686.89800", "2017-12-31": "579.77000", "2016-12-31": "488.10390", "2015-12-31": "403.89790", "2014-12-31": "337.16600", "2013-12-31": "340.33110", "2012-12-31": "318.23500", "2011-12-31": "321.99800", "2010-12-31": "", "2010-11-30": "206.12300", "2009-11-30": "150.99200", "2008-11-30": "135.79000", "2007-11-30": "129.95900", "2006-12-31": "-118.89500", "2006-11-30": "83.04900", "2005-12-31": "-112.58100", "2005-11-30": "73.62500"}, "Basic Shares Outstanding": {"2020-12-31": "83.71600", "2019-12-31": "84.64400", "2018-12-31": "87.17900", "2017-12-31": "90.33600", "2016-12-31": "95.98600", "2015-12-31": "109.12400", "2014-12-31": "115.73700", "2013-12-31": "120.10000", "2012-12-31": "122.02300", "2011-12-31": "120.71700", "2010-12-31": "", "2010-11-30": "112.07400", "2009-11-30": "100.60700", "2008-11-30": "100.03700", "2007-11-30": "84.60800", "2006-12-31": "", "2006-11-30": "83.90000", "2005-12-31": "", "2005-11-30": "83.90000"}, "Shares Outstanding": {"2020-12-31": "84.51700", "2019-12-31": "85.53600", "2018-12-31": "89.70100", "2017-12-31": "91.91400", "2016-12-31": "96.54000", "2015-12-31": "109.92600", "2014-12-31": "116.70600", "2013-12-31": "121.07400", "2012-12-31": "123.20400", "2011-12-31": "122.27600", "2010-12-31": "", "2010-11-30": "113.35700", "2009-11-30": "100.86000", "2008-11-30": "100.28100", "2007-11-30": "84.62400", "2006-12-31": "", "2006-11-30": "83.90000", "2005-12-31": "", "2005-11-30": "83.90000"}, "Basic EPS": {"2020-12-31": "7.19000", "2019-12-31": "6.66000", "2018-12-31": "5.83000", "2017-12-31": "3.36000", "2016-12-31": "2.72000", "2015-12-31": "2.05000", "2014-12-31": "2.45000", "2013-12-31": "1.85000", "2012-12-31": "1.50000", "2011-12-31": "1.43000", "2010-12-31": "", "2010-11-30": "0.82000", "2009-11-30": "0.80000", "2008-11-30": "0.66000", "2007-11-30": "0.96000", "2006-12-31": "", "2006-11-30": "0.85000", "2005-12-31": "", "2005-11-30": "0.65000"}, "EPS - Earnings Per Share": {"2020-12-31": "7.12000", "2019-12-31": "6.59000", "2018-12-31": "5.66000", "2017-12-31": "3.31000", "2016-12-31": "2.70000", "2015-12-31": "2.03000", "2014-12-31": "2.43000", "2013-12-31": "1.83000", "2012-12-31": "1.48000", "2011-12-31": "1.41000", "2010-12-31": "0.00000", "2010-11-30": "0.81000", "2009-11-30": "0.80000", "2008-11-30": "0.66000", "2007-11-30": "0.96000", "2006-12-31": "0.00000", "2006-11-30": "0.85000", "2005-12-31": "0.00000", "2005-11-30": "0.65000"}}, "income statement, quarterly": {"Revenue": {"2020-12-31": "443.66100", "2020-09-30": "425.33300", "2020-06-30": "409.61600", "2020-03-31": "416.78000", "2019-12-31": "406.60600", "2019-09-30": "394.25100", "2019-06-30": "385.55800", "2019-03-31": "371.38100", "2018-12-31": "361.68800", "2018-09-30": "357.93400", "2018-06-30": "363.04600", "2018-03-31": "351.31600", "2017-12-31": "334.77900", "2017-09-30": "322.09700", "2017-06-30": "316.08900", "2017-03-31": "301.20700", "2016-12-31": "292.81200", "2016-09-30": "288.43300", "2016-06-30": "290.59600", "2016-03-31": "278.82800", "2015-12-31": "272.89300", "2015-09-30": "268.77100", "2015-06-30": "270.58000", "2015-03-31": "262.76900", "2014-12-31": "251.10500", "2014-09-30": "251.66100", "2014-06-30": "254.22600", "2014-03-31": "239.68800", "2013-12-31": "236.86400", "2013-09-30": "228.60800", "2013-06-30": "228.42300", "2013-03-31": "219.46900", "2012-12-31": "123.92900", "2012-09-30": "235.44400", "2012-06-30": "238.56500", "2012-03-31": "229.05200", "2011-12-31": "226.13400", "2011-09-30": "225.02600", "2011-06-30": "226.48300", "2011-03-31": "223.29800", "2010-12-31": "72.52400", "2010-11-30": "", "2010-08-31": "202.73300", "2010-05-31": "125.17000", "2010-02-28": "121.68000", "2009-11-30": "", "2009-08-31": "108.86800", "2009-05-31": "109.37500", "2009-02-28": "105.91500", "2008-11-30": "", "2008-08-31": "110.39900", "2008-05-31": "108.19500", "2008-02-29": "104.95100", "2007-12-31": "101.65800", "2007-11-30": "", "2007-08-31": "92.40700", "2007-05-31": "88.75200", "2007-02-28": "87.06900"}, "Cost Of Goods Sold": {"2020-12-31": "75.93500", "2020-09-30": "70.70400", "2020-06-30": "70.45600", "2020-03-31": "74.60900", "2019-12-31": "70.15400", "2019-09-30": "70.48600", "2019-06-30": "71.97500", "2019-03-31": "82.34600", "2018-12-31": "73.75700", "2018-09-30": "70.90600", "2018-06-30": "71.36800", "2018-03-31": "71.30400", "2017-12-31": "69.24700", "2017-09-30": "68.43300", "2017-06-30": "68.53800", "2017-03-31": "67.46300", "2016-12-31": "63.81900", "2016-09-30": "62.98600", "2016-06-30": "62.13000", "2016-03-31": "63.17200", "2015-12-31": "64.80400", "2015-09-30": "65.59300", "2015-06-30": "67.39400", "2015-03-31": "69.90400", "2014-12-31": "54.61000", "2014-09-30": "69.77000", "2014-06-30": "76.81600", "2014-03-31": "75.42700", "2013-12-31": "37.55000", "2013-09-30": "68.15100", "2013-06-30": "69.69600", "2013-03-31": "65.30000", "2012-12-31": "16.39800", "2012-09-30": "68.35000", "2012-06-30": "73.24300", "2012-03-31": "72.29100", "2011-12-31": "69.12100", "2011-09-30": "68.96800", "2011-06-30": "68.84000", "2011-03-31": "70.21800", "2010-12-31": "20.98600", "2010-11-30": "", "2010-08-31": "69.74100", "2010-05-31": "30.46300", "2010-02-28": "29.29100", "2009-11-30": "", "2009-08-31": "28.24700", "2009-05-31": "29.26900", "2009-02-28": "28.93500", "2008-11-30": "", "2008-08-31": "27.80000", "2008-05-31": "29.63600", "2008-02-29": "30.86000", "2007-12-31": "", "2007-11-30": "", "2007-08-31": "29.35400", "2007-05-31": "30.34100", "2007-02-28": "32.26600"}, "Gross Profit": {"2020-12-31": "367.72600", "2020-09-30": "354.62900", "2020-06-30": "339.16000", "2020-03-31": "342.17100", "2019-12-31": "336.45210", "2019-09-30": "323.76500", "2019-06-30": "313.58300", "2019-03-31": "289.03500", "2018-12-31": "287.93100", "2018-09-30": "287.02800", "2018-06-30": "291.67800", "2018-03-31": "280.01200", "2017-12-31": "265.53200", "2017-09-30": "253.66400", "2017-06-30": "247.55100", "2017-03-31": "233.74400", "2016-12-31": "228.99300", "2016-09-30": "225.44700", "2016-06-30": "228.46600", "2016-03-31": "215.65600", "2015-12-31": "208.08900", "2015-09-30": "203.17800", "2015-06-30": "203.18600", "2015-03-31": "192.86500", "2014-12-31": "196.49500", "2014-09-30": "181.89100", "2014-06-30": "177.41000", "2014-03-31": "164.26100", "2013-12-31": "199.31400", "2013-09-30": "160.45700", "2013-06-30": "158.72700", "2013-03-31": "154.16900", "2012-12-31": "107.53100", "2012-09-30": "167.09400", "2012-06-30": "165.32200", "2012-03-31": "156.76100", "2011-12-31": "157.01300", "2011-09-30": "156.05800", "2011-06-30": "157.64300", "2011-03-31": "153.08000", "2010-12-31": "51.53800", "2010-11-30": "", "2010-08-31": "132.99200", "2010-05-31": "94.70700", "2010-02-28": "92.38900", "2009-11-30": "", "2009-08-31": "80.62100", "2009-05-31": "80.10600", "2009-02-28": "76.98000", "2008-11-30": "", "2008-08-31": "82.59900", "2008-05-31": "78.55900", "2008-02-29": "74.09100", "2007-12-31": "101.65800", "2007-11-30": "", "2007-08-31": "63.05300", "2007-05-31": "58.41100", "2007-02-28": "54.80300"}, "Research And Development Expenses": {"2020-12-31": "27.05600", "2020-09-30": "24.90100", "2020-06-30": "22.53400", "2020-03-31": "26.56200", "2019-12-31": "27.10000", "2019-09-30": "24.31000", "2019-06-30": "23.75200", "2019-03-31": "23.17200", "2018-12-31": "20.31200", "2018-09-30": "20.59100", "2018-06-30": "19.80100", "2018-03-31": "20.70700", "2017-12-31": "20.70900", "2017-09-30": "17.97400", "2017-06-30": "18.19600", "2017-03-31": "18.97000", "2016-12-31": "18.96000", "2016-09-30": "18.75000", "2016-06-30": "18.56600", "2016-03-31": "18.92800", "2015-12-31": "17.77600", "2015-09-30": "15.54800", "2015-06-30": "20.80700", "2015-03-31": "23.18900", "2014-12-31": "52.07400", "2014-09-30": "19.02100", "2014-06-30": "", "2014-03-31": "", "2013-12-31": "", "2013-09-30": "", "2013-06-30": "", "2013-03-31": "", "2012-12-31": "", "2012-09-30": "", "2012-06-30": "", "2012-03-31": "", "2011-12-31": "", "2011-09-30": "", "2011-06-30": "", "2011-03-31": "", "2010-12-31": "", "2010-11-30": "", "2010-08-31": "", "2010-05-31": "", "2010-02-28": "", "2009-11-30": "", "2009-08-31": "", "2009-05-31": "", "2009-02-28": "", "2008-11-30": "", "2008-08-31": "", "2008-05-31": "", "2008-02-29": "", "2007-12-31": "", "2007-11-30": "", "2007-08-31": "", "2007-05-31": "", "2007-02-28": ""}, "SG&A Expenses": {"2020-12-31": "84.53400", "2020-09-30": "80.28100", "2020-06-30": "79.92600", "2020-03-31": "86.38200", "2019-12-31": "89.14500", "2019-09-30": "78.66600", "2019-06-30": "78.03500", "2019-03-31": "83.54500", "2018-12-31": "77.85700", "2018-09-30": "70.90000", "2018-06-30": "71.45200", "2018-03-31": "72.59600", "2017-12-31": "71.00600", "2017-09-30": "66.95200", "2017-06-30": "62.97400", "2017-03-31": "63.95300", "2016-12-31": "63.07600", "2016-09-30": "63.37300", "2016-06-30": "63.87300", "2016-03-31": "63.57900", "2015-12-31": "63.39900", "2015-09-30": "58.76900", "2015-06-30": "64.10800", "2015-03-31": "62.02500", "2014-12-31": "40.11600", "2014-09-30": "60.91800", "2014-06-30": "71.51600", "2014-03-31": "67.65800", "2013-12-31": "37.87700", "2013-09-30": "59.91700", "2013-06-30": "52.84200", "2013-03-31": "55.51500", "2012-12-31": "35.89400", "2012-09-30": "62.97300", "2012-06-30": "57.60200", "2012-03-31": "55.43600", "2011-12-31": "54.50900", "2011-09-30": "53.72400", "2011-06-30": "53.32100", "2011-03-31": "51.41800", "2010-12-31": "17.48100", "2010-11-30": "", "2010-08-31": "63.30600", "2010-05-31": "40.17700", "2010-02-28": "37.46100", "2009-11-30": "", "2009-08-31": "33.52500", "2009-05-31": "34.05200", "2009-02-28": "34.71600", "2008-11-30": "", "2008-08-31": "36.68700", "2008-05-31": "38.00500", "2008-02-29": "31.32000", "2007-12-31": "", "2007-11-30": "", "2007-08-31": "23.09300", "2007-05-31": "25.48900", "2007-02-28": "18.96400"}, "Other Operating Income Or Expenses": {"2020-12-31": "", "2020-09-30": "", "2020-06-30": "", "2020-03-31": "", "2019-12-31": "", "2019-09-30": "", "2019-06-30": "", "2019-03-31": "", "2018-12-31": "", "2018-09-30": "", "2018-06-30": "", "2018-03-31": "", "2017-12-31": "", "2017-09-30": "", "2017-06-30": "", "2017-03-31": "", "2016-12-31": "", "2016-09-30": "", "2016-06-30": "", "2016-03-31": "", "2015-12-31": "", "2015-09-30": "", "2015-06-30": "", "2015-03-31": "", "2014-12-31": "", "2014-09-30": "", "2014-06-30": "", "2014-03-31": "", "2013-12-31": "", "2013-09-30": "", "2013-06-30": "", "2013-03-31": "", "2012-12-31": "", "2012-09-30": "", "2012-06-30": "", "2012-03-31": "", "2011-12-31": "", "2011-09-30": "", "2011-06-30": "", "2011-03-31": "", "2010-12-31": "", "2010-11-30": "", "2010-08-31": "", "2010-05-31": "", "2010-02-28": "", "2009-11-30": "", "2009-08-31": "", "2009-05-31": "", "2009-02-28": "", "2008-11-30": "", "2008-08-31": "", "2008-05-31": "", "2008-02-29": "", "2007-12-31": "", "2007-11-30": "", "2007-08-31": "", "2007-05-31": "", "2007-02-28": ""}, "Operating Expenses": {"2020-12-31": "209.57600", "2020-09-30": "197.71300", "2020-06-30": "194.44100", "2020-03-31": "208.89600", "2019-12-31": "207.17700", "2019-09-30": "193.03200", "2019-06-30": "193.18000", "2019-03-31": "208.70600", "2018-12-31": "191.87000", "2018-09-30": "181.53100", "2018-06-30": "189.53500", "2018-03-31": "184.15000", "2017-12-31": "180.64000", "2017-09-30": "173.29800", "2017-06-30": "169.98900", "2017-03-31": "170.47500", "2016-12-31": "166.80000", "2016-09-30": "165.17300", "2016-06-30": "164.90500", "2016-03-31": "165.68700", "2015-12-31": "165.35000", "2015-09-30": "159.66900", "2015-06-30": "172.06900", "2015-03-31": "174.02700", "2014-12-31": "166.01100", "2014-09-30": "167.62500", "2014-06-30": "165.69500", "2014-03-31": "160.18300", "2013-12-31": "153.21690", "2013-09-30": "144.70400", "2013-06-30": "138.53400", "2013-03-31": "136.57800", "2012-12-31": "57.32300", "2012-09-30": "151.91500", "2012-06-30": "151.44400", "2012-03-31": "148.07300", "2011-12-31": "144.50100", "2011-09-30": "142.78100", "2011-06-30": "143.79200", "2011-03-31": "147.86900", "2010-12-31": "45.85500", "2010-11-30": "", "2010-08-31": "161.28400", "2010-05-31": "78.47300", "2010-02-28": "74.42300", "2009-11-30": "", "2009-08-31": "71.07000", "2009-05-31": "72.72100", "2009-02-28": "73.13100", "2008-11-30": "", "2008-08-31": "72.88000", "2008-05-31": "75.28800", "2008-02-29": "69.78900", "2007-12-31": "", "2007-11-30": "", "2007-08-31": "59.14400", "2007-05-31": "62.09500", "2007-02-28": "57.49600"}, "Operating Income": {"2020-12-31": "234.08500", "2020-09-30": "227.62000", "2020-06-30": "215.17500", "2020-03-31": "207.88400", "2019-12-31": "199.42900", "2019-09-30": "201.21900", "2019-06-30": "192.37800", "2019-03-31": "162.67500", "2018-12-31": "169.81800", "2018-09-30": "176.40300", "2018-06-30": "173.51100", "2018-03-31": "167.16600", "2017-12-31": "154.13900", "2017-09-30": "148.79900", "2017-06-30": "146.10000", "2017-03-31": "130.73200", "2016-12-31": "126.01190", "2016-09-30": "123.26000", "2016-06-30": "125.69100", "2016-03-31": "113.14100", "2015-12-31": "107.54290", "2015-09-30": "109.10200", "2015-06-30": "98.51100", "2015-03-31": "88.74200", "2014-12-31": "85.09390", "2014-09-30": "84.03600", "2014-06-30": "88.53100", "2014-03-31": "79.50500", "2013-12-31": "83.64700", "2013-09-30": "83.90400", "2013-06-30": "89.88900", "2013-03-31": "82.89100", "2012-12-31": "66.60600", "2012-09-30": "83.52900", "2012-06-30": "87.12100", "2012-03-31": "80.97900", "2011-12-31": "81.63300", "2011-09-30": "82.24500", "2011-06-30": "82.69100", "2011-03-31": "75.42900", "2010-12-31": "26.66900", "2010-11-30": "", "2010-08-31": "41.44900", "2010-05-31": "46.69700", "2010-02-28": "47.25700", "2009-11-30": "", "2009-08-31": "37.79800", "2009-05-31": "36.65400", "2009-02-28": "32.78400", "2008-11-30": "", "2008-08-31": "37.51900", "2008-05-31": "32.90700", "2008-02-29": "35.16200", "2007-12-31": "101.65800", "2007-11-30": "", "2007-08-31": "33.26300", "2007-05-31": "26.65700", "2007-02-28": "29.57300"}, "Total Non-Operating Income/Expense": {"2020-12-31": "-38.91900", "2020-09-30": "-38.57700", "2020-06-30": "-76.00800", "2020-03-31": "-45.03500", "2019-12-31": "-52.89600", "2019-09-30": "-32.47100", "2019-06-30": "-32.63300", "2019-03-31": "-34.38300", "2018-12-31": "17.47100", "2018-09-30": "-29.55700", "2018-06-30": "-17.18800", "2018-03-31": "-27.72800", "2017-12-31": "-27.17900", "2017-09-30": "-27.99600", "2017-06-30": "-28.58900", "2017-03-31": "-29.10700", "2016-12-31": "-28.91700", "2016-09-30": "-25.73800", "2016-06-30": "-25.14700", "2016-03-31": "-22.36400", "2015-12-31": "-22.10700", "2015-09-30": "-10.06000", "2015-06-30": "-11.09500", "2015-03-31": "-11.08200", "2014-12-31": "-14.36600", "2014-09-30": "-4.04000", "2014-06-30": "-4.44800", "2014-03-31": "-5.97400", "2013-12-31": "-6.65300", "2013-09-30": "-6.16400", "2013-06-30": "-5.98500", "2013-03-31": "-8.70100", "2012-12-31": "-6.89900", "2012-09-30": "-7.93500", "2012-06-30": "-29.86000", "2012-03-31": "-12.74000", "2011-12-31": "-11.50500", "2011-09-30": "-11.94600", "2011-06-30": "-13.04900", "2011-03-31": "-22.08500", "2010-12-31": "-6.11300", "2010-11-30": "", "2010-08-31": "-20.82500", "2010-05-31": "-8.55000", "2010-02-28": "-3.42000", "2009-11-30": "", "2009-08-31": "-4.08700", "2009-05-31": "-4.68200", "2009-02-28": "-6.39900", "2008-11-30": "", "2008-08-31": "-7.37200", "2008-05-31": "-2.52200", "2008-02-29": "-6.42700", "2007-12-31": "", "2007-11-30": "", "2007-08-31": "-0.34400", "2007-05-31": "5.04800", "2007-02-28": "4.99400"}, "Pre-Tax Income": {"2020-12-31": "195.16600", "2020-09-30": "189.04300", "2020-06-30": "139.16700", "2020-03-31": "162.84900", "2019-12-31": "146.53300", "2019-09-30": "168.74800", "2019-06-30": "159.74500", "2019-03-31": "128.29200", "2018-12-31": "187.28900", "2018-09-30": "146.84600", "2018-06-30": "156.32300", "2018-03-31": "139.43800", "2017-12-31": "126.96000", "2017-09-30": "120.80300", "2017-06-30": "117.51100", "2017-03-31": "101.62500", "2016-12-31": "97.09500", "2016-09-30": "97.52200", "2016-06-30": "100.54400", "2016-03-31": "90.77700", "2015-12-31": "85.43600", "2015-09-30": "99.04200", "2015-06-30": "87.41600", "2015-03-31": "77.66000", "2014-12-31": "70.72800", "2014-09-30": "79.99600", "2014-06-30": "84.08300", "2014-03-31": "73.53100", "2013-12-31": "76.99400", "2013-09-30": "77.74000", "2013-06-30": "83.90400", "2013-03-31": "74.19000", "2012-12-31": "59.70700", "2012-09-30": "75.59400", "2012-06-30": "57.26100", "2012-03-31": "68.23900", "2011-12-31": "70.12800", "2011-09-30": "70.29900", "2011-06-30": "69.64200", "2011-03-31": "53.34400", "2010-12-31": "20.55600", "2010-11-30": "", "2010-08-31": "20.62400", "2010-05-31": "37.95100", "2010-02-28": "43.83700", "2009-11-30": "", "2009-08-31": "33.71100", "2009-05-31": "31.97200", "2009-02-28": "26.38500", "2008-11-30": "", "2008-08-31": "30.14700", "2008-05-31": "30.38500", "2008-02-29": "28.73500", "2007-12-31": "101.65800", "2007-11-30": "", "2007-08-31": "32.91900", "2007-05-31": "31.70500", "2007-02-28": "34.56700"}, "Income Taxes": {"2020-12-31": "38.95000", "2020-09-30": "6.68500", "2020-06-30": "24.04400", "2020-03-31": "14.72400", "2019-12-31": "23.75000", "2019-09-30": "31.76500", "2019-06-30": "34.05500", "2019-03-31": "-49.90000", "2018-12-31": "35.15700", "2018-09-30": "23.01400", "2018-06-30": "39.49400", "2018-03-31": "24.34600", "2017-12-31": "62.35800", "2017-09-30": "35.65000", "2017-06-30": "36.24500", "2017-03-31": "28.67400", "2016-12-31": "28.84500", "2016-09-30": "32.24100", "2016-06-30": "33.58700", "2016-03-31": "30.41000", "2015-12-31": "25.43700", "2015-09-30": "34.64400", "2015-06-30": "31.39900", "2015-03-31": "28.03600", "2014-12-31": "27.45900", "2014-09-30": "28.27200", "2014-06-30": "27.28000", "2014-03-31": "26.38500", "2013-12-31": "36.11900", "2013-09-30": "27.80400", "2013-06-30": "27.76300", "2013-03-31": "21.23200", "2012-12-31": "24.70200", "2012-09-30": "27.32000", "2012-06-30": "19.71500", "2012-03-31": "24.27300", "2011-12-31": "25.64200", "2011-09-30": "20.51200", "2011-06-30": "23.98200", "2011-03-31": "19.82300", "2010-12-31": "6.73200", "2010-11-30": "", "2010-08-31": "10.30500", "2010-05-31": "13.88400", "2010-02-28": "16.31900", "2009-11-30": "", "2009-08-31": "12.78700", "2009-05-31": "12.35400", "2009-02-28": "9.66100", "2008-11-30": "", "2008-08-31": "11.26900", "2008-05-31": "11.75400", "2008-02-29": "10.80100", "2007-12-31": "", "2007-11-30": "", "2007-08-31": "11.54000", "2007-05-31": "11.85400", "2007-02-28": "12.92500"}, "Income After Taxes": {"2020-12-31": "156.21600", "2020-09-30": "182.35800", "2020-06-30": "115.12300", "2020-03-31": "148.12500", "2019-12-31": "122.78300", "2019-09-30": "136.98300", "2019-06-30": "125.69000", "2019-03-31": "178.19200", "2018-12-31": "152.13200", "2018-09-30": "123.83200", "2018-06-30": "116.82900", "2018-03-31": "115.09200", "2017-12-31": "64.60200", "2017-09-30": "85.15300", "2017-06-30": "81.26600", "2017-03-31": "72.95100", "2016-12-31": "68.25000", "2016-09-30": "65.28100", "2016-06-30": "66.95700", "2016-03-31": "60.36700", "2015-12-31": "59.99900", "2015-09-30": "64.39800", "2015-06-30": "56.01700", "2015-03-31": "49.62400", "2014-12-31": "43.26900", "2014-09-30": "51.72400", "2014-06-30": "56.80300", "2014-03-31": "47.14600", "2013-12-31": "40.87500", "2013-09-30": "49.93600", "2013-06-30": "56.14100", "2013-03-31": "52.95800", "2012-12-31": "35.00500", "2012-09-30": "48.27400", "2012-06-30": "37.54600", "2012-03-31": "43.96600", "2011-12-31": "44.48600", "2011-09-30": "49.78700", "2011-06-30": "45.66000", "2011-03-31": "33.52100", "2010-12-31": "13.82400", "2010-11-30": "", "2010-08-31": "10.31900", "2010-05-31": "24.06700", "2010-02-28": "27.51800", "2009-11-30": "", "2009-08-31": "20.92400", "2009-05-31": "19.61800", "2009-02-28": "16.72400", "2008-11-30": "", "2008-08-31": "18.87800", "2008-05-31": "18.63100", "2008-02-29": "17.93400", "2007-12-31": "101.65800", "2007-11-30": "", "2007-08-31": "21.37900", "2007-05-31": "19.85100", "2007-02-28": "21.64200"}, "Other Income": {"2020-12-31": "", "2020-09-30": "", "2020-06-30": "", "2020-03-31": "", "2019-12-31": "", "2019-09-30": "", "2019-06-30": "", "2019-03-31": "", "2018-12-31": "", "2018-09-30": "", "2018-06-30": "", "2018-03-31": "", "2017-12-31": "", "2017-09-30": "", "2017-06-30": "", "2017-03-31": "", "2016-12-31": "", "2016-09-30": "", "2016-06-30": "", "2016-03-31": "", "2015-12-31": "", "2015-09-30": "", "2015-06-30": "", "2015-03-31": "", "2014-12-31": "", "2014-09-30": "", "2014-06-30": "", "2014-03-31": "", "2013-12-31": "", "2013-09-30": "", "2013-06-30": "", "2013-03-31": "", "2012-12-31": "", "2012-09-30": "", "2012-06-30": "", "2012-03-31": "", "2011-12-31": "", "2011-09-30": "", "2011-06-30": "", "2011-03-31": "", "2010-12-31": "", "2010-11-30": "", "2010-08-31": "", "2010-05-31": "", "2010-02-28": "", "2009-11-30": "", "2009-08-31": "", "2009-05-31": "", "2009-02-28": "", "2008-11-30": "", "2008-08-31": "", "2008-05-31": "", "2008-02-29": "", "2007-12-31": "", "2007-11-30": "", "2007-08-31": "", "2007-05-31": "", "2007-02-28": ""}, "Income From Continuous Operations": {"2020-12-31": "156.21600", "2020-09-30": "182.35800", "2020-06-30": "115.12300", "2020-03-31": "148.12500", "2019-12-31": "122.78300", "2019-09-30": "136.98300", "2019-06-30": "125.69000", "2019-03-31": "178.19200", "2018-12-31": "152.13200", "2018-09-30": "123.83200", "2018-06-30": "116.82900", "2018-03-31": "115.09200", "2017-12-31": "64.60200", "2017-09-30": "85.15300", "2017-06-30": "81.26600", "2017-03-31": "72.95100", "2016-12-31": "68.25000", "2016-09-30": "65.28100", "2016-06-30": "66.95700", "2016-03-31": "60.36700", "2015-12-31": "59.99900", "2015-09-30": "64.39800", "2015-06-30": "56.01700", "2015-03-31": "49.62400", "2014-12-31": "43.26900", "2014-09-30": "51.72400", "2014-06-30": "56.80300", "2014-03-31": "47.14600", "2013-12-31": "40.87500", "2013-09-30": "49.93600", "2013-06-30": "56.14100", "2013-03-31": "52.95800", "2012-12-31": "35.00500", "2012-09-30": "48.27400", "2012-06-30": "37.54600", "2012-03-31": "43.96600", "2011-12-31": "44.48600", "2011-09-30": "49.78700", "2011-06-30": "45.66000", "2011-03-31": "33.52100", "2010-12-31": "13.82400", "2010-11-30": "", "2010-08-31": "10.31900", "2010-05-31": "24.06700", "2010-02-28": "27.51800", "2009-11-30": "", "2009-08-31": "20.92400", "2009-05-31": "19.61800", "2009-02-28": "16.72400", "2008-11-30": "", "2008-08-31": "18.87800", "2008-05-31": "18.63100", "2008-02-29": "17.93400", "2007-12-31": "24.22800", "2007-11-30": "", "2007-08-31": "21.37900", "2007-05-31": "19.85100", "2007-02-28": "21.64200"}, "Income From Discontinued Operations": {"2020-12-31": "", "2020-09-30": "", "2020-06-30": "", "2020-03-31": "", "2019-12-31": "", "2019-09-30": "", "2019-06-30": "", "2019-03-31": "", "2018-12-31": "", "2018-09-30": "", "2018-06-30": "", "2018-03-31": "", "2017-12-31": "", "2017-09-30": "", "2017-06-30": "", "2017-03-31": "", "2016-12-31": "", "2016-09-30": "", "2016-06-30": "", "2016-03-31": "", "2015-12-31": "-0.59300", "2015-09-30": "", "2015-06-30": "", "2015-03-31": "-5.79700", "2014-12-31": "1.07100", "2014-09-30": "-0.01000", "2014-06-30": "50.85700", "2014-03-31": "33.25300", "2013-12-31": "6.38200", "2013-09-30": "5.37400", "2013-06-30": "4.91200", "2013-03-31": "5.97900", "2012-12-31": "", "2012-09-30": "", "2012-06-30": "", "2012-03-31": "", "2011-12-31": "", "2011-09-30": "", "2011-06-30": "", "2011-03-31": "", "2010-12-31": "", "2010-11-30": "", "2010-08-31": "", "2010-05-31": "", "2010-02-28": "", "2009-11-30": "", "2009-08-31": "", "2009-05-31": "", "2009-02-28": "", "2008-11-30": "", "2008-08-31": "", "2008-05-31": "", "2008-02-29": "", "2007-12-31": "0.00000", "2007-11-30": "", "2007-08-31": "", "2007-05-31": "", "2007-02-28": ""}, "Net Income": {"2020-12-31": "156.21600", "2020-09-30": "182.35800", "2020-06-30": "115.12300", "2020-03-31": "148.12500", "2019-12-31": "122.78300", "2019-09-30": "136.98300", "2019-06-30": "125.69000", "2019-03-31": "178.19200", "2018-12-31": "152.13200", "2018-09-30": "123.83200", "2018-06-30": "116.82900", "2018-03-31": "115.09200", "2017-12-31": "64.60200", "2017-09-30": "85.15300", "2017-06-30": "81.26600", "2017-03-31": "72.95100", "2016-12-31": "68.25000", "2016-09-30": "65.28100", "2016-06-30": "66.95700", "2016-03-31": "60.36700", "2015-12-31": "59.40600", "2015-09-30": "64.39800", "2015-06-30": "56.01700", "2015-03-31": "43.82700", "2014-12-31": "44.34000", "2014-09-30": "51.71400", "2014-06-30": "107.66000", "2014-03-31": "80.39900", "2013-12-31": "47.25700", "2013-09-30": "55.31000", "2013-06-30": "61.05300", "2013-03-31": "58.93700", "2012-12-31": "54.45200", "2012-09-30": "48.27400", "2012-06-30": "37.54600", "2012-03-31": "43.96600", "2011-12-31": "45.72100", "2011-09-30": "49.30400", "2011-06-30": "45.22700", "2011-03-31": "33.20200", "2010-12-31": "13.67900", "2010-11-30": "", "2010-08-31": "10.20100", "2010-05-31": "23.73000", "2010-02-28": "27.06500", "2009-11-30": "", "2009-08-31": "20.32100", "2009-05-31": "19.04900", "2009-02-28": "16.22800", "2008-11-30": "", "2008-08-31": "18.87800", "2008-05-31": "18.63100", "2008-02-29": "17.93400", "2007-12-31": "24.22800", "2007-11-30": "", "2007-08-31": "21.37900", "2007-05-31": "19.85100", "2007-02-28": "21.64200"}, "EBITDA": {"2020-12-31": "", "2020-09-30": "256.59800", "2020-06-30": "249.85900", "2020-03-31": "230.31600", "2019-12-31": "204.54610", "2019-09-30": "227.35000", "2019-06-30": "223.98300", "2019-03-31": "183.30400", "2018-12-31": "190.74700", "2018-09-30": "196.52300", "2018-06-30": "201.32000", "2018-03-31": "187.55800", "2017-12-31": "174.66600", "2017-09-30": "169.58700", "2017-06-30": "167.23000", "2017-03-31": "151.67000", "2016-12-31": "147.80600", "2016-09-30": "144.12600", "2016-06-30": "146.73500", "2016-03-31": "133.85800", "2015-12-31": "127.62190", "2015-09-30": "129.39500", "2015-06-30": "118.71800", "2015-03-31": "108.09700", "2014-12-31": "112.58390", "2014-09-30": "102.51100", "2014-06-30": "106.45600", "2014-03-31": "100.12800", "2013-12-31": "105.98500", "2013-09-30": "105.21600", "2013-06-30": "110.58400", "2013-03-31": "103.46500", "2012-12-31": "88.21500", "2012-09-30": "104.85900", "2012-06-30": "127.67800", "2012-03-31": "102.85100", "2011-12-31": "104.00000", "2011-09-30": "104.84400", "2011-06-30": "105.79300", "2011-03-31": "99.41800", "2010-12-31": "-9.78200", "2010-11-30": "", "2010-08-31": "66.47800", "2010-05-31": "58.06100", "2010-02-28": "55.32600", "2009-11-30": "", "2009-08-31": "47.63900", "2009-05-31": "46.30800", "2009-02-28": "42.66400", "2008-11-30": "", "2008-08-31": "47.11000", "2008-05-31": "40.55400", "2008-02-29": "42.77100", "2007-12-31": "108.72000", "2007-11-30": "", "2007-08-31": "40.40100", "2007-05-31": "33.44700", "2007-02-28": "36.40300"}, "EBIT": {"2020-12-31": "234.08500", "2020-09-30": "227.62000", "2020-06-30": "215.17500", "2020-03-31": "207.88400", "2019-12-31": "199.42900", "2019-09-30": "201.21900", "2019-06-30": "192.37800", "2019-03-31": "162.67500", "2018-12-31": "169.81800", "2018-09-30": "176.40300", "2018-06-30": "173.51100", "2018-03-31": "167.16600", "2017-12-31": "154.13900", "2017-09-30": "148.79900", "2017-06-30": "146.10000", "2017-03-31": "130.73200", "2016-12-31": "126.01190", "2016-09-30": "123.26000", "2016-06-30": "125.69100", "2016-03-31": "113.14100", "2015-12-31": "107.54290", "2015-09-30": "109.10200", "2015-06-30": "98.51100", "2015-03-31": "88.74200", "2014-12-31": "85.09400", "2014-09-30": "84.03600", "2014-06-30": "88.53100", "2014-03-31": "79.50500", "2013-12-31": "83.64710", "2013-09-30": "83.90400", "2013-06-30": "89.88900", "2013-03-31": "82.89100", "2012-12-31": "66.60600", "2012-09-30": "83.52900", "2012-06-30": "87.12100", "2012-03-31": "80.97900", "2011-12-31": "81.63300", "2011-09-30": "82.24500", "2011-06-30": "82.69100", "2011-03-31": "75.42900", "2010-12-31": "26.66900", "2010-11-30": "", "2010-08-31": "41.44900", "2010-05-31": "46.69700", "2010-02-28": "47.25700", "2009-11-30": "", "2009-08-31": "37.79800", "2009-05-31": "36.65400", "2009-02-28": "32.78400", "2008-11-30": "", "2008-08-31": "37.51900", "2008-05-31": "32.90700", "2008-02-29": "35.16200", "2007-12-31": "101.65800", "2007-11-30": "", "2007-08-31": "33.26300", "2007-05-31": "26.65700", "2007-02-28": "29.57300"}, "Basic Shares Outstanding": {"2020-12-31": "82.73700", "2020-09-30": "83.60200", "2020-06-30": "83.66600", "2020-03-31": "84.87000", "2019-12-31": "84.64400", "2019-09-30": "84.76500", "2019-06-30": "84.75000", "2019-03-31": "84.25300", "2018-12-31": "87.17900", "2018-09-30": "88.79600", "2018-06-30": "89.11200", "2018-03-31": "90.07500", "2017-12-31": "90.33600", "2017-09-30": "90.11200", "2017-06-30": "90.40400", "2017-03-31": "90.70800", "2016-12-31": "95.98600", "2016-09-30": "94.82300", "2016-06-30": "96.41200", "2016-03-31": "99.42500", "2015-12-31": "109.12400", "2015-09-30": "108.77300", "2015-06-30": "112.14300", "2015-03-31": "112.52000", "2014-12-31": "115.73700", "2014-09-30": "116.25100", "2014-06-30": "116.70200", "2014-03-31": "117.58200", "2013-12-31": "120.10000", "2013-09-30": "119.60700", "2013-06-30": "121.14900", "2013-03-31": "120.74600", "2012-12-31": "122.02300", "2012-09-30": "122.26100", "2012-06-30": "122.03000", "2012-03-31": "121.75400", "2011-12-31": "120.71700", "2011-09-30": "120.83100", "2011-06-30": "120.59200", "2011-03-31": "120.28200", "2010-12-31": "119.94300", "2010-11-30": "", "2010-08-31": "118.33900", "2010-05-31": "105.34500", "2010-02-28": "105.23500", "2009-11-30": "", "2009-08-31": "100.40200", "2009-05-31": "100.35900", "2009-02-28": "100.28600", "2008-11-30": "", "2008-08-31": "100.05200", "2008-05-31": "100.02600", "2008-02-29": "100.01100", "2007-12-31": "86.52900", "2007-11-30": "", "2007-08-31": "83.90000", "2007-05-31": "83.90000", "2007-02-28": "83.90000"}, "Shares Outstanding": {"2020-12-31": "83.70700", "2020-09-30": "84.47900", "2020-06-30": "84.34900", "2020-03-31": "85.54800", "2019-12-31": "85.53600", "2019-09-30": "85.55000", "2019-06-30": "85.39300", "2019-03-31": "85.64900", "2018-12-31": "89.70100", "2018-09-30": "91.37200", "2018-06-30": "91.58600", "2018-03-31": "92.58700", "2017-12-31": "91.91400", "2017-09-30": "91.86800", "2017-06-30": "91.70800", "2017-03-31": "91.62400", "2016-12-31": "96.54000", "2016-09-30": "95.47300", "2016-06-30": "96.88800", "2016-03-31": "99.99800", "2015-12-31": "109.92600", "2015-09-30": "109.44000", "2015-06-30": "112.93100", "2015-03-31": "113.52200", "2014-12-31": "116.70600", "2014-09-30": "117.16300", "2014-06-30": "117.66400", "2014-03-31": "118.59700", "2013-12-31": "121.07400", "2013-09-30": "120.57800", "2013-06-30": "122.06900", "2013-03-31": "121.70200", "2012-12-31": "123.20400", "2012-09-30": "123.45000", "2012-06-30": "123.29500", "2012-03-31": "123.11300", "2011-12-31": "122.27600", "2011-09-30": "122.30300", "2011-06-30": "122.23500", "2011-03-31": "122.01300", "2010-12-31": "121.80300", "2010-11-30": "", "2010-08-31": "120.34100", "2010-05-31": "106.00300", "2010-02-28": "105.84400", "2009-11-30": "", "2009-08-31": "100.83300", "2009-05-31": "100.37100", "2009-02-28": "100.28600", "2008-11-30": "", "2008-08-31": "101.69800", "2008-05-31": "101.28200", "2008-02-29": "100.72800", "2007-12-31": "86.52900", "2007-11-30": "", "2007-08-31": "83.90000", "2007-05-31": "83.90000", "2007-02-28": "83.90000"}, "Basic EPS": {"2020-12-31": "1.89000", "2020-09-30": "2.18000", "2020-06-30": "1.38000", "2020-03-31": "1.75000", "2019-12-31": "1.45000", "2019-09-30": "1.62000", "2019-06-30": "1.48000", "2019-03-31": "2.11000", "2018-12-31": "1.85000", "2018-09-30": "1.39000", "2018-06-30": "1.31000", "2018-03-31": "1.28000", "2017-12-31": "0.72000", "2017-09-30": "0.94000", "2017-06-30": "0.90000", "2017-03-31": "0.80000", "2016-12-31": "0.73000", "2016-09-30": "0.69000", "2016-06-30": "0.69000", "2016-03-31": "0.61000", "2015-12-31": "0.57000", "2015-09-30": "0.59000", "2015-06-30": "0.50000", "2015-03-31": "0.39000", "2014-12-31": "0.41000", "2014-09-30": "0.44000", "2014-06-30": "0.92000", "2014-03-31": "0.68000", "2013-12-31": "0.40000", "2013-09-30": "0.46000", "2013-06-30": "0.50000", "2013-03-31": "0.49000", "2012-12-31": "0.44000", "2012-09-30": "0.39000", "2012-06-30": "0.31000", "2012-03-31": "0.36000", "2011-12-31": "0.36000", "2011-09-30": "0.41000", "2011-06-30": "0.38000", "2011-03-31": "0.28000", "2010-12-31": "0.11000", "2010-11-30": "", "2010-08-31": "0.09000", "2010-05-31": "0.23000", "2010-02-28": "0.26000", "2009-11-30": "", "2009-08-31": "0.20000", "2009-05-31": "0.19000", "2009-02-28": "0.16000", "2008-11-30": "", "2008-08-31": "0.19000", "2008-05-31": "0.19000", "2008-02-29": "0.18000", "2007-12-31": "0.28000", "2007-11-30": "", "2007-08-31": "0.25000", "2007-05-31": "0.24000", "2007-02-28": "0.26000"}, "EPS - Earnings Per Share": {"2020-12-31": "1.87000", "2020-09-30": "2.16000", "2020-06-30": "1.36000", "2020-03-31": "1.73000", "2019-12-31": "1.44000", "2019-09-30": "1.60000", "2019-06-30": "1.47000", "2019-03-31": "2.08000", "2018-12-31": "1.78000", "2018-09-30": "1.36000", "2018-06-30": "1.28000", "2018-03-31": "1.24000", "2017-12-31": "0.69000", "2017-09-30": "0.93000", "2017-06-30": "0.89000", "2017-03-31": "0.80000", "2016-12-31": "0.73000", "2016-09-30": "0.68000", "2016-06-30": "0.69000", "2016-03-31": "0.60000", "2015-12-31": "0.55000", "2015-09-30": "0.59000", "2015-06-30": "0.50000", "2015-03-31": "0.39000", "2014-12-31": "0.40000", "2014-09-30": "0.44000", "2014-06-30": "0.91000", "2014-03-31": "0.68000", "2013-12-31": "0.39000", "2013-09-30": "0.46000", "2013-06-30": "0.50000", "2013-03-31": "0.48000", "2012-12-31": "0.44000", "2012-09-30": "0.39000", "2012-06-30": "0.30000", "2012-03-31": "0.35000", "2011-12-31": "0.37000", "2011-09-30": "0.40000", "2011-06-30": "0.37000", "2011-03-31": "0.27000", "2010-12-31": "0.11000", "2010-11-30": "0.00000", "2010-08-31": "0.08000", "2010-05-31": "0.22000", "2010-02-28": "0.26000", "2009-11-30": "0.00000", "2009-08-31": "0.20000", "2009-05-31": "0.19000", "2009-02-28": "0.16000", "2008-11-30": "0.00000", "2008-08-31": "0.19000", "2008-05-31": "0.18000", "2008-02-29": "0.18000", "2007-12-31": "0.28000", "2007-11-30": "0.00000", "2007-08-31": "0.25000", "2007-05-31": "0.24000", "2007-02-28": "0.26000"}}, "balance sheet": {"Cash On Hand": {"2020-12-31": "", "2019-12-31": "1506.56700", "2018-12-31": "904.17600", "2017-12-31": "889.50200", "2016-12-31": "791.83400", "2015-12-31": "777.70600", "2014-12-31": "508.79900", "2013-12-31": "358.43400", "2012-12-31": "254.20700", "2011-12-31": "392.70100", "2010-12-31": "342.24000", "2010-11-30": "300.46600", "2009-11-30": "471.32800", "2008-11-30": "268.07700", "2007-11-30": "33.81800", "2006-12-31": "", "2006-11-30": "24.36200", "2005-12-31": "24.36200", "2005-11-30": ""}, "Receivables": {"2020-12-31": "", "2019-12-31": "499.26800", "2018-12-31": "473.43300", "2017-12-31": "327.59700", "2016-12-31": "221.50400", "2015-12-31": "208.23900", "2014-12-31": "178.71700", "2013-12-31": "169.49000", "2012-12-31": "153.55700", "2011-12-31": "180.56600", "2010-12-31": "137.98800", "2010-11-30": "147.66200", "2009-11-30": "77.18000", "2008-11-30": "87.48800", "2007-11-30": "80.37500", "2006-12-31": "80.37500", "2006-11-30": "100.17500", "2005-12-31": "100.17500", "2005-11-30": ""}, "Inventory": {"2020-12-31": "", "2019-12-31": "", "2018-12-31": "", "2017-12-31": "", "2016-12-31": "", "2015-12-31": "", "2014-12-31": "", "2013-12-31": "", "2012-12-31": "", "2011-12-31": "", "2010-12-31": "", "2010-11-30": "", "2009-11-30": "", "2008-11-30": "", "2007-11-30": "", "2006-12-31": "", "2006-11-30": "", "2005-12-31": "", "2005-11-30": ""}, "Pre-Paid Expenses": {"2020-12-31": "", "2019-12-31": "75.94200", "2018-12-31": "57.48000", "2017-12-31": "50.03000", "2016-12-31": "42.33200", "2015-12-31": "77.32600", "2014-12-31": "59.73300", "2013-12-31": "43.45800", "2012-12-31": "57.51900", "2011-12-31": "63.72400", "2010-12-31": "37.20900", "2010-11-30": "40.34400", "2009-11-30": "29.39900", "2008-11-30": "18.10000", "2007-11-30": "12.16000", "2006-12-31": "", "2006-11-30": "3.55200", "2005-12-31": "", "2005-11-30": ""}, "Other Current Assets": {"2020-12-31": "", "2019-12-31": "", "2018-12-31": "", "2017-12-31": "", "2016-12-31": "", "2015-12-31": "", "2014-12-31": "", "2013-12-31": "", "2012-12-31": "", "2011-12-31": "", "2010-12-31": "", "2010-11-30": "", "2009-11-30": "", "2008-11-30": "", "2007-11-30": "137.62500", "2006-12-31": "", "2006-11-30": "330.23100", "2005-12-31": "", "2005-11-30": ""}, "Total Current Assets": {"2020-12-31": "", "2019-12-31": "2081.77700", "2018-12-31": "1435.08900", "2017-12-31": "1267.12900", "2016-12-31": "1055.67000", "2015-12-31": "1063.27100", "2014-12-31": "769.45800", "2013-12-31": "624.27000", "2012-12-31": "514.83500", "2011-12-31": "677.94300", "2010-12-31": "574.96200", "2010-11-30": "536.28300", "2009-11-30": "602.48400", "2008-11-30": "392.25500", "2007-11-30": "281.40300", "2006-12-31": "80.37500", "2006-11-30": "462.20600", "2005-12-31": "462.20600", "2005-11-30": ""}, "Property, Plant, And Equipment": {"2020-12-31": "", "2019-12-31": "90.70800", "2018-12-31": "90.87700", "2017-12-31": "94.43700", "2016-12-31": "95.58500", "2015-12-31": "98.92600", "2014-12-31": "94.07400", "2013-12-31": "85.58800", "2012-12-31": "67.41900", "2011-12-31": "37.62300", "2010-12-31": "35.72300", "2010-11-30": "34.36800", "2009-11-30": "29.38100", "2008-11-30": "28.44700", "2007-11-30": "4.24600", "2006-12-31": "", "2006-11-30": "5.18600", "2005-12-31": "5.18600", "2005-11-30": ""}, "Long-Term Investments": {"2020-12-31": "", "2019-12-31": "", "2018-12-31": "", "2017-12-31": "", "2016-12-31": "", "2015-12-31": "", "2014-12-31": "", "2013-12-31": "", "2012-12-31": "", "2011-12-31": "", "2010-12-31": "", "2010-11-30": "", "2009-11-30": "", "2008-11-30": "", "2007-11-30": "3.00000", "2006-12-31": "", "2006-11-30": "3.00000", "2005-12-31": "", "2005-11-30": ""}, "Goodwill And Intangible Assets": {"2020-12-31": "", "2019-12-31": "1824.35500", "2018-12-31": "1826.56400", "2017-12-31": "1882.45700", "2016-12-31": "1903.49000", "2015-12-31": "1957.11100", "2014-12-31": "1998.53200", "2013-12-31": "2408.87100", "2012-12-31": "2424.48400", "2011-12-31": "2353.46600", "2010-12-31": "2417.35700", "2010-11-30": "2422.92100", "2009-11-30": "561.81200", "2008-11-30": "587.53000", "2007-11-30": "616.03000", "2006-12-31": "", "2006-11-30": "642.38300", "2005-12-31": "", "2005-11-30": ""}, "Other Long-Term Assets": {"2020-12-31": "", "2019-12-31": "20.28200", "2018-12-31": "20.51900", "2017-12-31": "19.63200", "2016-12-31": "18.30200", "2015-12-31": "18.49900", "2014-12-31": "16.52500", "2013-12-31": "17.38600", "2012-12-31": "12.90100", "2011-12-31": "23.96400", "2010-12-31": "29.43900", "2010-11-30": "29.59400", "2009-11-30": "6.59200", "2008-11-30": "6.81600", "2007-11-30": "", "2006-12-31": "", "2006-11-30": "", "2005-12-31": "", "2005-11-30": ""}, "Total Long-Term Assets": {"2020-12-31": "", "2019-12-31": "2122.66200", "2018-12-31": "1952.86300", "2017-12-31": "2008.53900", "2016-12-31": "2026.90800", "2015-12-31": "2083.71600", "2014-12-31": "2113.07500", "2013-12-31": "2511.84500", "2012-12-31": "2504.80400", "2011-12-31": "2415.05300", "2010-12-31": "2482.51900", "2010-11-30": "2486.88300", "2009-11-30": "597.78500", "2008-11-30": "622.79300", "2007-11-30": "623.27590", "2006-12-31": "", "2006-11-30": "650.56900", "2005-12-31": "5.18600", "2005-11-30": ""}, "Total Assets": {"2020-12-31": "0.00000", "2019-12-31": "4204.43900", "2018-12-31": "3387.95200", "2017-12-31": "3275.66800", "2016-12-31": "3082.57800", "2015-12-31": "3146.98700", "2014-12-31": "2882.53300", "2013-12-31": "3136.11500", "2012-12-31": "3019.63900", "2011-12-31": "3092.99600", "2010-12-31": "3057.48100", "2010-11-30": "3023.16600", "2009-11-30": "1200.26900", "2008-11-30": "1015.04800", "2007-11-30": "904.67900", "2006-12-31": "80.37500", "2006-11-30": "1112.77500", "2005-12-31": "1112.77500", "2005-11-30": "0.00000"}, "Total Current Liabilities": {"2020-12-31": "", "2019-12-31": "900.78600", "2018-12-31": "809.00800", "2017-12-31": "607.67100", "2016-12-31": "536.57000", "2015-12-31": "498.11600", "2014-12-31": "472.91200", "2013-12-31": "503.04100", "2012-12-31": "509.94500", "2011-12-31": "452.80500", "2010-12-31": "466.08400", "2010-11-30": "466.92400", "2009-11-30": "292.50000", "2008-11-30": "291.09400", "2007-11-30": "244.93100", "2006-12-31": "", "2006-11-30": "220.98200", "2005-12-31": "220.98200", "2005-11-30": ""}, "Long Term Debt": {"2020-12-31": "", "2019-12-31": "3071.92600", "2018-12-31": "2575.50200", "2017-12-31": "2078.09300", "2016-12-31": "2075.20100", "2015-12-31": "1579.40400", "2014-12-31": "788.35800", "2013-12-31": "788.01000", "2012-12-31": "811.62300", "2011-12-31": "1066.54800", "2010-12-31": "1207.96600", "2010-11-30": "1207.88100", "2009-11-30": "337.62200", "2008-11-30": "379.70900", "2007-11-30": "402.75000", "2006-12-31": "402.75000", "2006-11-30": "", "2005-12-31": "", "2005-11-30": ""}, "Other Non-Current Liabilities": {"2020-12-31": "", "2019-12-31": "77.65800", "2018-12-31": "87.92800", "2017-12-31": "110.86500", "2016-12-31": "59.13500", "2015-12-31": "57.04300", "2014-12-31": "50.59200", "2013-12-31": "46.06800", "2012-12-31": "38.59500", "2011-12-31": "27.75500", "2010-12-31": "27.11400", "2010-11-30": "27.30000", "2009-11-30": "23.01100", "2008-11-30": "8.49900", "2007-11-30": "", "2006-12-31": "", "2006-11-30": "", "2005-12-31": "", "2005-11-30": ""}, "Total Long Term Liabilities": {"2020-12-31": "", "2019-12-31": "3380.36700", "2018-12-31": "2745.43800", "2017-12-31": "2266.98500", "2016-12-31": "2228.40300", "2015-12-31": "1747.38400", "2014-12-31": "976.78800", "2013-12-31": "1068.72700", "2012-12-31": "1084.46300", "2011-12-31": "1334.75900", "2010-12-31": "1489.22700", "2010-11-30": "1476.12500", "2009-11-30": "400.71300", "2008-11-30": "437.57200", "2007-11-30": "459.72700", "2006-12-31": "402.75000", "2006-11-30": "66.08100", "2005-12-31": "", "2005-11-30": ""}, "Total Liabilities": {"2020-12-31": "", "2019-12-31": "4281.15300", "2018-12-31": "3554.44600", "2017-12-31": "2874.65600", "2016-12-31": "2764.97300", "2015-12-31": "2245.50000", "2014-12-31": "1449.70000", "2013-12-31": "1571.76800", "2012-12-31": "1594.40800", "2011-12-31": "1787.56400", "2010-12-31": "1955.31100", "2010-11-30": "1943.04900", "2009-11-30": "693.21300", "2008-11-30": "728.66600", "2007-11-30": "704.65800", "2006-12-31": "402.75000", "2006-11-30": "287.06300", "2005-12-31": "287.06300", "2005-11-30": ""}, "Common Stock Net": {"2020-12-31": "", "2019-12-31": "1.32400", "2018-12-31": "1.30000", "2017-12-31": "1.29500", "2016-12-31": "1.29000", "2015-12-31": "1.28200", "2014-12-31": "1.26600", "2013-12-31": "1.25600", "2012-12-31": "1.24000", "2011-12-31": "1.22700", "2010-12-31": "1.20700", "2010-11-30": "1.20500", "2009-11-30": "1.05400", "2008-11-30": "1.00100", "2007-11-30": "1.00000", "2006-12-31": "", "2006-11-30": "0.02900", "2005-12-31": "", "2005-11-30": ""}, "Retained Earnings (Accumulated Deficit)": {"2020-12-31": "", "2019-12-31": "2199.29400", "2018-12-31": "1856.95100", "2017-12-31": "1505.20400", "2016-12-31": "1322.22400", "2015-12-31": "1158.46200", "2014-12-31": "1022.69500", "2013-12-31": "758.97500", "2012-12-31": "547.69900", "2011-12-31": "363.46100", "2010-12-31": "190.00700", "2010-11-30": "176.18300", "2009-11-30": "84.01300", "2008-11-30": "2.21200", "2007-11-30": "-65.88400", "2006-12-31": "", "2006-11-30": "176.12100", "2005-12-31": "176.12100", "2005-11-30": ""}, "Comprehensive Income": {"2020-12-31": "", "2019-12-31": "-62.57900", "2018-12-31": "-58.39900", "2017-12-31": "-48.34700", "2016-12-31": "-60.73500", "2015-12-31": "-35.74500", "2014-12-31": "-24.97100", "2013-12-31": "-0.65000", "2012-12-31": "-2.79600", "2011-12-31": "-5.09400", "2010-12-31": "-0.84300", "2010-11-30": "-1.96600", "2009-11-30": "-7.59000", "2008-11-30": "-7.35400", "2007-11-30": "-0.19300", "2006-12-31": "", "2006-11-30": "-0.32200", "2005-12-31": "", "2005-11-30": ""}, "Other Share Holders Equity": {"2020-12-31": "", "2019-12-31": "", "2018-12-31": "", "2017-12-31": "", "2016-12-31": "", "2015-12-31": "", "2014-12-31": "", "2013-12-31": "", "2012-12-31": "", "2011-12-31": "", "2010-12-31": "", "2010-11-30": "", "2009-11-30": "", "2008-11-30": "", "2007-11-30": "", "2006-12-31": "", "2006-11-30": "", "2005-12-31": "", "2005-11-30": ""}, "Share Holder Equity": {"2020-12-31": "", "2019-12-31": "-76.71400", "2018-12-31": "-166.49400", "2017-12-31": "401.01200", "2016-12-31": "317.60500", "2015-12-31": "901.48700", "2014-12-31": "1432.83300", "2013-12-31": "1564.34700", "2012-12-31": "1425.23100", "2011-12-31": "1305.43200", "2010-12-31": "1102.17000", "2010-11-30": "1080.11700", "2009-11-30": "507.05600", "2008-11-30": "286.38200", "2007-11-30": "200.02100", "2006-12-31": "", "2006-11-30": "825.71200", "2005-12-31": "825.71200", "2005-11-30": ""}, "Total Liabilities And Share Holders Equity": {"2020-12-31": "", "2019-12-31": "4204.43900", "2018-12-31": "3387.95200", "2017-12-31": "3275.66800", "2016-12-31": "3082.57800", "2015-12-31": "3146.98700", "2014-12-31": "2882.53300", "2013-12-31": "3136.11500", "2012-12-31": "3019.63900", "2011-12-31": "3092.99600", "2010-12-31": "3057.48100", "2010-11-30": "3023.16600", "2009-11-30": "1200.26900", "2008-11-30": "1015.04800", "2007-11-30": "904.67900", "2006-12-31": "402.75000", "2006-11-30": "1112.77500", "2005-12-31": "1112.77500", "2005-11-30": ""}}, "balance sheet, quarterly": {"Cash On Hand": {"2020-12-31": "", "2020-09-30": "1302.85800", "2020-06-30": "1384.97700", "2020-03-31": "1066.85600", "2019-12-31": "1506.56700", "2019-09-30": "881.15000", "2019-06-30": "771.11700", "2019-03-31": "642.78100", "2018-12-31": "904.17600", "2018-09-30": "1398.39800", "2018-06-30": "1367.59600", "2018-03-31": "849.82800", "2017-12-31": "889.50200", "2017-09-30": "799.01500", "2017-06-30": "750.58100", "2017-03-31": "696.97200", "2016-12-31": "791.83400", "2016-09-30": "974.06200", "2016-06-30": "404.61400", "2016-03-31": "445.01400", "2015-12-31": "777.70600", "2015-09-30": "993.48800", "2015-06-30": "455.02100", "2015-03-31": "537.75100", "2014-12-31": "508.79900", "2014-09-30": "448.19300", "2014-06-30": "683.23900", "2014-03-31": "260.45000", "2013-12-31": "358.43400", "2013-09-30": "283.75000", "2013-06-30": "334.70100", "2013-03-31": "263.02900", "2012-12-31": "254.20700", "2012-09-30": "434.34300", "2012-06-30": "359.76700", "2012-03-31": "460.17900", "2011-12-31": "392.70100", "2011-09-30": "364.32900", "2011-06-30": "287.06200", "2011-03-31": "177.80100", "2010-12-31": "342.24000", "2010-11-30": "300.46600", "2010-08-31": "240.32800", "2010-05-31": "213.54700", "2010-02-28": "442.49400", "2009-11-30": "471.32800", "2009-08-31": "361.76200", "2009-05-31": "317.64700", "2009-02-28": "276.88100", "2008-11-30": "268.07700", "2008-08-31": "246.45200", "2008-05-31": "32.29400", "2008-02-29": "21.92900", "2007-12-31": "171.44000", "2007-11-30": "33.81800", "2007-08-31": "", "2007-05-31": "", "2007-02-28": ""}, "Receivables": {"2020-12-31": "", "2020-09-30": "429.80400", "2020-06-30": "466.09600", "2020-03-31": "481.99000", "2019-12-31": "499.26800", "2019-09-30": "409.51900", "2019-06-30": "438.31300", "2019-03-31": "427.09900", "2018-12-31": "473.43300", "2018-09-30": "378.70500", "2018-06-30": "394.88600", "2018-03-31": "462.57700", "2017-12-31": "327.59700", "2017-09-30": "309.19600", "2017-06-30": "289.22700", "2017-03-31": "262.28900", "2016-12-31": "221.50400", "2016-09-30": "235.80300", "2016-06-30": "247.49700", "2016-03-31": "260.16800", "2015-12-31": "208.23900", "2015-09-30": "208.23900", "2015-06-30": "214.48700", "2015-03-31": "184.82700", "2014-12-31": "178.71700", "2014-09-30": "191.80600", "2014-06-30": "213.43200", "2014-03-31": "191.90500", "2013-12-31": "169.49000", "2013-09-30": "179.92000", "2013-06-30": "160.10100", "2013-03-31": "166.91500", "2012-12-31": "153.55700", "2012-09-30": "124.30900", "2012-06-30": "136.07400", "2012-03-31": "172.18100", "2011-12-31": "180.56600", "2011-09-30": "166.94800", "2011-06-30": "177.18900", "2011-03-31": "185.71400", "2010-12-31": "137.98800", "2010-11-30": "147.66200", "2010-08-31": "114.52700", "2010-05-31": "92.53000", "2010-02-28": "113.90100", "2009-11-30": "77.18000", "2009-08-31": "76.51100", "2009-05-31": "95.37400", "2009-02-28": "103.86100", "2008-11-30": "87.48800", "2008-08-31": "90.80200", "2008-05-31": "108.16900", "2008-02-29": "129.42600", "2007-12-31": "77.74000", "2007-11-30": "80.37500", "2007-08-31": "", "2007-05-31": "", "2007-02-28": ""}, "Inventory": {"2020-12-31": "", "2020-09-30": "", "2020-06-30": "", "2020-03-31": "", "2019-12-31": "", "2019-09-30": "", "2019-06-30": "", "2019-03-31": "", "2018-12-31": "", "2018-09-30": "", "2018-06-30": "", "2018-03-31": "", "2017-12-31": "", "2017-09-30": "", "2017-06-30": "", "2017-03-31": "", "2016-12-31": "", "2016-09-30": "", "2016-06-30": "", "2016-03-31": "", "2015-12-31": "", "2015-09-30": "", "2015-06-30": "", "2015-03-31": "", "2014-12-31": "", "2014-09-30": "", "2014-06-30": "", "2014-03-31": "", "2013-12-31": "", "2013-09-30": "", "2013-06-30": "", "2013-03-31": "", "2012-12-31": "", "2012-09-30": "", "2012-06-30": "", "2012-03-31": "", "2011-12-31": "", "2011-09-30": "", "2011-06-30": "", "2011-03-31": "", "2010-12-31": "", "2010-11-30": "", "2010-08-31": "", "2010-05-31": "", "2010-02-28": "", "2009-11-30": "", "2009-08-31": "", "2009-05-31": "", "2009-02-28": "", "2008-11-30": "", "2008-08-31": "", "2008-05-31": "", "2008-02-29": "", "2007-12-31": "", "2007-11-30": "", "2007-08-31": "", "2007-05-31": "", "2007-02-28": ""}, "Pre-Paid Expenses": {"2020-12-31": "", "2020-09-30": "110.43000", "2020-06-30": "58.79800", "2020-03-31": "70.92700", "2019-12-31": "75.94200", "2019-09-30": "95.41900", "2019-06-30": "113.65200", "2019-03-31": "108.04600", "2018-12-31": "57.48000", "2018-09-30": "61.24800", "2018-06-30": "57.00900", "2018-03-31": "35.95200", "2017-12-31": "50.03000", "2017-09-30": "44.87000", "2017-06-30": "43.63000", "2017-03-31": "29.39000", "2016-12-31": "42.33200", "2016-09-30": "52.49800", "2016-06-30": "84.94600", "2016-03-31": "58.62900", "2015-12-31": "77.32600", "2015-09-30": "70.53200", "2015-06-30": "90.54800", "2015-03-31": "48.26200", "2014-12-31": "59.73300", "2014-09-30": "66.46600", "2014-06-30": "64.19900", "2014-03-31": "44.90100", "2013-12-31": "43.45800", "2013-09-30": "76.03900", "2013-06-30": "69.36800", "2013-03-31": "39.64600", "2012-12-31": "57.51900", "2012-09-30": "62.77000", "2012-06-30": "61.64800", "2012-03-31": "40.73300", "2011-12-31": "63.72400", "2011-09-30": "46.14700", "2011-06-30": "56.93300", "2011-03-31": "47.94200", "2010-12-31": "37.20900", "2010-11-30": "40.34400", "2010-08-31": "61.32900", "2010-05-31": "32.97500", "2010-02-28": "21.57600", "2009-11-30": "29.39900", "2009-08-31": "13.20300", "2009-05-31": "12.97300", "2009-02-28": "11.20500", "2008-11-30": "18.10000", "2008-08-31": "9.45900", "2008-05-31": "16.61300", "2008-02-29": "12.35300", "2007-12-31": "", "2007-11-30": "12.16000", "2007-08-31": "", "2007-05-31": "", "2007-02-28": ""}, "Other Current Assets": {"2020-12-31": "", "2020-09-30": "", "2020-06-30": "", "2020-03-31": "", "2019-12-31": "", "2019-09-30": "", "2019-06-30": "", "2019-03-31": "", "2018-12-31": "", "2018-09-30": "18.99500", "2018-06-30": "", "2018-03-31": "", "2017-12-31": "", "2017-09-30": "", "2017-06-30": "", "2017-03-31": "", "2016-12-31": "", "2016-09-30": "", "2016-06-30": "", "2016-03-31": "", "2015-12-31": "", "2015-09-30": "", "2015-06-30": "", "2015-03-31": "", "2014-12-31": "", "2014-09-30": "", "2014-06-30": "", "2014-03-31": "415.67300", "2013-12-31": "", "2013-09-30": "", "2013-06-30": "", "2013-03-31": "", "2012-12-31": "", "2012-09-30": "", "2012-06-30": "", "2012-03-31": "", "2011-12-31": "", "2011-09-30": "", "2011-06-30": "", "2011-03-31": "", "2010-12-31": "", "2010-11-30": "", "2010-08-31": "", "2010-05-31": "", "2010-02-28": "", "2009-11-30": "", "2009-08-31": "", "2009-05-31": "", "2009-02-28": "", "2008-11-30": "", "2008-08-31": "", "2008-05-31": "203.31500", "2008-02-29": "164.09900", "2007-12-31": "32.21000", "2007-11-30": "137.62500", "2007-08-31": "", "2007-05-31": "", "2007-02-28": ""}, "Total Current Assets": {"2020-12-31": "", "2020-09-30": "1843.09200", "2020-06-30": "1909.87100", "2020-03-31": "1619.77300", "2019-12-31": "2081.77700", "2019-09-30": "1386.08800", "2019-06-30": "1323.08200", "2019-03-31": "1177.92600", "2018-12-31": "1435.08900", "2018-09-30": "1857.34600", "2018-06-30": "1819.49100", "2018-03-31": "1348.35700", "2017-12-31": "1267.12900", "2017-09-30": "1153.08100", "2017-06-30": "1083.43800", "2017-03-31": "988.65100", "2016-12-31": "1055.67000", "2016-09-30": "1262.36300", "2016-06-30": "737.05700", "2016-03-31": "763.81100", "2015-12-31": "1063.27100", "2015-09-30": "1286.35700", "2015-06-30": "776.77600", "2015-03-31": "788.63200", "2014-12-31": "769.45800", "2014-09-30": "758.58900", "2014-06-30": "1006.89300", "2014-03-31": "988.86000", "2013-12-31": "624.27000", "2013-09-30": "590.09500", "2013-06-30": "617.51600", "2013-03-31": "523.33300", "2012-12-31": "514.83500", "2012-09-30": "670.78100", "2012-06-30": "605.10100", "2012-03-31": "713.13200", "2011-12-31": "677.94300", "2011-09-30": "632.43600", "2011-06-30": "561.32000", "2011-03-31": "448.96600", "2010-12-31": "574.96200", "2010-11-30": "536.28300", "2010-08-31": "445.72700", "2010-05-31": "362.38600", "2010-02-28": "601.84800", "2009-11-30": "602.48400", "2009-08-31": "479.90100", "2009-05-31": "452.86300", "2009-02-28": "412.75000", "2008-11-30": "392.25500", "2008-08-31": "366.68400", "2008-05-31": "382.63000", "2008-02-29": "345.63800", "2007-12-31": "281.40000", "2007-11-30": "281.40300", "2007-08-31": "", "2007-05-31": "", "2007-02-28": ""}, "Property, Plant, And Equipment": {"2020-12-31": "", "2020-09-30": "78.96500", "2020-06-30": "83.26400", "2020-03-31": "86.27800", "2019-12-31": "90.70800", "2019-09-30": "86.41500", "2019-06-30": "85.87500", "2019-03-31": "86.08700", "2018-12-31": "90.87700", "2018-09-30": "82.74500", "2018-06-30": "81.00000", "2018-03-31": "86.31000", "2017-12-31": "94.43700", "2017-09-30": "85.68000", "2017-06-30": "88.82500", "2017-03-31": "93.15600", "2016-12-31": "95.58500", "2016-09-30": "99.25900", "2016-06-30": "97.80800", "2016-03-31": "96.00700", "2015-12-31": "98.92600", "2015-09-30": "94.96400", "2015-06-30": "93.29300", "2015-03-31": "97.49800", "2014-12-31": "94.07400", "2014-09-30": "93.78700", "2014-06-30": "94.80300", "2014-03-31": "79.75800", "2013-12-31": "85.58800", "2013-09-30": "73.80900", "2013-06-30": "65.98200", "2013-03-31": "64.60800", "2012-12-31": "67.41900", "2012-09-30": "64.01200", "2012-06-30": "54.79300", "2012-03-31": "39.71000", "2011-12-31": "37.62300", "2011-09-30": "36.91100", "2011-06-30": "36.07500", "2011-03-31": "33.06500", "2010-12-31": "35.72300", "2010-11-30": "34.36800", "2010-08-31": "35.61200", "2010-05-31": "25.38700", "2010-02-28": "27.25600", "2009-11-30": "29.38100", "2009-08-31": "27.90000", "2009-05-31": "29.85300", "2009-02-28": "29.76600", "2008-11-30": "28.44700", "2008-08-31": "21.97700", "2008-05-31": "15.36700", "2008-02-29": "4.72300", "2007-12-31": "17.65000", "2007-11-30": "4.24600", "2007-08-31": "", "2007-05-31": "", "2007-02-28": ""}, "Long-Term Investments": {"2020-12-31": "", "2020-09-30": "190.20600", "2020-06-30": "190.85600", "2020-03-31": "190.82200", "2019-12-31": "", "2019-09-30": "", "2019-06-30": "", "2019-03-31": "", "2018-12-31": "", "2018-09-30": "", "2018-06-30": "", "2018-03-31": "", "2017-12-31": "", "2017-09-30": "", "2017-06-30": "", "2017-03-31": "", "2016-12-31": "", "2016-09-30": "", "2016-06-30": "", "2016-03-31": "", "2015-12-31": "", "2015-09-30": "", "2015-06-30": "", "2015-03-31": "", "2014-12-31": "", "2014-09-30": "", "2014-06-30": "", "2014-03-31": "", "2013-12-31": "", "2013-09-30": "", "2013-06-30": "", "2013-03-31": "", "2012-12-31": "", "2012-09-30": "", "2012-06-30": "", "2012-03-31": "", "2011-12-31": "", "2011-09-30": "", "2011-06-30": "", "2011-03-31": "", "2010-12-31": "", "2010-11-30": "", "2010-08-31": "", "2010-05-31": "", "2010-02-28": "", "2009-11-30": "", "2009-08-31": "", "2009-05-31": "", "2009-02-28": "", "2008-11-30": "", "2008-08-31": "3.00000", "2008-05-31": "3.00000", "2008-02-29": "3.00000", "2007-12-31": "3.00000", "2007-11-30": "3.00000", "2007-08-31": "", "2007-05-31": "", "2007-02-28": ""}, "Goodwill And Intangible Assets": {"2020-12-31": "", "2020-09-30": "1803.23500", "2020-06-30": "1806.43300", "2020-03-31": "1812.82300", "2019-12-31": "1824.35500", "2019-09-30": "1806.02000", "2019-06-30": "1813.81500", "2019-03-31": "1821.53700", "2018-12-31": "1826.56400", "2018-09-30": "1834.44700", "2018-06-30": "1855.31900", "2018-03-31": "1878.91900", "2017-12-31": "1882.45700", "2017-09-30": "1888.49500", "2017-06-30": "1891.05300", "2017-03-31": "1895.56000", "2016-12-31": "1903.49000", "2016-09-30": "1916.86200", "2016-06-30": "1928.79800", "2016-03-31": "1945.04600", "2015-12-31": "1957.11100", "2015-09-30": "1963.03000", "2015-06-30": "1975.65200", "2015-03-31": "1979.46200", "2014-12-31": "1998.53200", "2014-09-30": "2012.47700", "2014-06-30": "2015.64500", "2014-03-31": "2009.52100", "2013-12-31": "2408.87100", "2013-09-30": "2404.98900", "2013-06-30": "2409.13500", "2013-03-31": "2430.83800", "2012-12-31": "2424.48400", "2012-09-30": "2305.58900", "2012-06-30": "2321.54800", "2012-03-31": "2337.50700", "2011-12-31": "2353.46600", "2011-09-30": "2369.73400", "2011-06-30": "2386.15600", "2011-03-31": "2400.66500", "2010-12-31": "2417.35700", "2010-11-30": "2422.92100", "2010-08-31": "2436.42000", "2010-05-31": "553.25700", "2010-02-28": "557.53400", "2009-11-30": "561.81200", "2009-08-31": "568.08100", "2009-05-31": "574.51000", "2009-02-28": "581.10000", "2008-11-30": "587.53000", "2008-08-31": "594.65500", "2008-05-31": "601.78000", "2008-02-29": "608.90500", "2007-12-31": "616.03000", "2007-11-30": "616.03000", "2007-08-31": "", "2007-05-31": "", "2007-02-28": ""}, "Other Long-Term Assets": {"2020-12-31": "", "2020-09-30": "18.72100", "2020-06-30": "17.92200", "2020-03-31": "18.46100", "2019-12-31": "20.28200", "2019-09-30": "19.69300", "2019-06-30": "18.50700", "2019-03-31": "19.23100", "2018-12-31": "20.51900", "2018-09-30": "20.00700", "2018-06-30": "18.32700", "2018-03-31": "19.03200", "2017-12-31": "19.63200", "2017-09-30": "16.12500", "2017-06-30": "16.78900", "2017-03-31": "18.08400", "2016-12-31": "18.30200", "2016-09-30": "18.80700", "2016-06-30": "18.08100", "2016-03-31": "18.26300", "2015-12-31": "18.49900", "2015-09-30": "22.44000", "2015-06-30": "29.90700", "2015-03-31": "30.93500", "2014-12-31": "16.52500", "2014-09-30": "15.42600", "2014-06-30": "15.89400", "2014-03-31": "15.67900", "2013-12-31": "17.38600", "2013-09-30": "12.69600", "2013-06-30": "12.46500", "2013-03-31": "13.08100", "2012-12-31": "12.90100", "2012-09-30": "12.80900", "2012-06-30": "13.44800", "2012-03-31": "22.69800", "2011-12-31": "23.96400", "2011-09-30": "25.13300", "2011-06-30": "26.03600", "2011-03-31": "27.78800", "2010-12-31": "29.43900", "2010-11-30": "29.59400", "2010-08-31": "30.69600", "2010-05-31": "6.90100", "2010-02-28": "9.23600", "2009-11-30": "6.59200", "2009-08-31": "6.68300", "2009-05-31": "6.63500", "2009-02-28": "6.44200", "2008-11-30": "6.81600", "2008-08-31": "7.14300", "2008-05-31": "", "2008-02-29": "", "2007-12-31": "", "2007-11-30": "", "2007-08-31": "", "2007-05-31": "", "2007-02-28": ""}, "Total Long-Term Assets": {"2020-12-31": "", "2020-09-30": "2268.62700", "2020-06-30": "2277.54700", "2020-03-31": "2292.02600", "2019-12-31": "2122.66200", "2019-09-30": "2093.65400", "2019-06-30": "2102.00800", "2019-03-31": "2117.63900", "2018-12-31": "1952.86300", "2018-09-30": "1949.05900", "2018-06-30": "1966.31200", "2018-03-31": "1996.13700", "2017-12-31": "2008.53900", "2017-09-30": "2001.39100", "2017-06-30": "2006.65900", "2017-03-31": "2016.48700", "2016-12-31": "2026.90800", "2016-09-30": "2044.72100", "2016-06-30": "2053.92900", "2016-03-31": "2067.82300", "2015-12-31": "2083.71600", "2015-09-30": "2080.43400", "2015-06-30": "2098.85200", "2015-03-31": "2107.89500", "2014-12-31": "2113.07500", "2014-09-30": "2121.69000", "2014-06-30": "2126.34200", "2014-03-31": "2104.95800", "2013-12-31": "2511.84500", "2013-09-30": "2491.49400", "2013-06-30": "2487.58200", "2013-03-31": "2508.52700", "2012-12-31": "2504.80400", "2012-09-30": "2382.41000", "2012-06-30": "2389.78900", "2012-03-31": "2399.91500", "2011-12-31": "2415.05300", "2011-09-30": "2431.77800", "2011-06-30": "2448.26700", "2011-03-31": "2461.51800", "2010-12-31": "2482.51900", "2010-11-30": "2486.88300", "2010-08-31": "2502.72800", "2010-05-31": "585.54500", "2010-02-28": "594.02600", "2009-11-30": "597.78500", "2009-08-31": "602.66400", "2009-05-31": "610.99800", "2009-02-28": "617.30800", "2008-11-30": "622.79300", "2008-08-31": "626.77500", "2008-05-31": "620.14700", "2008-02-29": "616.62800", "2007-12-31": "636.68010", "2007-11-30": "623.27590", "2007-08-31": "", "2007-05-31": "", "2007-02-28": ""}, "Total Assets": {"2020-12-31": "0.00000", "2020-09-30": "4111.71900", "2020-06-30": "4187.41800", "2020-03-31": "3911.79900", "2019-12-31": "4204.43900", "2019-09-30": "3479.74200", "2019-06-30": "3425.09000", "2019-03-31": "3295.56500", "2018-12-31": "3387.95200", "2018-09-30": "3806.40500", "2018-06-30": "3785.80300", "2018-03-31": "3344.49400", "2017-12-31": "3275.66800", "2017-09-30": "3154.47200", "2017-06-30": "3090.09700", "2017-03-31": "3005.13800", "2016-12-31": "3082.57800", "2016-09-30": "3307.08400", "2016-06-30": "2790.98600", "2016-03-31": "2831.63400", "2015-12-31": "3146.98700", "2015-09-30": "3366.79100", "2015-06-30": "2875.62800", "2015-03-31": "2896.52700", "2014-12-31": "2882.53300", "2014-09-30": "2880.27900", "2014-06-30": "3133.23500", "2014-03-31": "3093.81800", "2013-12-31": "3136.11500", "2013-09-30": "3081.58900", "2013-06-30": "3105.09800", "2013-03-31": "3031.86000", "2012-12-31": "3019.63900", "2012-09-30": "3053.19100", "2012-06-30": "2994.89000", "2012-03-31": "3113.04700", "2011-12-31": "3092.99600", "2011-09-30": "3064.21400", "2011-06-30": "3009.58700", "2011-03-31": "2910.48400", "2010-12-31": "3057.48100", "2010-11-30": "3023.16600", "2010-08-31": "2948.45500", "2010-05-31": "947.93100", "2010-02-28": "1195.87400", "2009-11-30": "1200.26900", "2009-08-31": "1082.56500", "2009-05-31": "1063.86100", "2009-02-28": "1030.05800", "2008-11-30": "1015.04800", "2008-08-31": "993.45900", "2008-05-31": "1002.77700", "2008-02-29": "962.26600", "2007-12-31": "904.67000", "2007-11-30": "904.67900", "2007-08-31": "0.00000", "2007-05-31": "0.00000", "2007-02-28": "0.00000"}, "Total Current Liabilities": {"2020-12-31": "", "2020-09-30": "834.85400", "2020-06-30": "845.00300", "2020-03-31": "798.27900", "2019-12-31": "900.78600", "2019-09-30": "744.52100", "2019-06-30": "766.95700", "2019-03-31": "720.79900", "2018-12-31": "809.00800", "2018-09-30": "675.05000", "2018-06-30": "685.68200", "2018-03-31": "655.88100", "2017-12-31": "607.67100", "2017-09-30": "563.51700", "2017-06-30": "552.39700", "2017-03-31": "496.34800", "2016-12-31": "536.57000", "2016-09-30": "516.77700", "2016-06-30": "509.70400", "2016-03-31": "468.46800", "2015-12-31": "498.11600", "2015-09-30": "490.96400", "2015-06-30": "458.63200", "2015-03-31": "451.76000", "2014-12-31": "472.91200", "2014-09-30": "498.63900", "2014-06-30": "475.49100", "2014-03-31": "546.65100", "2013-12-31": "503.04100", "2013-09-30": "531.95300", "2013-06-30": "496.46600", "2013-03-31": "482.85100", "2012-12-31": "509.94500", "2012-09-30": "493.50500", "2012-06-30": "483.83000", "2012-03-31": "421.19100", "2011-12-31": "452.80500", "2011-09-30": "433.89400", "2011-06-30": "423.56600", "2011-03-31": "378.01700", "2010-12-31": "466.08400", "2010-11-30": "466.92400", "2010-08-31": "409.32400", "2010-05-31": "249.17400", "2010-02-28": "262.41000", "2009-11-30": "292.50000", "2009-08-31": "311.92300", "2009-05-31": "308.52300", "2009-02-28": "291.50900", "2008-11-30": "291.09400", "2008-08-31": "282.71900", "2008-05-31": "305.40800", "2008-02-29": "288.42300", "2007-12-31": "244.93000", "2007-11-30": "244.93100", "2007-08-31": "", "2007-05-31": "", "2007-02-28": ""}, "Long Term Debt": {"2020-12-31": "", "2020-09-30": "3365.78300", "2020-06-30": "3364.78900", "2020-03-31": "3170.06100", "2019-12-31": "3071.92600", "2019-09-30": "2578.15900", "2019-06-30": "2577.27300", "2019-03-31": "2576.38800", "2018-12-31": "2575.50200", "2018-09-30": "2574.61600", "2018-06-30": "2573.73000", "2018-03-31": "2078.81600", "2017-12-31": "2078.09300", "2017-09-30": "2077.37000", "2017-06-30": "2076.64700", "2017-03-31": "2075.92400", "2016-12-31": "2075.20100", "2016-09-30": "2074.47800", "2016-06-30": "1580.51500", "2016-03-31": "1579.96000", "2015-12-31": "1579.40400", "2015-09-30": "1578.84900", "2015-06-30": "800.00000", "2015-03-31": "800.00000", "2014-12-31": "788.35800", "2014-09-30": "773.17300", "2014-06-30": "778.11900", "2014-03-31": "783.06500", "2013-12-31": "788.01000", "2013-09-30": "753.28500", "2013-06-30": "775.07200", "2013-03-31": "785.85600", "2012-12-31": "811.62300", "2012-09-30": "822.40100", "2012-06-30": "833.17500", "2012-03-31": "1063.96200", "2011-12-31": "1066.54800", "2011-09-30": "1104.11600", "2011-06-30": "1106.70000", "2011-03-31": "1109.28400", "2010-12-31": "1207.96600", "2010-11-30": "1207.88100", "2010-08-31": "1254.04800", "2010-05-31": "62.32500", "2010-02-28": "327.09900", "2009-11-30": "337.62200", "2009-08-31": "348.14400", "2009-05-31": "358.66500", "2009-02-28": "369.18800", "2008-11-30": "379.70900", "2008-08-31": "385.06700", "2008-05-31": "391.62500", "2008-02-29": "397.20200", "2007-12-31": "402.75000", "2007-11-30": "402.75000", "2007-08-31": "", "2007-05-31": "", "2007-02-28": ""}, "Other Non-Current Liabilities": {"2020-12-31": "", "2020-09-30": "81.01100", "2020-06-30": "77.31400", "2020-03-31": "77.84700", "2019-12-31": "77.65800", "2019-09-30": "68.39100", "2019-06-30": "68.43400", "2019-03-31": "66.80100", "2018-12-31": "87.92800", "2018-09-30": "107.66900", "2018-06-30": "106.42000", "2018-03-31": "111.65500", "2017-12-31": "110.86500", "2017-09-30": "68.83900", "2017-06-30": "66.43100", "2017-03-31": "62.18300", "2016-12-31": "59.13500", "2016-09-30": "61.81100", "2016-06-30": "60.60800", "2016-03-31": "61.55000", "2015-12-31": "57.04300", "2015-09-30": "54.86200", "2015-06-30": "54.91600", "2015-03-31": "52.27400", "2014-12-31": "50.59200", "2014-09-30": "40.25200", "2014-06-30": "40.70600", "2014-03-31": "41.23000", "2013-12-31": "46.06800", "2013-09-30": "44.32700", "2013-06-30": "42.66600", "2013-03-31": "39.91500", "2012-12-31": "38.59500", "2012-09-30": "42.42600", "2012-06-30": "37.99700", "2012-03-31": "27.86100", "2011-12-31": "27.75500", "2011-09-30": "27.88400", "2011-06-30": "28.73800", "2011-03-31": "26.26300", "2010-12-31": "27.11400", "2010-11-30": "27.30000", "2010-08-31": "27.14700", "2010-05-31": "23.28600", "2010-02-28": "22.26100", "2009-11-30": "23.01100", "2009-08-31": "10.39500", "2009-05-31": "10.40200", "2009-02-28": "9.28800", "2008-11-30": "8.49900", "2008-08-31": "", "2008-05-31": "", "2008-02-29": "", "2007-12-31": "", "2007-11-30": "", "2007-08-31": "", "2007-05-31": "", "2007-02-28": ""}, "Total Long Term Liabilities": {"2020-12-31": "", "2020-09-30": "3663.45100", "2020-06-30": "3653.34700", "2020-03-31": "3467.85100", "2019-12-31": "3380.36700", "2019-09-30": "2883.07700", "2019-06-30": "2889.93500", "2019-03-31": "2891.27400", "2018-12-31": "2745.43800", "2018-09-30": "2752.91400", "2018-06-30": "2753.69900", "2018-03-31": "2267.23900", "2017-12-31": "2266.98500", "2017-09-30": "2230.64100", "2017-06-30": "2230.50000", "2017-03-31": "2229.95200", "2016-12-31": "2228.40300", "2016-09-30": "2238.78800", "2016-06-30": "1746.12900", "2016-03-31": "1747.51000", "2015-12-31": "1747.38400", "2015-09-30": "1756.72200", "2015-06-30": "983.28200", "2015-03-31": "989.06700", "2014-12-31": "976.78800", "2014-09-30": "985.10600", "2014-06-30": "991.06600", "2014-03-31": "983.43600", "2013-12-31": "1068.72700", "2013-09-30": "1027.48900", "2013-06-30": "1052.80400", "2013-03-31": "1060.27100", "2012-12-31": "1084.46300", "2012-09-30": "1091.62300", "2012-06-30": "1101.40400", "2012-03-31": "1327.25200", "2011-12-31": "1334.75900", "2011-09-30": "1368.37200", "2011-06-30": "1376.97600", "2011-03-31": "1382.44400", "2010-12-31": "1489.22700", "2010-11-30": "1476.12500", "2010-08-31": "1504.93100", "2010-05-31": "122.32300", "2010-02-28": "387.80300", "2009-11-30": "400.71300", "2009-08-31": "401.56200", "2009-05-31": "414.90100", "2009-02-28": "425.37100", "2008-11-30": "437.57200", "2008-08-31": "437.38300", "2008-05-31": "446.50800", "2008-02-29": "451.67400", "2007-12-31": "459.72000", "2007-11-30": "459.72700", "2007-08-31": "", "2007-05-31": "", "2007-02-28": ""}, "Total Liabilities": {"2020-12-31": "", "2020-09-30": "4498.30500", "2020-06-30": "4498.35000", "2020-03-31": "4266.13000", "2019-12-31": "4281.15300", "2019-09-30": "3627.59800", "2019-06-30": "3656.89200", "2019-03-31": "3612.07300", "2018-12-31": "3554.44600", "2018-09-30": "3427.96400", "2018-06-30": "3439.38100", "2018-03-31": "2923.12000", "2017-12-31": "2874.65600", "2017-09-30": "2794.15800", "2017-06-30": "2782.89700", "2017-03-31": "2726.30000", "2016-12-31": "2764.97300", "2016-09-30": "2755.56500", "2016-06-30": "2255.83300", "2016-03-31": "2215.97800", "2015-12-31": "2245.50000", "2015-09-30": "2247.68600", "2015-06-30": "1441.91400", "2015-03-31": "1440.82700", "2014-12-31": "1449.70000", "2014-09-30": "1483.74500", "2014-06-30": "1466.55700", "2014-03-31": "1530.08700", "2013-12-31": "1571.76800", "2013-09-30": "1559.44200", "2013-06-30": "1549.27000", "2013-03-31": "1543.12200", "2012-12-31": "1594.40800", "2012-09-30": "1585.12800", "2012-06-30": "1585.23400", "2012-03-31": "1748.44300", "2011-12-31": "1787.56400", "2011-09-30": "1802.26600", "2011-06-30": "1800.54200", "2011-03-31": "1760.46100", "2010-12-31": "1955.31100", "2010-11-30": "1943.04900", "2010-08-31": "1914.25500", "2010-05-31": "371.49700", "2010-02-28": "650.21300", "2009-11-30": "693.21300", "2009-08-31": "713.48500", "2009-05-31": "723.42400", "2009-02-28": "716.88000", "2008-11-30": "728.66600", "2008-08-31": "720.10200", "2008-05-31": "751.91600", "2008-02-29": "740.09700", "2007-12-31": "704.65000", "2007-11-30": "704.65800", "2007-08-31": "", "2007-05-31": "", "2007-02-28": ""}, "Common Stock Net": {"2020-12-31": "", "2020-09-30": "1.32800", "2020-06-30": "1.32800", "2020-03-31": "1.32800", "2019-12-31": "1.32400", "2019-09-30": "1.32300", "2019-06-30": "1.32300", "2019-03-31": "1.32300", "2018-12-31": "1.30000", "2018-09-30": "1.30000", "2018-06-30": "1.30000", "2018-03-31": "1.30000", "2017-12-31": "1.29500", "2017-09-30": "1.29500", "2017-06-30": "1.29500", "2017-03-31": "1.29400", "2016-12-31": "1.29000", "2016-09-30": "1.29000", "2016-06-30": "1.28900", "2016-03-31": "1.28800", "2015-12-31": "1.28200", "2015-09-30": "1.28100", "2015-06-30": "1.28000", "2015-03-31": "1.27200", "2014-12-31": "1.26600", "2014-09-30": "1.26600", "2014-06-30": "1.26400", "2014-03-31": "1.26100", "2013-12-31": "1.25600", "2013-09-30": "1.25300", "2013-06-30": "1.25100", "2013-03-31": "1.24900", "2012-12-31": "1.24000", "2012-09-30": "1.23600", "2012-06-30": "1.23300", "2012-03-31": "1.23100", "2011-12-31": "1.22700", "2011-09-30": "1.21700", "2011-06-30": "1.21600", "2011-03-31": "1.21200", "2010-12-31": "1.20700", "2010-11-30": "1.20500", "2010-08-31": "1.19300", "2010-05-31": "1.05700", "2010-02-28": "1.05700", "2009-11-30": "1.05400", "2009-08-31": "1.00200", "2009-05-31": "1.00200", "2009-02-28": "1.00100", "2008-11-30": "1.00100", "2008-08-31": "1.00100", "2008-05-31": "1.00100", "2008-02-29": "1.00000", "2007-12-31": "1.00000", "2007-11-30": "1.00000", "2007-08-31": "", "2007-05-31": "", "2007-02-28": ""}, "Retained Earnings (Accumulated Deficit)": {"2020-12-31": "", "2020-09-30": "2463.10800", "2020-06-30": "2346.58000", "2020-03-31": "2288.81700", "2019-12-31": "2199.29400", "2019-09-30": "2134.68800", "2019-06-30": "2055.88100", "2019-03-31": "1979.80400", "2018-12-31": "1856.95100", "2018-09-30": "1755.72700", "2018-06-30": "1684.15800", "2018-03-31": "1601.58300", "2017-12-31": "1505.20400", "2017-09-30": "1475.34700", "2017-06-30": "1424.96200", "2017-03-31": "1369.40600", "2016-12-31": "1322.22400", "2016-09-30": "1280.49700", "2016-06-30": "1242.15100", "2016-03-31": "1196.78300", "2015-12-31": "1158.46200", "2015-09-30": "1121.85800", "2015-06-30": "1081.67100", "2015-03-31": "1046.09800", "2014-12-31": "1022.69500", "2014-09-30": "978.35800", "2014-06-30": "947.03400", "2014-03-31": "850.65500", "2013-12-31": "758.97500", "2013-09-30": "722.99900", "2013-06-30": "667.68900", "2013-03-31": "606.63600", "2012-12-31": "547.69900", "2012-09-30": "493.24700", "2012-06-30": "444.97300", "2012-03-31": "407.42700", "2011-12-31": "363.46100", "2011-09-30": "318.97500", "2011-06-30": "269.18800", "2011-03-31": "223.52800", "2010-12-31": "190.00700", "2010-11-30": "176.18300", "2010-08-31": "145.91700", "2010-05-31": "135.59800", "2010-02-28": "111.53100", "2009-11-30": "84.01300", "2009-08-31": "59.47800", "2009-05-31": "38.55400", "2009-02-28": "18.93600", "2008-11-30": "2.21200", "2008-08-31": "-10.61300", "2008-05-31": "-29.49100", "2008-02-29": "-48.12200", "2007-12-31": "-65.88000", "2007-11-30": "-65.88400", "2007-08-31": "", "2007-05-31": "", "2007-02-28": ""}, "Comprehensive Income": {"2020-12-31": "", "2020-09-30": "-65.29600", "2020-06-30": "-71.06800", "2020-03-31": "-72.20400", "2019-12-31": "-62.57900", "2019-09-30": "-62.09800", "2019-06-30": "-57.75900", "2019-03-31": "-57.20200", "2018-12-31": "-58.39900", "2018-09-30": "-58.20900", "2018-06-30": "-54.88300", "2018-03-31": "-44.33500", "2017-12-31": "-48.34700", "2017-09-30": "-50.08200", "2017-06-30": "-53.36500", "2017-03-31": "-57.85600", "2016-12-31": "-60.73500", "2016-09-30": "-50.90200", "2016-06-30": "-48.15700", "2016-03-31": "-35.73800", "2015-12-31": "-35.74500", "2015-09-30": "-31.31500", "2015-06-30": "-24.86000", "2015-03-31": "-31.57000", "2014-12-31": "-24.97100", "2014-09-30": "-12.27600", "2014-06-30": "-1.54300", "2014-03-31": "-0.02100", "2013-12-31": "-0.65000", "2013-09-30": "-2.70100", "2013-06-30": "-6.77500", "2013-03-31": "-5.72300", "2012-12-31": "-2.79600", "2012-09-30": "-2.35700", "2012-06-30": "-4.17600", "2012-03-31": "-2.95400", "2011-12-31": "-5.09400", "2011-09-30": "-4.35500", "2011-06-30": "0.08900", "2011-03-31": "0.28900", "2010-12-31": "-0.84300", "2010-11-30": "-1.96600", "2010-08-31": "-4.37400", "2010-05-31": "-3.98700", "2010-02-28": "-6.34800", "2009-11-30": "-7.59000", "2009-08-31": "-8.45700", "2009-05-31": "-8.60300", "2009-02-28": "-8.26000", "2008-11-30": "-7.35400", "2008-08-31": "0.98500", "2008-05-31": "2.73500", "2008-02-29": "-0.66100", "2007-12-31": "", "2007-11-30": "-0.19300", "2007-08-31": "", "2007-05-31": "", "2007-02-28": ""}, "Other Share Holders Equity": {"2020-12-31": "", "2020-09-30": "", "2020-06-30": "", "2020-03-31": "", "2019-12-31": "", "2019-09-30": "", "2019-06-30": "", "2019-03-31": "", "2018-12-31": "", "2018-09-30": "", "2018-06-30": "", "2018-03-31": "", "2017-12-31": "", "2017-09-30": "", "2017-06-30": "", "2017-03-31": "", "2016-12-31": "", "2016-09-30": "", "2016-06-30": "", "2016-03-31": "", "2015-12-31": "", "2015-09-30": "", "2015-06-30": "", "2015-03-31": "", "2014-12-31": "", "2014-09-30": "", "2014-06-30": "", "2014-03-31": "", "2013-12-31": "", "2013-09-30": "", "2013-06-30": "", "2013-03-31": "", "2012-12-31": "", "2012-09-30": "", "2012-06-30": "", "2012-03-31": "", "2011-12-31": "", "2011-09-30": "", "2011-06-30": "", "2011-03-31": "", "2010-12-31": "", "2010-11-30": "", "2010-08-31": "", "2010-05-31": "", "2010-02-28": "", "2009-11-30": "", "2009-08-31": "", "2009-05-31": "", "2009-02-28": "", "2008-11-30": "", "2008-08-31": "", "2008-05-31": "", "2008-02-29": "", "2007-12-31": "-0.19000", "2007-11-30": "", "2007-08-31": "", "2007-05-31": "", "2007-02-28": ""}, "Share Holder Equity": {"2020-12-31": "", "2020-09-30": "-386.58600", "2020-06-30": "-310.93200", "2020-03-31": "-354.33100", "2019-12-31": "-76.71400", "2019-09-30": "-147.85600", "2019-06-30": "-231.80200", "2019-03-31": "-316.50800", "2018-12-31": "-166.49400", "2018-09-30": "378.44100", "2018-06-30": "346.42200", "2018-03-31": "421.37400", "2017-12-31": "401.01200", "2017-09-30": "360.31400", "2017-06-30": "307.20000", "2017-03-31": "278.83800", "2016-12-31": "317.60500", "2016-09-30": "551.51900", "2016-06-30": "535.15300", "2016-03-31": "615.65600", "2015-12-31": "901.48700", "2015-09-30": "1119.10500", "2015-06-30": "1433.71400", "2015-03-31": "1455.70000", "2014-12-31": "1432.83300", "2014-09-30": "1396.53400", "2014-06-30": "1666.67800", "2014-03-31": "1563.73100", "2013-12-31": "1564.34700", "2013-09-30": "1522.14700", "2013-06-30": "1555.82800", "2013-03-31": "1488.73800", "2012-12-31": "1425.23100", "2012-09-30": "1468.06300", "2012-06-30": "1409.65600", "2012-03-31": "1364.60400", "2011-12-31": "1305.43200", "2011-09-30": "1261.94800", "2011-06-30": "1209.04500", "2011-03-31": "1150.02300", "2010-12-31": "1102.17000", "2010-11-30": "1080.11700", "2010-08-31": "1034.20000", "2010-05-31": "576.43400", "2010-02-28": "545.66100", "2009-11-30": "507.05600", "2009-08-31": "369.08000", "2009-05-31": "340.43700", "2009-02-28": "313.17800", "2008-11-30": "286.38200", "2008-08-31": "273.35700", "2008-05-31": "250.86100", "2008-02-29": "222.16900", "2007-12-31": "200.02000", "2007-11-30": "200.02100", "2007-08-31": "", "2007-05-31": "", "2007-02-28": ""}, "Total Liabilities And Share Holders Equity": {"2020-12-31": "", "2020-09-30": "4111.71900", "2020-06-30": "4187.41800", "2020-03-31": "3911.79900", "2019-12-31": "4204.43900", "2019-09-30": "3479.74200", "2019-06-30": "3425.09000", "2019-03-31": "3295.56500", "2018-12-31": "3387.95200", "2018-09-30": "3806.40500", "2018-06-30": "3785.80300", "2018-03-31": "3344.49400", "2017-12-31": "3275.66800", "2017-09-30": "3154.47200", "2017-06-30": "3090.09700", "2017-03-31": "3005.13800", "2016-12-31": "3082.57800", "2016-09-30": "3307.08400", "2016-06-30": "2790.98600", "2016-03-31": "2831.63400", "2015-12-31": "3146.98700", "2015-09-30": "3366.79100", "2015-06-30": "2875.62800", "2015-03-31": "2896.52700", "2014-12-31": "2882.53300", "2014-09-30": "2880.27900", "2014-06-30": "3133.23500", "2014-03-31": "3093.81800", "2013-12-31": "3136.11500", "2013-09-30": "3081.58900", "2013-06-30": "3105.09800", "2013-03-31": "3031.86000", "2012-12-31": "3019.63900", "2012-09-30": "3053.19100", "2012-06-30": "2994.89000", "2012-03-31": "3113.04700", "2011-12-31": "3092.99600", "2011-09-30": "3064.21400", "2011-06-30": "3009.58700", "2011-03-31": "2910.48400", "2010-12-31": "3057.48100", "2010-11-30": "3023.16600", "2010-08-31": "2948.45500", "2010-05-31": "947.93100", "2010-02-28": "1195.87400", "2009-11-30": "1200.26900", "2009-08-31": "1082.56500", "2009-05-31": "1063.86100", "2009-02-28": "1030.05800", "2008-11-30": "1015.04800", "2008-08-31": "993.45900", "2008-05-31": "1002.77700", "2008-02-29": "962.26600", "2007-12-31": "904.67000", "2007-11-30": "904.67900", "2007-08-31": "", "2007-05-31": "", "2007-02-28": ""}}, "cash flow statement": {"Net Income/Loss": {"2020-12-31": "0.00000", "2019-12-31": "563.64800", "2018-12-31": "507.88500", "2017-12-31": "303.97200", "2016-12-31": "260.85500", "2015-12-31": "223.64800", "2014-12-31": "284.11300", "2013-12-31": "222.55700", "2012-12-31": "184.23800", "2011-12-31": "173.45400", "2010-12-31": "0.00000", "2010-11-30": "92.17000", "2009-11-30": "81.80100", "2008-11-30": "68.26800", "2007-11-30": "81.11100", "2006-12-31": "0.00000", "2006-11-30": "71.44500", "2005-12-31": "0.00000", "2005-11-30": "54.55400"}, "Total Depreciation And Amortization - Cash Flow": {"2020-12-31": "", "2019-12-31": "83.48200", "2018-12-31": "89.25000", "2017-12-31": "83.38300", "2016-12-31": "84.42100", "2015-12-31": "79.93400", "2014-12-31": "84.51300", "2013-12-31": "84.91900", "2012-12-31": "105.36800", "2011-12-31": "92.05700", "2010-12-31": "", "2010-11-30": "68.43900", "2009-11-30": "39.10800", "2008-11-30": "35.06700", "2007-11-30": "27.82800", "2006-12-31": "", "2006-11-30": "29.65500", "2005-12-31": "", "2005-11-30": "32.07700"}, "Other Non-Cash Items": {"2020-12-31": "", "2019-12-31": "60.80800", "2018-12-31": "-23.47300", "2017-12-31": "18.37800", "2016-12-31": "15.77700", "2015-12-31": "16.20300", "2014-12-31": "-63.98300", "2013-12-31": "7.67000", "2012-12-31": "-5.96900", "2011-12-31": "31.62700", "2010-12-31": "", "2010-11-30": "27.92000", "2009-11-30": "15.40600", "2008-11-30": "29.81000", "2007-11-30": "-21.49000", "2006-12-31": "", "2006-11-30": "-9.33400", "2005-12-31": "", "2005-11-30": "-59.00300"}, "Total Non-Cash Items": {"2020-12-31": "", "2019-12-31": "144.29000", "2018-12-31": "65.77700", "2017-12-31": "101.76100", "2016-12-31": "100.19800", "2015-12-31": "96.13700", "2014-12-31": "20.53000", "2013-12-31": "92.58900", "2012-12-31": "99.39900", "2011-12-31": "123.68400", "2010-12-31": "", "2010-11-30": "96.35900", "2009-11-30": "54.51400", "2008-11-30": "64.87700", "2007-11-30": "6.33800", "2006-12-31": "", "2006-11-30": "20.32100", "2005-12-31": "", "2005-11-30": "-26.92600"}, "Change In Accounts Receivable": {"2020-12-31": "", "2019-12-31": "-25.92300", "2018-12-31": "-153.94200", "2017-12-31": "-105.59300", "2016-12-31": "-18.49400", "2015-12-31": "-30.90000", "2014-12-31": "-26.82100", "2013-12-31": "-16.41200", "2012-12-31": "35.47300", "2011-12-31": "-42.28400", "2010-12-31": "", "2010-11-30": "-35.85100", "2009-11-30": "8.56000", "2008-11-30": "-7.74800", "2007-11-30": "-15.53000", "2006-12-31": "", "2006-11-30": "11.77400", "2005-12-31": "", "2005-11-30": "-12.37900"}, "Change In Inventories": {"2020-12-31": "", "2019-12-31": "", "2018-12-31": "", "2017-12-31": "", "2016-12-31": "", "2015-12-31": "", "2014-12-31": "", "2013-12-31": "", "2012-12-31": "", "2011-12-31": "", "2010-12-31": "", "2010-11-30": "", "2009-11-30": "", "2008-11-30": "", "2007-11-30": "", "2006-12-31": "", "2006-11-30": "", "2005-12-31": "", "2005-11-30": ""}, "Change In Accounts Payable": {"2020-12-31": "", "2019-12-31": "2.58400", "2018-12-31": "2.30000", "2017-12-31": "1.02700", "2016-12-31": "-1.91200", "2015-12-31": "-0.29800", "2014-12-31": "2.12800", "2013-12-31": "-2.14500", "2012-12-31": "1.97900", "2011-12-31": "0.05700", "2010-12-31": "", "2010-11-30": "-2.65300", "2009-11-30": "0.68800", "2008-11-30": "0.27200", "2007-11-30": "", "2006-12-31": "", "2006-11-30": "", "2005-12-31": "", "2005-11-30": ""}, "Change In Assets/Liabilities": {"2020-12-31": "", "2019-12-31": "-1.71700", "2018-12-31": "156.00400", "2017-12-31": "78.39900", "2016-12-31": "68.88600", "2015-12-31": "10.40800", "2014-12-31": "17.20700", "2013-12-31": "17.79700", "2012-12-31": "35.05300", "2011-12-31": "-2.92000", "2010-12-31": "", "2010-11-30": "24.27800", "2009-11-30": "-21.63500", "2008-11-30": "36.94800", "2007-11-30": "11.03100", "2006-12-31": "", "2006-11-30": "-17.21900", "2005-12-31": "", "2005-11-30": "46.21200"}, "Total Change In Assets/Liabilities": {"2020-12-31": "", "2019-12-31": "1.58500", "2018-12-31": "39.10000", "2017-12-31": "-1.57500", "2016-12-31": "81.31000", "2015-12-31": "1.46200", "2014-12-31": "1.03000", "2013-12-31": "6.03700", "2012-12-31": "63.43800", "2011-12-31": "-42.14100", "2010-12-31": "", "2010-11-30": "-5.17500", "2009-11-30": "-5.37300", "2008-11-30": "21.93600", "2007-11-30": "22.77600", "2006-12-31": "", "2006-11-30": "-8.10100", "2005-12-31": "", "2005-11-30": "32.25300"}, "Cash Flow From Operating Activities": {"2020-12-31": "811.10900", "2019-12-31": "709.52300", "2018-12-31": "612.76200", "2017-12-31": "404.15800", "2016-12-31": "442.36300", "2015-12-31": "321.24700", "2014-12-31": "305.67300", "2013-12-31": "321.18300", "2012-12-31": "347.07500", "2011-12-31": "254.99700", "2010-12-31": "", "2010-11-30": "183.35400", "2009-11-30": "130.94200", "2008-11-30": "155.08100", "2007-11-30": "110.22500", "2006-12-31": "", "2006-11-30": "83.66500", "2005-12-31": "", "2005-11-30": "59.88100"}, "Net Change In Property, Plant, And Equipment": {"2020-12-31": "", "2019-12-31": "-53.76000", "2018-12-31": "-48.95100", "2017-12-31": "-48.81700", "2016-12-31": "-42.62800", "2015-12-31": "-49.09700", "2014-12-31": "-50.85300", "2013-12-31": "-43.51100", "2012-12-31": "-44.53300", "2011-12-31": "-23.11100", "2010-12-31": "", "2010-11-30": "-13.16800", "2009-11-30": "-13.41200", "2008-11-30": "-25.55600", "2007-11-30": "-0.53500", "2006-12-31": "", "2006-11-30": "-2.43500", "2005-12-31": "", "2005-11-30": "-0.34600"}, "Net Change In Intangible Assets": {"2020-12-31": "", "2019-12-31": "", "2018-12-31": "", "2017-12-31": "", "2016-12-31": "", "2015-12-31": "", "2014-12-31": "", "2013-12-31": "", "2012-12-31": "", "2011-12-31": "", "2010-12-31": "", "2010-11-30": "", "2009-11-30": "", "2008-11-30": "", "2007-11-30": "", "2006-12-31": "", "2006-11-30": "", "2005-12-31": "", "2005-11-30": ""}, "Net Acquisitions/Divestitures": {"2020-12-31": "", "2019-12-31": "-18.17700", "2018-12-31": "83.82500", "2017-12-31": "", "2016-12-31": "0.59700", "2015-12-31": "-6.50000", "2014-12-31": "347.89000", "2013-12-31": "-23.26800", "2012-12-31": "-119.55400", "2011-12-31": "", "2010-12-31": "", "2010-11-30": "-1101.24300", "2009-11-30": "", "2008-11-30": "", "2007-11-30": "", "2006-12-31": "", "2006-11-30": "", "2005-12-31": "", "2005-11-30": "90.00000"}, "Net Change In Short-term Investments": {"2020-12-31": "", "2019-12-31": "", "2018-12-31": "", "2017-12-31": "", "2016-12-31": "", "2015-12-31": "", "2014-12-31": "", "2013-12-31": "70.90000", "2012-12-31": "69.72600", "2011-12-31": "-67.50000", "2010-12-31": "", "2010-11-30": "416.55000", "2009-11-30": "-294.80400", "2008-11-30": "", "2007-11-30": "", "2006-12-31": "", "2006-11-30": "", "2005-12-31": "", "2005-11-30": ""}, "Net Change In Long-Term Investments": {"2020-12-31": "", "2019-12-31": "", "2018-12-31": "", "2017-12-31": "0.77100", "2016-12-31": "", "2015-12-31": "6.73600", "2014-12-31": "", "2013-12-31": "", "2012-12-31": "", "2011-12-31": "", "2010-12-31": "", "2010-11-30": "-194.41600", "2009-11-30": "", "2008-11-30": "", "2007-11-30": "", "2006-12-31": "", "2006-11-30": "0.02000", "2005-12-31": "", "2005-11-30": "0.64700"}, "Net Change In Investments - Total": {"2020-12-31": "", "2019-12-31": "", "2018-12-31": "", "2017-12-31": "0.77100", "2016-12-31": "", "2015-12-31": "6.73600", "2014-12-31": "", "2013-12-31": "70.90000", "2012-12-31": "69.72600", "2011-12-31": "-67.50000", "2010-12-31": "", "2010-11-30": "222.13400", "2009-11-30": "-294.80400", "2008-11-30": "", "2007-11-30": "", "2006-12-31": "", "2006-11-30": "0.02000", "2005-12-31": "", "2005-11-30": "0.64700"}, "Investing Activities - Other": {"2020-12-31": "", "2019-12-31": "", "2018-12-31": "", "2017-12-31": "", "2016-12-31": "", "2015-12-31": "", "2014-12-31": "", "2013-12-31": "", "2012-12-31": "", "2011-12-31": "", "2010-12-31": "", "2010-11-30": "", "2009-11-30": "", "2008-11-30": "137.62500", "2007-11-30": "192.60600", "2006-12-31": "", "2006-11-30": "-77.34900", "2005-12-31": "", "2005-11-30": "-154.00900"}, "Cash Flow From Investing Activities": {"2020-12-31": "-241.79100", "2019-12-31": "-71.93700", "2018-12-31": "34.87400", "2017-12-31": "-48.04600", "2016-12-31": "-42.03100", "2015-12-31": "-48.86100", "2014-12-31": "297.03700", "2013-12-31": "4.12100", "2012-12-31": "-94.36100", "2011-12-31": "-90.61100", "2010-12-31": "", "2010-11-30": "-892.27700", "2009-11-30": "-308.21600", "2008-11-30": "112.06900", "2007-11-30": "192.07100", "2006-12-31": "", "2006-11-30": "-79.76400", "2005-12-31": "", "2005-11-30": "-63.70800"}, "Net Long-Term Debt": {"2020-12-31": "", "2019-12-31": "486.87500", "2018-12-31": "500.00000", "2017-12-31": "", "2016-12-31": "500.00000", "2015-12-31": "800.00000", "2014-12-31": "-10.00000", "2013-12-31": "-48.00000", "2012-12-31": "-227.47600", "2011-12-31": "-187.06200", "2010-12-31": "", "2010-11-30": "774.26500", "2009-11-30": "-22.25000", "2008-11-30": "-22.25000", "2007-11-30": "423.87500", "2006-12-31": "", "2006-11-30": "", "2005-12-31": "", "2005-11-30": ""}, "Net Current Debt": {"2020-12-31": "", "2019-12-31": "", "2018-12-31": "", "2017-12-31": "", "2016-12-31": "", "2015-12-31": "", "2014-12-31": "", "2013-12-31": "", "2012-12-31": "", "2011-12-31": "", "2010-12-31": "", "2010-11-30": "", "2009-11-30": "", "2008-11-30": "", "2007-11-30": "", "2006-12-31": "", "2006-11-30": "", "2005-12-31": "", "2005-11-30": ""}, "Debt Issuance/Retirement Net - Total": {"2020-12-31": "", "2019-12-31": "486.87500", "2018-12-31": "500.00000", "2017-12-31": "", "2016-12-31": "500.00000", "2015-12-31": "800.00000", "2014-12-31": "-10.00000", "2013-12-31": "-48.00000", "2012-12-31": "-227.47600", "2011-12-31": "-187.06200", "2010-12-31": "", "2010-11-30": "774.26500", "2009-11-30": "-22.25000", "2008-11-30": "-22.25000", "2007-11-30": "423.87500", "2006-12-31": "", "2006-11-30": "", "2005-12-31": "", "2005-11-30": ""}, "Net Common Equity Issued/Repurchased": {"2020-12-31": "", "2019-12-31": "-288.83900", "2018-12-31": "-949.28300", "2017-12-31": "-147.82600", "2016-12-31": "-769.52500", "2015-12-31": "-697.08400", "2014-12-31": "-399.97000", "2013-12-31": "-100.48100", "2012-12-31": "-92.67800", "2011-12-31": "1.80500", "2010-12-31": "", "2010-11-30": "9.28500", "2009-11-30": "97.86500", "2008-11-30": "-0.68100", "2007-11-30": "265.03500", "2006-12-31": "", "2006-11-30": "", "2005-12-31": "", "2005-11-30": ""}, "Net Total Equity Issued/Repurchased": {"2020-12-31": "", "2019-12-31": "-288.83900", "2018-12-31": "-949.28300", "2017-12-31": "-147.82600", "2016-12-31": "-769.52500", "2015-12-31": "-697.08400", "2014-12-31": "-399.97000", "2013-12-31": "-100.48100", "2012-12-31": "-92.67800", "2011-12-31": "1.80500", "2010-12-31": "", "2010-11-30": "9.28500", "2009-11-30": "97.86500", "2008-11-30": "-0.68100", "2007-11-30": "265.03500", "2006-12-31": "", "2006-11-30": "", "2005-12-31": "", "2005-11-30": ""}, "Total Common And Preferred Stock Dividends Paid": {"2020-12-31": "", "2019-12-31": "-222.92200", "2018-12-31": "-170.93800", "2017-12-31": "-119.71700", "2016-12-31": "-96.19100", "2015-12-31": "-87.74300", "2014-12-31": "-20.39300", "2013-12-31": "", "2012-12-31": "", "2011-12-31": "", "2010-12-31": "", "2010-11-30": "", "2009-11-30": "", "2008-11-30": "", "2007-11-30": "-973.00000", "2006-12-31": "", "2006-11-30": "-5.00000", "2005-12-31": "", "2005-11-30": ""}, "Financial Activities - Other": {"2020-12-31": "", "2019-12-31": "-11.78100", "2018-12-31": "-6.26200", "2017-12-31": "", "2016-12-31": "-7.18300", "2015-12-31": "-10.47700", "2014-12-31": "-11.96500", "2013-12-31": "1.89700", "2012-12-31": "-2.82200", "2011-12-31": "7.26300", "2010-12-31": "", "2010-11-30": "-25.49200", "2009-11-30": "6.92700", "2008-11-30": "-0.02100", "2007-11-30": "-7.97400", "2006-12-31": "", "2006-11-30": "", "2005-12-31": "", "2005-11-30": ""}, "Cash Flow From Financial Activities": {"2020-12-31": "-779.03800", "2019-12-31": "-36.66700", "2018-12-31": "-626.48300", "2017-12-31": "-267.54300", "2016-12-31": "-372.89900", "2015-12-31": "4.69600", "2014-12-31": "-442.32800", "2013-12-31": "-146.58400", "2012-12-31": "-322.97600", "2011-12-31": "-177.99400", "2010-12-31": "", "2010-11-30": "758.05800", "2009-11-30": "82.54200", "2008-11-30": "-22.95200", "2007-11-30": "-292.06400", "2006-12-31": "", "2006-11-30": "-5.00000", "2005-12-31": "", "2005-11-30": ""}, "Net Cash Flow": {"2020-12-31": "-206.04600", "2019-12-31": "602.39100", "2018-12-31": "14.67400", "2017-12-31": "97.66800", "2016-12-31": "14.12800", "2015-12-31": "268.90700", "2014-12-31": "150.36500", "2013-12-31": "175.12500", "2012-12-31": "-68.90200", "2011-12-31": "-17.21200", "2010-12-31": "", "2010-11-30": "50.55100", "2009-11-30": "-92.05300", "2008-11-30": "234.25900", "2007-11-30": "9.45600", "2006-12-31": "", "2006-11-30": "0.95100", "2005-12-31": "", "2005-11-30": "-9.66500"}, "Stock-Based Compensation": {"2020-12-31": "", "2019-12-31": "41.19900", "2018-12-31": "38.89700", "2017-12-31": "36.57600", "2016-12-31": "32.00100", "2015-12-31": "28.55800", "2014-12-31": "26.58500", "2013-12-31": "25.00400", "2012-12-31": "25.32300", "2011-12-31": "31.72300", "2010-12-31": "", "2010-11-30": "32.28500", "2009-11-30": "35.16100", "2008-11-30": "30.33800", "2007-11-30": "1.03400", "2006-12-31": "", "2006-11-30": "", "2005-12-31": "", "2005-11-30": ""}, "Common Stock Dividends Paid": {"2020-12-31": "", "2019-12-31": "-222.92200", "2018-12-31": "-170.93800", "2017-12-31": "-119.71700", "2016-12-31": "-96.19100", "2015-12-31": "-87.74300", "2014-12-31": "-20.39300", "2013-12-31": "", "2012-12-31": "", "2011-12-31": "", "2010-12-31": "", "2010-11-30": "", "2009-11-30": "", "2008-11-30": "", "2007-11-30": "-973.00000", "2006-12-31": "", "2006-11-30": "-5.00000", "2005-12-31": "", "2005-11-30": ""}}, "cash flow statement, quarterly": {"Net Income/Loss": {"2020-12-31": -445.606, "2020-09-30": 182.358, "2020-06-30": 115.123, "2020-03-31": "148.12500", "2019-12-31": 122.783, "2019-09-30": 136.983, "2019-06-30": 125.69, "2019-03-31": "178.19200", "2018-12-31": 152.132, "2018-09-30": 123.832, "2018-06-30": 116.829, "2018-03-31": "115.09200", "2017-12-31": 64.602, "2017-09-30": 85.153, "2017-06-30": 81.266, "2017-03-31": "72.95100", "2016-12-31": 68.25, "2016-09-30": 65.281, "2016-06-30": 66.957, "2016-03-31": "60.36700", "2015-12-31": 59.406, "2015-09-30": 64.398, "2015-06-30": 56.017, "2015-03-31": "43.82700", "2014-12-31": 44.34, "2014-09-30": 51.714, "2014-06-30": 107.66, "2014-03-31": "80.39900", "2013-12-31": 47.257, "2013-09-30": 55.31, "2013-06-30": 61.053, "2013-03-31": "58.93700", "2012-12-31": 54.452, "2012-09-30": 48.274, "2012-06-30": 37.546, "2012-03-31": "43.96600", "2011-12-31": 44.486, "2011-09-30": 49.787, "2011-06-30": 45.66, "2011-03-31": "33.52100", "2010-12-31": 13.824, "2010-11-30": -61.904, "2010-08-31": 10.319, "2010-05-31": 24.067, "2010-02-28": "27.51800", "2009-11-30": -57.266, "2009-08-31": 20.924, "2009-05-31": 19.618, "2009-02-28": "16.72400", "2008-11-30": -55.443, "2008-08-31": 18.878, "2008-05-31": 18.631, "2008-02-29": "17.93400", "2007-12-31": 81.11, "2007-11-30": -62.872, "2007-08-31": 21.379, "2007-05-31": 19.851, "2007-02-28": "21.64200"}, "Total Depreciation And Amortization - Cash Flow": {"2020-12-31": -86.094, "2020-09-30": 28.978, "2020-06-30": 34.684, "2020-03-31": "22.43200", "2019-12-31": 5.117, "2019-09-30": 26.131, "2019-06-30": 31.605, "2019-03-31": "20.62900", "2018-12-31": 20.929, "2018-09-30": 20.12, "2018-06-30": 27.809, "2018-03-31": "20.39200", "2017-12-31": 20.527, "2017-09-30": 20.788, "2017-06-30": 21.13, "2017-03-31": "20.93800", "2016-12-31": 21.794, "2016-09-30": 20.866, "2016-06-30": 21.044, "2016-03-31": "20.71700", "2015-12-31": 20.079, "2015-09-30": 20.293, "2015-06-30": 20.207, "2015-03-31": "19.35500", "2014-12-31": 27.49, "2014-09-30": 18.475, "2014-06-30": 17.925, "2014-03-31": "20.62300", "2013-12-31": 22.338, "2013-09-30": 21.312, "2013-06-30": 20.695, "2013-03-31": "20.57400", "2012-12-31": 21.609, "2012-09-30": 21.33, "2012-06-30": 40.557, "2012-03-31": "21.87200", "2011-12-31": 22.367, "2011-09-30": 22.599, "2011-06-30": 23.102, "2011-03-31": "23.98900", "2010-12-31": 8.011, "2010-11-30": -44.462, "2010-08-31": 25.029, "2010-05-31": 11.364, "2010-02-28": "8.06900", "2009-11-30": -29.375, "2009-08-31": 9.841, "2009-05-31": 9.654, "2009-02-28": "9.88000", "2008-11-30": -24.847, "2008-08-31": 9.591, "2008-05-31": 7.647, "2008-02-29": "7.60900", "2007-12-31": 27.82, "2007-11-30": -20.758, "2007-08-31": 7.138, "2007-05-31": 6.79, "2007-02-28": "6.83000"}, "Other Non-Cash Items": {"2020-12-31": -82.369, "2020-09-30": 17.436, "2020-06-30": 38.643, "2020-03-31": "26.29000", "2019-12-31": 39.459, "2019-09-30": 6.716, "2019-06-30": 8.106, "2019-03-31": "6.52700", "2018-12-31": -30.607, "2018-09-30": 5.191, "2018-06-30": -6.334, "2018-03-31": "8.27700", "2017-12-31": 1.868, "2017-09-30": 5.317, "2017-06-30": 3.809, "2017-03-31": "7.38400", "2016-12-31": -0.851, "2016-09-30": 5.6, "2016-06-30": 7.358, "2016-03-31": "3.67000", "2015-12-31": 17.736, "2015-09-30": -3.148, "2015-06-30": -9.878, "2015-03-31": "11.49300", "2014-12-31": 0.958, "2014-09-30": 5.967, "2014-06-30": -48.532, "2014-03-31": "-22.37600", "2013-12-31": -6.841, "2013-09-30": 0.585, "2013-06-30": 14.538, "2013-03-31": "-0.61200", "2012-12-31": 0.038, "2012-09-30": 1.595, "2012-06-30": -6.422, "2012-03-31": "-1.18000", "2011-12-31": 22.911, "2011-09-30": -9.258, "2011-06-30": -1.097, "2011-03-31": "19.07100", "2010-12-31": 5.393, "2010-11-30": -25.623, "2010-08-31": 20.659, "2010-05-31": 3.452, "2010-02-28": "1.51200", "2009-11-30": -11.038, "2009-08-31": 4.008, "2009-05-31": 2.303, "2009-02-28": "4.72700", "2008-11-30": -9.303, "2008-08-31": 5.432, "2008-05-31": 2.369, "2008-02-29": "1.50200", "2007-12-31": 0, "2007-11-30": 6.639, "2007-08-31": -3.915, "2007-05-31": 3.372, "2007-02-28": "-6.09600"}, "Total Non-Cash Items": {"2020-12-31": -168.463, "2020-09-30": 46.414, "2020-06-30": 73.327, "2020-03-31": "48.72200", "2019-12-31": 44.576, "2019-09-30": 32.847, "2019-06-30": 39.711, "2019-03-31": "27.15600", "2018-12-31": -9.678, "2018-09-30": 25.311, "2018-06-30": 21.475, "2018-03-31": "28.66900", "2017-12-31": 22.395, "2017-09-30": 26.105, "2017-06-30": 24.939, "2017-03-31": "28.32200", "2016-12-31": 20.943, "2016-09-30": 26.466, "2016-06-30": 28.402, "2016-03-31": "24.38700", "2015-12-31": 37.815, "2015-09-30": 17.145, "2015-06-30": 10.329, "2015-03-31": "30.84800", "2014-12-31": 28.448, "2014-09-30": 24.442, "2014-06-30": -30.607, "2014-03-31": "-1.75300", "2013-12-31": 15.497, "2013-09-30": 21.897, "2013-06-30": 35.233, "2013-03-31": "19.96200", "2012-12-31": 21.647, "2012-09-30": 22.925, "2012-06-30": 34.135, "2012-03-31": "20.69200", "2011-12-31": 45.278, "2011-09-30": 13.341, "2011-06-30": 22.005, "2011-03-31": "43.06000", "2010-12-31": 13.404, "2010-11-30": -70.085, "2010-08-31": 45.688, "2010-05-31": 14.816, "2010-02-28": "9.58100", "2009-11-30": -40.413, "2009-08-31": 13.849, "2009-05-31": 11.957, "2009-02-28": "14.60700", "2008-11-30": -34.15, "2008-08-31": 15.023, "2008-05-31": 10.016, "2008-02-29": "9.11100", "2007-12-31": 27.82, "2007-11-30": -14.119, "2007-08-31": 3.223, "2007-05-31": 10.162, "2007-02-28": "0.73400"}, "Change In Accounts Receivable": {"2020-12-31": -69.848, "2020-09-30": 37.717, "2020-06-30": 16.205, "2020-03-31": "15.92600", "2019-12-31": -88.254, "2019-09-30": 26.717, "2019-06-30": -11.191, "2019-03-31": "46.80500", "2018-12-31": -93.692, "2018-09-30": 11.301, "2018-06-30": 63.25, "2018-03-31": "-134.80100", "2017-12-31": -18.425, "2017-09-30": -20.507, "2017-06-30": -26.079, "2017-03-31": "-40.58200", "2016-12-31": 12.527, "2016-09-30": 9.36, "2016-06-30": 11.283, "2016-03-31": "-51.66400", "2015-12-31": -0.418, "2015-09-30": 5.699, "2015-06-30": -29, "2015-03-31": "-7.18100", "2014-12-31": 11.814, "2014-09-30": 20.446, "2014-06-30": -20.202, "2014-03-31": "-38.87900", "2013-12-31": 10.35, "2013-09-30": -18.826, "2013-06-30": 6.277, "2013-03-31": "-14.21300", "2012-12-31": -21.349, "2012-09-30": 12.108, "2012-06-30": 36.14, "2012-03-31": "8.57400", "2011-12-31": -13.401, "2011-09-30": 9.074, "2011-06-30": 8.992, "2011-03-31": "-46.94900", "2010-12-31": 10.026, "2010-11-30": 1.8, "2010-08-31": 15.343, "2010-05-31": 20.537, "2010-02-28": "-37.68000", "2009-11-30": -9.073, "2009-08-31": 18.423, "2009-05-31": 4.875, "2009-02-28": "-14.22500", "2008-11-30": 6.3, "2008-08-31": 20.82, "2008-05-31": 18.501, "2008-02-29": "-45.62100", "2007-12-31": 0, "2007-11-30": 16.356, "2007-08-31": 14.735, "2007-05-31": 4.335, "2007-02-28": "-35.42600"}, "Change In Inventories": {"2020-12-31": 0, "2020-09-30": 0, "2020-06-30": 0, "2020-03-31": "", "2019-12-31": 0, "2019-09-30": 0, "2019-06-30": 0, "2019-03-31": "", "2018-12-31": 0, "2018-09-30": 0, "2018-06-30": 0, "2018-03-31": "", "2017-12-31": 0, "2017-09-30": 0, "2017-06-30": 0, "2017-03-31": "", "2016-12-31": 0, "2016-09-30": 0, "2016-06-30": 0, "2016-03-31": "", "2015-12-31": 0, "2015-09-30": 0, "2015-06-30": 0, "2015-03-31": "", "2014-12-31": 0, "2014-09-30": 0, "2014-06-30": 0, "2014-03-31": "", "2013-12-31": 0, "2013-09-30": 0, "2013-06-30": 0, "2013-03-31": "", "2012-12-31": 0, "2012-09-30": 0, "2012-06-30": 0, "2012-03-31": "", "2011-12-31": 0, "2011-09-30": 0, "2011-06-30": 0, "2011-03-31": "", "2010-12-31": 0, "2010-11-30": 0, "2010-08-31": 0, "2010-05-31": 0, "2010-02-28": "", "2009-11-30": 0, "2009-08-31": 0, "2009-05-31": 0, "2009-02-28": "", "2008-11-30": 0, "2008-08-31": 0, "2008-05-31": 0, "2008-02-29": "", "2007-12-31": 0, "2007-11-30": 0, "2007-08-31": 0, "2007-05-31": 0, "2007-02-28": ""}, "Change In Accounts Payable": {"2020-12-31": 1.882, "2020-09-30": -1.781, "2020-06-30": 1.435, "2020-03-31": "-1.53600", "2019-12-31": 4.066, "2019-09-30": -1.069, "2019-06-30": 1.38, "2019-03-31": "-1.79300", "2018-12-31": 1.695, "2018-09-30": 0.97, "2018-06-30": -0.135, "2018-03-31": "-0.23000", "2017-12-31": -0.779, "2017-09-30": 2.053, "2017-06-30": -0.808, "2017-03-31": "0.56100", "2016-12-31": -0.649, "2016-09-30": -0.473, "2016-06-30": 0.216, "2016-03-31": "-1.00600", "2015-12-31": 0.714, "2015-09-30": -0.343, "2015-06-30": 1.012, "2015-03-31": "-1.68100", "2014-12-31": 1.155, "2014-09-30": -0.256, "2014-06-30": 0.88, "2014-03-31": "0.34900", "2013-12-31": -0.128, "2013-09-30": 0.326, "2013-06-30": -0.164, "2013-03-31": "-2.17900", "2012-12-31": 0.531, "2012-09-30": 1.034, "2012-06-30": 0.484, "2012-03-31": "-0.07000", "2011-12-31": -0.18, "2011-09-30": -0.195, "2011-06-30": 0.161, "2011-03-31": "0.27100", "2010-12-31": -1.95, "2010-11-30": 3.369, "2010-08-31": -2.034, "2010-05-31": 0.131, "2010-02-28": "-1.46600", "2009-11-30": -32.841, "2009-08-31": -4.364, "2009-05-31": 37.564, "2009-02-28": "-0.35900", "2008-11-30": -1.96, "2008-08-31": 1.96, "2008-05-31": 0, "2008-02-29": "", "2007-12-31": 0, "2007-11-30": 0, "2007-08-31": 0, "2007-05-31": 0, "2007-02-28": ""}, "Change In Assets/Liabilities": {"2020-12-31": 89.73, "2020-09-30": -109.557, "2020-06-30": 18.302, "2020-03-31": "1.52500", "2019-12-31": 108.678, "2019-09-30": -36.429, "2019-06-30": -5.601, "2019-03-31": "-68.36500", "2018-12-31": 80.769, "2018-09-30": -42.178, "2018-06-30": -45.486, "2018-03-31": "162.89900", "2017-12-31": 32.45, "2017-09-30": -22.941, "2017-06-30": 9.894, "2017-03-31": "58.99600", "2016-12-31": 6.14, "2016-09-30": 15.041, "2016-06-30": -20.681, "2016-03-31": "68.38600", "2015-12-31": -9.703, "2015-09-30": -3.051, "2015-06-30": -29.728, "2015-03-31": "52.89000", "2014-12-31": -3.248, "2014-09-30": -6.197, "2014-06-30": -23.647, "2014-03-31": "50.29900", "2013-12-31": 2.359, "2013-09-30": -22.51, "2013-06-30": -29.417, "2013-03-31": "67.36500", "2012-12-31": -14.016, "2012-09-30": -8.405, "2012-06-30": -8.709, "2012-03-31": "66.18300", "2011-12-31": -17.344, "2011-09-30": 3.565, "2011-06-30": 5.928, "2011-03-31": "4.93100", "2010-12-31": -1.075, "2010-11-30": -11.666, "2010-08-31": -15.122, "2010-05-31": 2.268, "2010-02-28": "24.52000", "2009-11-30": 9.537, "2009-08-31": -12.212, "2009-05-31": -37.176, "2009-02-28": "39.85100", "2008-11-30": -21.858, "2008-08-31": -32.952, "2008-05-31": -8.319, "2008-02-29": "63.12900", "2007-12-31": 0, "2007-11-30": -10.093, "2007-08-31": -25.474, "2007-05-31": -15.221, "2007-02-28": "50.78800"}, "Total Change In Assets/Liabilities": {"2020-12-31": 38.888, "2020-09-30": -28.977, "2020-06-30": 74.166, "2020-03-31": "-84.07700", "2019-12-31": 76.284, "2019-09-30": 18.705, "2019-06-30": 24.069, "2019-03-31": "-117.47300", "2018-12-31": 30.721, "2018-09-30": -5.318, "2018-06-30": 68.861, "2018-03-31": "-55.16400", "2017-12-31": 56.156, "2017-09-30": -9.485, "2017-06-30": 16.012, "2017-03-31": "-64.25800", "2016-12-31": 49.66, "2016-09-30": 56.78, "2016-06-30": 22.737, "2016-03-31": "-47.86700", "2015-12-31": -0.646, "2015-09-30": 52.42, "2015-06-30": -42.32, "2015-03-31": "-7.99200", "2014-12-31": 31.266, "2014-09-30": 31.411, "2014-06-30": -8.25, "2014-03-31": "-53.39700", "2013-12-31": 32.392, "2013-09-30": -7.846, "2013-06-30": -10.657, "2013-03-31": "-7.85200", "2012-12-31": -16.687, "2012-09-30": 26.398, "2012-06-30": 48.878, "2012-03-31": "4.84900", "2011-12-31": -9.697, "2011-09-30": 31.556, "2011-06-30": 38.459, "2011-03-31": "-102.45900", "2010-12-31": 16.001, "2010-11-30": 10.751, "2010-08-31": 10.127, "2010-05-31": 30.982, "2010-02-28": "-51.86000", "2009-11-30": -23.165, "2009-08-31": 16.914, "2009-05-31": 15.11, "2009-02-28": "-8.85900", "2008-11-30": -21.971, "2008-08-31": -3.074, "2008-05-31": 31.349, "2008-02-29": "-6.30400", "2007-12-31": 22.77, "2007-11-30": 8.635, "2007-08-31": 2.369, "2007-05-31": 1.25, "2007-02-28": "-12.25400"}, "Cash Flow From Operating Activities": {"2020-12-31": 235.928, "2020-09-30": 199.795, "2020-06-30": 262.616, "2020-03-31": "112.77000", "2019-12-31": 243.643, "2019-09-30": 188.535, "2019-06-30": 189.47, "2019-03-31": "87.87500", "2018-12-31": 173.175, "2018-09-30": 143.825, "2018-06-30": 207.165, "2018-03-31": "88.59700", "2017-12-31": 143.153, "2017-09-30": 101.773, "2017-06-30": 122.217, "2017-03-31": "37.01500", "2016-12-31": 138.853, "2016-09-30": 148.527, "2016-06-30": 118.096, "2016-03-31": "36.88700", "2015-12-31": 96.575, "2015-09-30": 133.963, "2015-06-30": 24.026, "2015-03-31": "66.68300", "2014-12-31": 104.054, "2014-09-30": 107.567, "2014-06-30": 68.803, "2014-03-31": "25.24900", "2013-12-31": 95.146, "2013-09-30": 69.361, "2013-06-30": 85.629, "2013-03-31": "71.04700", "2012-12-31": 59.412, "2012-09-30": 97.597, "2012-06-30": 120.559, "2012-03-31": "69.50700", "2011-12-31": 80.067, "2011-09-30": 94.684, "2011-06-30": 106.124, "2011-03-31": "-25.87800", "2010-12-31": 43.229, "2010-11-30": -121.238, "2010-08-31": 66.134, "2010-05-31": 69.865, "2010-02-28": "-14.76100", "2009-11-30": -120.844, "2009-08-31": 51.687, "2009-05-31": 46.685, "2009-02-28": "22.47200", "2008-11-30": -111.564, "2008-08-31": 30.827, "2008-05-31": 59.996, "2008-02-29": "20.74100", "2007-12-31": 110.22, "2007-11-30": -68.356, "2007-08-31": 26.971, "2007-05-31": 31.263, "2007-02-28": "10.12200"}, "Net Change In Property, Plant, And Equipment": {"2020-12-31": 34.083, "2020-09-30": -11.725, "2020-06-30": -11.542, "2020-03-31": "-10.81600", "2019-12-31": -18.468, "2019-09-30": -14.765, "2019-06-30": -12.391, "2019-03-31": "-8.13600", "2018-12-31": -22.777, "2018-09-30": -13.107, "2018-06-30": -7.195, "2018-03-31": "-5.87200", "2017-12-31": -20.6, "2017-09-30": -11.553, "2017-06-30": -7.035, "2017-03-31": "-9.62900", "2016-12-31": -11.192, "2016-09-30": -13.071, "2016-06-30": -12.905, "2016-03-31": "-5.46000", "2015-12-31": -18.565, "2015-09-30": -12.25, "2015-06-30": -11.962, "2015-03-31": "-6.32000", "2014-12-31": -8.624, "2014-09-30": -20.273, "2014-06-30": -11.903, "2014-03-31": "-10.05300", "2013-12-31": -20.812, "2013-09-30": -14.208, "2013-06-30": -3.691, "2013-03-31": "-4.80000", "2012-12-31": -6.424, "2012-09-30": -18.163, "2012-06-30": -15.654, "2012-03-31": "-4.29200", "2011-12-31": -6.269, "2011-09-30": -10.11, "2011-06-30": -2.897, "2011-03-31": "-3.83500", "2010-12-31": -1.811, "2010-11-30": 7.073, "2010-08-31": -2.377, "2010-05-31": -1.411, "2010-02-28": "-3.28500", "2009-11-30": 11.188, "2009-08-31": -1.669, "2009-05-31": -3.486, "2009-02-28": "-6.03300", "2008-11-30": 19.097, "2008-08-31": -13.277, "2008-05-31": -4.859, "2008-02-29": "-0.96100", "2007-12-31": -0.53, "2007-11-30": 0.946, "2007-08-31": -0.589, "2007-05-31": -0.453, "2007-02-28": "0.09600"}, "Net Change In Intangible Assets": {"2020-12-31": 0, "2020-09-30": 0, "2020-06-30": 0, "2020-03-31": "", "2019-12-31": 0, "2019-09-30": 0, "2019-06-30": 0, "2019-03-31": "", "2018-12-31": 0, "2018-09-30": 0, "2018-06-30": 0, "2018-03-31": "", "2017-12-31": 0, "2017-09-30": 0, "2017-06-30": 0, "2017-03-31": "", "2016-12-31": 0, "2016-09-30": 0, "2016-06-30": 0, "2016-03-31": "", "2015-12-31": 0, "2015-09-30": 0, "2015-06-30": 0, "2015-03-31": "", "2014-12-31": 0, "2014-09-30": 0, "2014-06-30": 0, "2014-03-31": "", "2013-12-31": 0, "2013-09-30": 0, "2013-06-30": 0, "2013-03-31": "", "2012-12-31": 0, "2012-09-30": 0, "2012-06-30": 0, "2012-03-31": "", "2011-12-31": 0, "2011-09-30": 0, "2011-06-30": 0, "2011-03-31": "", "2010-12-31": 0, "2010-11-30": 0, "2010-08-31": 0, "2010-05-31": 0, "2010-02-28": "", "2009-11-30": 0, "2009-08-31": 0, "2009-05-31": 0, "2009-02-28": "", "2008-11-30": 0, "2008-08-31": 0, "2008-05-31": 0, "2008-02-29": "", "2007-12-31": 0, "2007-11-30": 0, "2007-08-31": 0, "2007-05-31": 0, "2007-02-28": ""}, "Net Acquisitions/Divestitures": {"2020-12-31": 190.816, "2020-09-30": 0, "2020-06-30": 0.006, "2020-03-31": "-190.82200", "2019-12-31": -18.177, "2019-09-30": 0, "2019-06-30": 0, "2019-03-31": "", "2018-12-31": 62.815, "2018-09-30": 0.01, "2018-06-30": 21, "2018-03-31": "", "2017-12-31": 0, "2017-09-30": 0, "2017-06-30": 0, "2017-03-31": "", "2016-12-31": 0.657, "2016-09-30": 0, "2016-06-30": 0, "2016-03-31": "-0.06000", "2015-12-31": -6.5, "2015-09-30": 0, "2015-06-30": 0, "2015-03-31": "", "2014-12-31": -0.041, "2014-09-30": -14.88, "2014-06-30": 362.811, "2014-03-31": "", "2013-12-31": 0, "2013-09-30": 0, "2013-06-30": -0.1, "2013-03-31": "-23.16800", "2012-12-31": -119.554, "2012-09-30": 0, "2012-06-30": 0, "2012-03-31": "", "2011-12-31": 0, "2011-09-30": 0, "2011-06-30": 0, "2011-03-31": "", "2010-12-31": 0, "2010-11-30": 1100.943, "2010-08-31": -1100.943, "2010-05-31": 0, "2010-02-28": "", "2009-11-30": 0, "2009-08-31": 0, "2009-05-31": 0, "2009-02-28": "", "2008-11-30": 0, "2008-08-31": 0, "2008-05-31": 0, "2008-02-29": "", "2007-12-31": 0, "2007-11-30": 0, "2007-08-31": 0, "2007-05-31": 0, "2007-02-28": ""}, "Net Change In Short-term Investments": {"2020-12-31": 0, "2020-09-30": 0, "2020-06-30": 0, "2020-03-31": "", "2019-12-31": 0, "2019-09-30": 0, "2019-06-30": 0, "2019-03-31": "", "2018-12-31": 0, "2018-09-30": 0, "2018-06-30": 0, "2018-03-31": "", "2017-12-31": 0, "2017-09-30": 0, "2017-06-30": 0, "2017-03-31": "", "2016-12-31": 0, "2016-09-30": 0, "2016-06-30": 0, "2016-03-31": "", "2015-12-31": 0, "2015-09-30": 0, "2015-06-30": 0, "2015-03-31": "", "2014-12-31": 0, "2014-09-30": 0, "2014-06-30": 0, "2014-03-31": "", "2013-12-31": 0, "2013-09-30": 0, "2013-06-30": 0, "2013-03-31": "70.90000", "2012-12-31": 23.009, "2012-09-30": -7.386, "2012-06-30": 107.739, "2012-03-31": "-53.63600", "2011-12-31": 2.293, "2011-09-30": -31.547, "2011-06-30": -60.956, "2011-03-31": "22.71000", "2010-12-31": 1.1, "2010-11-30": -253.392, "2010-08-31": -93.722, "2010-05-31": 296.814, "2010-02-28": "50.30000", "2009-11-30": 249.72, "2009-08-31": -4.986, "2009-05-31": -244.734, "2009-02-28": "", "2008-11-30": 0, "2008-08-31": 0, "2008-05-31": 0, "2008-02-29": "", "2007-12-31": 0, "2007-11-30": 0, "2007-08-31": 0, "2007-05-31": 0, "2007-02-28": ""}, "Net Change In Long-Term Investments": {"2020-12-31": 0, "2020-09-30": 0, "2020-06-30": 0, "2020-03-31": "", "2019-12-31": 0, "2019-09-30": 0, "2019-06-30": 0, "2019-03-31": "", "2018-12-31": 0, "2018-09-30": 0, "2018-06-30": 0, "2018-03-31": "", "2017-12-31": 0, "2017-09-30": 0, "2017-06-30": 0.771, "2017-03-31": "", "2016-12-31": 0, "2016-09-30": 0, "2016-06-30": 0, "2016-03-31": "", "2015-12-31": 6.736, "2015-09-30": 0, "2015-06-30": 0, "2015-03-31": "", "2014-12-31": 0, "2014-09-30": 0, "2014-06-30": 0, "2014-03-31": "", "2013-12-31": 0, "2013-09-30": 0, "2013-06-30": 0, "2013-03-31": "", "2012-12-31": 0, "2012-09-30": 0, "2012-06-30": 0, "2012-03-31": "", "2011-12-31": 0, "2011-09-30": 0, "2011-06-30": 0, "2011-03-31": "", "2010-12-31": 0, "2010-11-30": 0, "2010-08-31": 112.556, "2010-05-31": 0, "2010-02-28": "-112.55600", "2009-11-30": 0, "2009-08-31": 0, "2009-05-31": 0, "2009-02-28": "", "2008-11-30": 0, "2008-08-31": 0, "2008-05-31": 0, "2008-02-29": "", "2007-12-31": 0, "2007-11-30": 0, "2007-08-31": 0, "2007-05-31": 0, "2007-02-28": ""}, "Net Change In Investments - Total": {"2020-12-31": 0, "2020-09-30": 0, "2020-06-30": 0, "2020-03-31": "", "2019-12-31": 0, "2019-09-30": 0, "2019-06-30": 0, "2019-03-31": "", "2018-12-31": 0, "2018-09-30": 0, "2018-06-30": 0, "2018-03-31": "", "2017-12-31": 0, "2017-09-30": 0, "2017-06-30": 0.771, "2017-03-31": "", "2016-12-31": 0, "2016-09-30": 0, "2016-06-30": 0, "2016-03-31": "", "2015-12-31": 6.736, "2015-09-30": 0, "2015-06-30": 0, "2015-03-31": "", "2014-12-31": 0, "2014-09-30": 0, "2014-06-30": 0, "2014-03-31": "", "2013-12-31": 0, "2013-09-30": 0, "2013-06-30": 0, "2013-03-31": "70.90000", "2012-12-31": 23.009, "2012-09-30": -7.386, "2012-06-30": 107.739, "2012-03-31": "-53.63600", "2011-12-31": 2.293, "2011-09-30": -31.547, "2011-06-30": -60.956, "2011-03-31": "22.71000", "2010-12-31": 1.1, "2010-11-30": -253.392, "2010-08-31": 18.834, "2010-05-31": 296.814, "2010-02-28": "-62.25600", "2009-11-30": 249.72, "2009-08-31": -4.986, "2009-05-31": -244.734, "2009-02-28": "", "2008-11-30": 0, "2008-08-31": 0, "2008-05-31": 0, "2008-02-29": "", "2007-12-31": 0, "2007-11-30": 0, "2007-08-31": 0, "2007-05-31": 0, "2007-02-28": ""}, "Investing Activities - Other": {"2020-12-31": 0, "2020-09-30": 0, "2020-06-30": 0, "2020-03-31": "", "2019-12-31": 0, "2019-09-30": 0, "2019-06-30": 0, "2019-03-31": "", "2018-12-31": 0, "2018-09-30": 0, "2018-06-30": 0, "2018-03-31": "", "2017-12-31": 0, "2017-09-30": 0, "2017-06-30": 0, "2017-03-31": "", "2016-12-31": 0, "2016-09-30": 0, "2016-06-30": 0, "2016-03-31": "", "2015-12-31": 0, "2015-09-30": 0, "2015-06-30": 0, "2015-03-31": "", "2014-12-31": 0, "2014-09-30": 0, "2014-06-30": 0, "2014-03-31": "", "2013-12-31": 0, "2013-09-30": 0, "2013-06-30": 0, "2013-03-31": "", "2012-12-31": 0, "2012-09-30": 0, "2012-06-30": 0, "2012-03-31": "", "2011-12-31": 0, "2011-09-30": 0, "2011-06-30": 0, "2011-03-31": "", "2010-12-31": 0, "2010-11-30": 0, "2010-08-31": 0, "2010-05-31": 0, "2010-02-28": "", "2009-11-30": 0, "2009-08-31": 0, "2009-05-31": 0, "2009-02-28": "", "2008-11-30": -137.625, "2008-08-31": 203.315, "2008-05-31": -39.216, "2008-02-29": "-26.47400", "2007-12-31": 192.6, "2007-11-30": -278.432, "2007-08-31": 315.211, "2007-05-31": -26.027, "2007-02-28": "-10.75200"}, "Cash Flow From Investing Activities": {"2020-12-31": -16.892, "2020-09-30": -11.725, "2020-06-30": -11.536, "2020-03-31": "-201.63800", "2019-12-31": -36.645, "2019-09-30": -14.765, "2019-06-30": -12.391, "2019-03-31": "-8.13600", "2018-12-31": 40.038, "2018-09-30": -13.097, "2018-06-30": 13.805, "2018-03-31": "-5.87200", "2017-12-31": -20.6, "2017-09-30": -11.553, "2017-06-30": -6.264, "2017-03-31": "-9.62900", "2016-12-31": -10.535, "2016-09-30": -13.071, "2016-06-30": -12.905, "2016-03-31": "-5.52000", "2015-12-31": -18.329, "2015-09-30": -12.25, "2015-06-30": -11.962, "2015-03-31": "-6.32000", "2014-12-31": -8.665, "2014-09-30": -35.153, "2014-06-30": 350.908, "2014-03-31": "-10.05300", "2013-12-31": -20.812, "2013-09-30": -14.208, "2013-06-30": -3.791, "2013-03-31": "42.93200", "2012-12-31": -102.969, "2012-09-30": -25.549, "2012-06-30": 92.085, "2012-03-31": "-57.92800", "2011-12-31": -3.976, "2011-09-30": -41.657, "2011-06-30": -63.853, "2011-03-31": "18.87500", "2010-12-31": -0.711, "2010-11-30": 854.624, "2010-08-31": -1084.486, "2010-05-31": 295.403, "2010-02-28": "-65.54100", "2009-11-30": 260.908, "2009-08-31": -6.655, "2009-05-31": -248.22, "2009-02-28": "-6.03300", "2008-11-30": -118.528, "2008-08-31": 190.038, "2008-05-31": -44.075, "2008-02-29": "-27.43500", "2007-12-31": 192.07, "2007-11-30": -277.486, "2007-08-31": 314.622, "2007-05-31": -26.48, "2007-02-28": "-10.65600"}, "Net Long-Term Debt": {"2020-12-31": -262.618, "2020-09-30": 0, "2020-06-30": 165.493, "2020-03-31": "97.12500", "2019-12-31": 486.875, "2019-09-30": 0, "2019-06-30": 0, "2019-03-31": "", "2018-12-31": 0, "2018-09-30": 0, "2018-06-30": 500, "2018-03-31": "", "2017-12-31": 0, "2017-09-30": 0, "2017-06-30": 0, "2017-03-31": "", "2016-12-31": 0, "2016-09-30": 500, "2016-06-30": 0, "2016-03-31": "", "2015-12-31": 0, "2015-09-30": 800, "2015-06-30": 0, "2015-03-31": "", "2014-12-31": 5.187, "2014-09-30": -5.062, "2014-06-30": -5.062, "2014-03-31": "-5.06300", "2013-12-31": 0, "2013-09-30": -11, "2013-06-30": -11, "2013-03-31": "-26.00000", "2012-12-31": -11, "2012-09-30": -11, "2012-06-30": -202.664, "2012-03-31": "-2.81200", "2011-12-31": -37.813, "2011-09-30": -2.811, "2011-06-30": -2.813, "2011-03-31": "-143.62500", "2010-12-31": 0, "2010-11-30": -777.452, "2010-08-31": 1087.092, "2010-05-31": -299.077, "2010-02-28": "-10.56300", "2009-11-30": 16.687, "2009-08-31": -5.562, "2009-05-31": -5.562, "2009-02-28": "-5.56300", "2008-11-30": 16.687, "2008-08-31": -5.562, "2008-05-31": -5.563, "2008-02-29": "-5.56200", "2007-12-31": 0, "2007-11-30": -625.901, "2007-08-31": 625.901, "2007-05-31": 0, "2007-02-28": ""}, "Net Current Debt": {"2020-12-31": 0, "2020-09-30": 0, "2020-06-30": 0, "2020-03-31": "", "2019-12-31": 0, "2019-09-30": 0, "2019-06-30": 0, "2019-03-31": "", "2018-12-31": 0, "2018-09-30": 0, "2018-06-30": 0, "2018-03-31": "", "2017-12-31": 0, "2017-09-30": 0, "2017-06-30": 0, "2017-03-31": "", "2016-12-31": 0, "2016-09-30": 0, "2016-06-30": 0, "2016-03-31": "", "2015-12-31": 0, "2015-09-30": 0, "2015-06-30": 0, "2015-03-31": "", "2014-12-31": 0, "2014-09-30": 0, "2014-06-30": 0, "2014-03-31": "", "2013-12-31": 0, "2013-09-30": 0, "2013-06-30": 0, "2013-03-31": "", "2012-12-31": 0, "2012-09-30": 0, "2012-06-30": 0, "2012-03-31": "", "2011-12-31": 0, "2011-09-30": 0, "2011-06-30": 0, "2011-03-31": "", "2010-12-31": 0, "2010-11-30": 0, "2010-08-31": 0, "2010-05-31": 0, "2010-02-28": "", "2009-11-30": 0, "2009-08-31": 0, "2009-05-31": 0, "2009-02-28": "", "2008-11-30": 0, "2008-08-31": 0, "2008-05-31": 0, "2008-02-29": "", "2007-12-31": 0, "2007-11-30": 0, "2007-08-31": 0, "2007-05-31": 0, "2007-02-28": ""}, "Debt Issuance/Retirement Net - Total": {"2020-12-31": -262.618, "2020-09-30": 0, "2020-06-30": 165.493, "2020-03-31": "97.12500", "2019-12-31": 486.875, "2019-09-30": 0, "2019-06-30": 0, "2019-03-31": "", "2018-12-31": 0, "2018-09-30": 0, "2018-06-30": 500, "2018-03-31": "", "2017-12-31": 0, "2017-09-30": 0, "2017-06-30": 0, "2017-03-31": "", "2016-12-31": 0, "2016-09-30": 500, "2016-06-30": 0, "2016-03-31": "", "2015-12-31": 0, "2015-09-30": 800, "2015-06-30": 0, "2015-03-31": "", "2014-12-31": 5.187, "2014-09-30": -5.062, "2014-06-30": -5.062, "2014-03-31": "-5.06300", "2013-12-31": 0, "2013-09-30": -11, "2013-06-30": -11, "2013-03-31": "-26.00000", "2012-12-31": -11, "2012-09-30": -11, "2012-06-30": -202.664, "2012-03-31": "-2.81200", "2011-12-31": -37.813, "2011-09-30": -2.811, "2011-06-30": -2.813, "2011-03-31": "-143.62500", "2010-12-31": 0, "2010-11-30": -777.452, "2010-08-31": 1087.092, "2010-05-31": -299.077, "2010-02-28": "-10.56300", "2009-11-30": 16.687, "2009-08-31": -5.562, "2009-05-31": -5.562, "2009-02-28": "-5.56300", "2008-11-30": 16.687, "2008-08-31": -5.562, "2008-05-31": -5.563, "2008-02-29": "-5.56200", "2007-12-31": 415.9, "2007-11-30": -625.901, "2007-08-31": 625.901, "2007-05-31": 0, "2007-02-28": ""}, "Net Common Equity Issued/Repurchased": {"2020-12-31": 613.566, "2020-09-30": -208.999, "2020-06-30": -31.673, "2020-03-31": "-372.89400", "2019-12-31": -3.601, "2019-09-30": -0.92, "2019-06-30": -0.578, "2019-03-31": "-283.74000", "2018-12-31": -656.678, "2018-09-30": -46.024, "2018-06-30": -155.406, "2018-03-31": "-91.17500", "2017-12-31": 0.743, "2017-09-30": -8.865, "2017-06-30": -39.967, "2017-03-31": "-99.73700", "2016-12-31": -274.883, "2016-09-30": -31.339, "2016-06-30": -119.026, "2016-03-31": "-344.27700", "2015-12-31": -254.877, "2015-09-30": -346.4, "2015-06-30": -86.087, "2015-03-31": "-9.72000", "2014-12-31": 0.417, "2014-09-30": -296.89, "2014-06-30": 1.952, "2014-03-31": "-105.44900", "2013-12-31": 0.139, "2013-09-30": -97.861, "2013-06-30": 2.874, "2013-03-31": "-5.63300", "2012-12-31": -100.515, "2012-09-30": 2.765, "2012-06-30": 4.038, "2012-03-31": "1.03400", "2011-12-31": -9.013, "2011-09-30": 1.117, "2011-06-30": 5.787, "2011-03-31": "3.91400", "2010-12-31": -1.696, "2010-11-30": -9.959, "2010-08-31": 10.195, "2010-05-31": 0.093, "2010-02-28": "-0.32900", "2009-11-30": 0.684, "2009-08-31": -0.109, "2009-05-31": -0.465, "2009-02-28": "-0.11000", "2008-11-30": 0.586, "2008-08-31": -0.029, "2008-05-31": -0.557, "2008-02-29": "", "2007-12-31": 0, "2007-11-30": 0, "2007-08-31": 0, "2007-05-31": 0, "2007-02-28": ""}, "Net Total Equity Issued/Repurchased": {"2020-12-31": 613.566, "2020-09-30": -208.999, "2020-06-30": -31.673, "2020-03-31": "-372.89400", "2019-12-31": -3.601, "2019-09-30": -0.92, "2019-06-30": -0.578, "2019-03-31": "-283.74000", "2018-12-31": -656.678, "2018-09-30": -46.024, "2018-06-30": -155.406, "2018-03-31": "-91.17500", "2017-12-31": 0.743, "2017-09-30": -8.865, "2017-06-30": -39.967, "2017-03-31": "-99.73700", "2016-12-31": -274.883, "2016-09-30": -31.339, "2016-06-30": -119.026, "2016-03-31": "-344.27700", "2015-12-31": -254.877, "2015-09-30": -346.4, "2015-06-30": -86.087, "2015-03-31": "-9.72000", "2014-12-31": 0.417, "2014-09-30": -296.89, "2014-06-30": 1.952, "2014-03-31": "-105.44900", "2013-12-31": 0.139, "2013-09-30": -97.861, "2013-06-30": 2.874, "2013-03-31": "-5.63300", "2012-12-31": -100.515, "2012-09-30": 2.765, "2012-06-30": 4.038, "2012-03-31": "1.03400", "2011-12-31": -9.013, "2011-09-30": 1.117, "2011-06-30": 5.787, "2011-03-31": "3.91400", "2010-12-31": -1.696, "2010-11-30": -9.959, "2010-08-31": 10.195, "2010-05-31": 0.093, "2010-02-28": "-0.32900", "2009-11-30": 0.684, "2009-08-31": -0.109, "2009-05-31": -0.465, "2009-02-28": "-0.11000", "2008-11-30": 0.586, "2008-08-31": -0.029, "2008-05-31": -0.557, "2008-02-29": "", "2007-12-31": 265.03, "2007-11-30": 0, "2007-08-31": 0, "2007-05-31": 0, "2007-02-28": ""}, "Total Common And Preferred Stock Dividends Paid": {"2020-12-31": 181.843, "2020-09-30": -65.434, "2020-06-30": -57.031, "2020-03-31": "-59.37800", "2019-12-31": -57.845, "2019-09-30": -57.846, "2019-06-30": -49.336, "2019-03-31": "-57.89500", "2018-12-31": -50.405, "2018-09-30": -51.734, "2018-06-30": -33.916, "2018-03-31": "-34.88300", "2017-12-31": -34.411, "2017-09-30": -34.386, "2017-06-30": -25.431, "2017-03-31": "-25.48900", "2016-12-31": -26.258, "2016-09-30": -26.652, "2016-06-30": -21.392, "2016-03-31": "-21.88900", "2015-12-31": -22.754, "2015-09-30": -24.146, "2015-06-30": -20.437, "2015-03-31": "-20.40600", "2014-12-31": -20.393, "2014-09-30": 0, "2014-06-30": 0, "2014-03-31": "", "2013-12-31": 0, "2013-09-30": 0, "2013-06-30": 0, "2013-03-31": "", "2012-12-31": 0, "2012-09-30": 0, "2012-06-30": 0, "2012-03-31": "", "2011-12-31": 0, "2011-09-30": 0, "2011-06-30": 0, "2011-03-31": "", "2010-12-31": 0, "2010-11-30": 0, "2010-08-31": 0, "2010-05-31": 0, "2010-02-28": "", "2009-11-30": 0, "2009-08-31": 0, "2009-05-31": 0, "2009-02-28": "", "2008-11-30": 0, "2008-08-31": 0, "2008-05-31": 0, "2008-02-29": "", "2007-12-31": -973, "2007-11-30": 973, "2007-08-31": -973, "2007-05-31": 0, "2007-02-28": ""}, "Financial Activities - Other": {"2020-12-31": 16.693, "2020-09-30": 0, "2020-06-30": -11.759, "2020-03-31": "-4.93400", "2019-12-31": -11.781, "2019-09-30": 0, "2019-06-30": 0, "2019-03-31": "", "2018-12-31": 0, "2018-09-30": 0, "2018-06-30": -6.262, "2018-03-31": "", "2017-12-31": 0, "2017-09-30": 0, "2017-06-30": 0, "2017-03-31": "", "2016-12-31": 0, "2016-09-30": -7.183, "2016-06-30": 0, "2016-03-31": "", "2015-12-31": -13.706, "2015-09-30": -10.003, "2015-06-30": 10.242, "2015-03-31": "2.99000", "2014-12-31": -15.162, "2014-09-30": 0.424, "2014-06-30": 1.599, "2014-03-31": "1.17400", "2013-12-31": 0.131, "2013-09-30": 0.364, "2013-06-30": 0.23, "2013-03-31": "1.17200", "2012-12-31": -0.531, "2012-09-30": -0.08, "2012-06-30": -3.473, "2012-03-31": "1.26200", "2011-12-31": 3.187, "2011-09-30": 0.313, "2011-06-30": 1.186, "2011-03-31": "2.57700", "2010-12-31": 0.297, "2010-11-30": 31.526, "2010-08-31": -32.989, "2010-05-31": 0.071, "2010-02-28": "1.39200", "2009-11-30": 0, "2009-08-31": 0, "2009-05-31": 0, "2009-02-28": "", "2008-11-30": 0.021, "2008-08-31": -0.021, "2008-05-31": 0, "2008-02-29": "", "2007-12-31": 0, "2007-11-30": 0, "2007-08-31": 0, "2007-05-31": 0, "2007-02-28": ""}, "Cash Flow From Financial Activities": {"2020-12-31": -229.554, "2020-09-30": -274.433, "2020-06-30": 65.03, "2020-03-31": "-340.08100", "2019-12-31": 413.648, "2019-09-30": -58.766, "2019-06-30": -49.914, "2019-03-31": "-341.63500", "2018-12-31": -707.083, "2018-09-30": -97.758, "2018-06-30": 304.416, "2018-03-31": "-126.05800", "2017-12-31": -33.668, "2017-09-30": -43.251, "2017-06-30": -65.398, "2017-03-31": "-125.22600", "2016-12-31": -301.141, "2016-09-30": 434.826, "2016-06-30": -140.418, "2016-03-31": "-366.16600", "2015-12-31": -291.337, "2015-09-30": 419.451, "2015-06-30": -96.282, "2015-03-31": "-27.13600", "2014-12-31": -29.951, "2014-09-30": -301.528, "2014-06-30": -1.511, "2014-03-31": "-109.33800", "2013-12-31": 0.27, "2013-09-30": -108.497, "2013-06-30": -7.896, "2013-03-31": "-30.46100", "2012-12-31": -112.046, "2012-09-30": -8.315, "2012-06-30": -202.099, "2012-03-31": "-0.51600", "2011-12-31": -43.639, "2011-09-30": -1.381, "2011-06-30": 4.16, "2011-03-31": "-137.13400", "2010-12-31": -1.399, "2010-11-30": -755.885, "2010-08-31": 1064.298, "2010-05-31": -298.913, "2010-02-28": "-9.50000", "2009-11-30": 17.371, "2009-08-31": -5.671, "2009-05-31": -6.027, "2009-02-28": "-5.67300", "2008-11-30": 17.294, "2008-08-31": -5.612, "2008-05-31": -6.12, "2008-02-29": "-5.56200", "2007-12-31": -292.06, "2007-11-30": 347.099, "2007-08-31": -347.099, "2007-05-31": 0, "2007-02-28": ""}, "Net Cash Flow": {"2020-12-31": -2.337, "2020-09-30": -82.119, "2020-06-30": 318.121, "2020-03-31": "-439.71100", "2019-12-31": 625.417, "2019-09-30": 110.033, "2019-06-30": 128.336, "2019-03-31": "-261.39500", "2018-12-31": -494.222, "2018-09-30": 30.802, "2018-06-30": 517.768, "2018-03-31": "-39.67400", "2017-12-31": 90.487, "2017-09-30": 48.434, "2017-06-30": 53.609, "2017-03-31": "-94.86200", "2016-12-31": -182.228, "2016-09-30": 569.448, "2016-06-30": -40.4, "2016-03-31": "-332.69200", "2015-12-31": -215.782, "2015-09-30": 538.467, "2015-06-30": -82.73, "2015-03-31": "28.95200", "2014-12-31": 60.606, "2014-09-30": -235.046, "2014-06-30": 422.789, "2014-03-31": "-97.98400", "2013-12-31": 74.684, "2013-09-30": -50.951, "2013-06-30": 71.672, "2013-03-31": "79.72000", "2012-12-31": -157.149, "2012-09-30": 67.151, "2012-06-30": 7.285, "2012-03-31": "13.81100", "2011-12-31": 30.636, "2011-09-30": 45.68, "2011-06-30": 48.255, "2011-03-31": "-141.78300", "2010-12-31": 42.848, "2010-11-30": -21.711, "2010-08-31": 45.587, "2010-05-31": 67.799, "2010-02-28": "-91.67500", "2009-11-30": 156.376, "2009-08-31": 38.932, "2009-05-31": -204.112, "2009-02-28": "8.80400", "2008-11-30": -212.634, "2008-08-31": 214.158, "2008-05-31": 10.365, "2008-02-29": "-11.88900", "2007-12-31": 9.45, "2007-11-30": 2.763, "2007-08-31": -8.352, "2007-05-31": 5.468, "2007-02-28": "0.12100"}, "Stock-Based Compensation": {"2020-12-31": -40.381, "2020-09-30": 11.116, "2020-06-30": 14.102, "2020-03-31": "15.16300", "2019-12-31": 10.714, "2019-09-30": 10.517, "2019-06-30": 10.427, "2019-03-31": "9.54100", "2018-12-31": 10.955, "2018-09-30": 9.87, "2018-06-30": 9.019, "2018-03-31": "9.05300", "2017-12-31": 8.908, "2017-09-30": 8.931, "2017-06-30": 9.343, "2017-03-31": "9.39400", "2016-12-31": 8.41, "2016-09-30": 8.318, "2016-06-30": 8.193, "2016-03-31": "7.08000", "2015-12-31": 8.006, "2015-09-30": 6.013, "2015-06-30": 7.189, "2015-03-31": "7.35000", "2014-12-31": 6.469, "2014-09-30": 7.659, "2014-06-30": 7.286, "2014-03-31": "5.17100", "2013-12-31": 5.854, "2013-09-30": 6.321, "2013-06-30": 6.018, "2013-03-31": "6.81100", "2012-12-31": 5.914, "2012-09-30": 7.537, "2012-06-30": 6.029, "2012-03-31": "5.84300", "2011-12-31": 7.401, "2011-09-30": 7.86, "2011-06-30": 8.008, "2011-03-31": "8.45400", "2010-12-31": 2.843, "2010-11-30": -22.944, "2010-08-31": 12.458, "2010-05-31": 5.366, "2010-02-28": "5.12000", "2009-11-30": -25.068, "2009-08-31": 8.354, "2009-05-31": 8.978, "2009-02-28": "7.73600", "2008-11-30": -17.494, "2008-08-31": 5.397, "2008-05-31": 7.222, "2008-02-29": "4.87500", "2007-12-31": 0, "2007-11-30": 0, "2007-08-31": 0, "2007-05-31": 0, "2007-02-28": ""}, "Common Stock Dividends Paid": {"2020-12-31": 181.843, "2020-09-30": -65.434, "2020-06-30": -57.031, "2020-03-31": "-59.37800", "2019-12-31": -57.845, "2019-09-30": -57.846, "2019-06-30": -49.336, "2019-03-31": "-57.89500", "2018-12-31": -50.405, "2018-09-30": -51.734, "2018-06-30": -33.916, "2018-03-31": "-34.88300", "2017-12-31": -34.411, "2017-09-30": -34.386, "2017-06-30": -25.431, "2017-03-31": "-25.48900", "2016-12-31": -26.258, "2016-09-30": -26.652, "2016-06-30": -21.392, "2016-03-31": "-21.88900", "2015-12-31": -22.754, "2015-09-30": -24.146, "2015-06-30": -20.437, "2015-03-31": "-20.40600", "2014-12-31": -20.393, "2014-09-30": 0, "2014-06-30": 0, "2014-03-31": "", "2013-12-31": 0, "2013-09-30": 0, "2013-06-30": 0, "2013-03-31": "", "2012-12-31": 0, "2012-09-30": 0, "2012-06-30": 0, "2012-03-31": "", "2011-12-31": 0, "2011-09-30": 0, "2011-06-30": 0, "2011-03-31": "", "2010-12-31": 0, "2010-11-30": 0, "2010-08-31": 0, "2010-05-31": 0, "2010-02-28": "", "2009-11-30": 0, "2009-08-31": 0, "2009-05-31": 0, "2009-02-28": "", "2008-11-30": 0, "2008-08-31": 0, "2008-05-31": 0, "2008-02-29": "", "2007-12-31": 0, "2007-11-30": 973, "2007-08-31": -973, "2007-05-31": 0, "2007-02-28": ""}}, "financial ratios": {"Current Ratio": {"2019-12-31": "2.31110", "2018-12-31": "1.77390", "2017-12-31": "2.08520", "2016-12-31": "1.96740", "2015-12-31": "2.13460", "2014-12-31": "1.62710", "2013-12-31": "1.24100", "2012-12-31": "1.00960", "2011-12-31": "1.49720", "2010-12-31": "", "2010-11-30": "1.14850", "2009-11-30": "2.05980", "2008-11-30": "1.34750", "2007-11-30": "1.14890", "2006-12-31": "", "2006-11-30": "2.09160", "2005-12-31": "2.09160", "2005-11-30": ""}, "Long-term Debt / Capital": {"2019-12-31": "1.02560", "2018-12-31": "1.06910", "2017-12-31": "0.83820", "2016-12-31": "0.86730", "2015-12-31": "0.63660", "2014-12-31": "0.35490", "2013-12-31": "0.33500", "2012-12-31": "0.36280", "2011-12-31": "0.44960", "2010-12-31": "", "2010-11-30": "0.52790", "2009-11-30": "0.39970", "2008-11-30": "0.57010", "2007-11-30": "0.66820", "2006-12-31": "1.00000", "2006-11-30": "", "2005-12-31": "", "2005-11-30": ""}, "Debt/Equity Ratio": {"2019-12-31": "-40.04390", "2018-12-31": "-15.46900", "2017-12-31": "5.18210", "2016-12-31": "6.53390", "2015-12-31": "1.75200", "2014-12-31": "0.55020", "2013-12-31": "0.51640", "2012-12-31": "0.59970", "2011-12-31": "0.82490", "2010-12-31": "", "2010-11-30": "1.16910", "2009-11-30": "0.74890", "2008-11-30": "1.40300", "2007-11-30": "2.12480", "2006-12-31": "", "2006-11-30": "", "2005-12-31": "", "2005-11-30": ""}, "Gross Margin": {"2019-12-31": "81.06550", "2018-12-31": "79.96250", "2017-12-31": "78.52090", "2016-12-31": "78.09040", "2015-12-31": "75.09840", "2014-12-31": "72.24560", "2013-12-31": "73.64720", "2012-12-31": "72.15420", "2011-12-31": "69.23810", "2010-12-31": "", "2010-11-30": "70.03690", "2009-11-30": "73.21020", "2008-11-30": "71.36860", "2007-11-30": "67.27860", "2006-12-31": "", "2006-11-30": "62.96470", "2005-12-31": "", "2005-11-30": "61.72070"}, "Operating Margin": {"2019-12-31": "48.51090", "2018-12-31": "47.90140", "2017-12-31": "45.50170", "2016-12-31": "42.41920", "2015-12-31": "37.57150", "2014-12-31": "33.82890", "2013-12-31": "37.26130", "2012-12-31": "38.48110", "2011-12-31": "35.74020", "2010-12-31": "", "2010-11-30": "31.09410", "2009-11-30": "34.08800", "2008-11-30": "31.50870", "2007-11-30": "35.13490", "2006-12-31": "", "2006-11-30": "26.72980", "2005-12-31": "", "2005-11-30": "26.43870"}, "EBIT Margin": {"2019-12-31": "48.51090", "2018-12-31": "47.90140", "2017-12-31": "45.50170", "2016-12-31": "42.41920", "2015-12-31": "37.57150", "2014-12-31": "33.82890", "2013-12-31": "37.26130", "2012-12-31": "38.48110", "2011-12-31": "35.74020", "2010-12-31": "", "2010-11-30": "31.09410", "2009-11-30": "34.08800", "2008-11-30": "31.50870", "2007-11-30": "35.13490", "2006-12-31": "", "2006-11-30": "26.72980", "2005-12-31": "", "2005-11-30": "26.43870"}, "EBITDA Margin": {"2019-12-31": "53.86990", "2018-12-31": "54.12530", "2017-12-31": "52.04580", "2016-12-31": "49.75580", "2015-12-31": "45.00710", "2014-12-31": "42.30840", "2013-12-31": "46.55870", "2012-12-31": "51.22230", "2011-12-31": "45.95810", "2010-12-31": "", "2010-11-30": "41.41830", "2009-11-30": "42.91700", "2008-11-30": "39.64560", "2007-11-30": "42.65830", "2006-12-31": "", "2006-11-30": "36.27450", "2005-12-31": "", "2005-11-30": "37.95760"}, "Pre-Tax Profit Margin": {"2019-12-31": "38.72900", "2018-12-31": "43.92630", "2017-12-31": "36.64330", "2016-12-31": "33.54030", "2015-12-31": "32.51630", "2014-12-31": "30.93650", "2013-12-31": "34.25010", "2012-12-31": "31.53620", "2011-12-31": "29.23750", "2010-12-31": "", "2010-11-30": "23.15440", "2009-11-30": "29.73740", "2008-11-30": "25.44150", "2007-11-30": "36.03600", "2006-12-31": "", "2006-11-30": "32.01470", "2005-12-31": "", "2005-11-30": "29.05010"}, "Net Profit Margin": {"2019-12-31": "36.18240", "2018-12-31": "35.41780", "2017-12-31": "23.85640", "2016-12-31": "22.66990", "2015-12-31": "20.80420", "2014-12-31": "28.50590", "2013-12-31": "24.36670", "2012-12-31": "22.27810", "2011-12-31": "19.25250", "2010-12-31": "", "2010-11-30": "13.79210", "2009-11-30": "18.18610", "2008-11-30": "15.41630", "2007-11-30": "21.92870", "2006-12-31": "", "2006-11-30": "22.99500", "2005-12-31": "", "2005-11-30": "19.59030"}, "Asset Turnover": {"2019-12-31": "0.37050", "2018-12-31": "0.42330", "2017-12-31": "0.38900", "2016-12-31": "0.37330", "2015-12-31": "0.34160", "2014-12-31": "0.34580", "2013-12-31": "0.29120", "2012-12-31": "0.27390", "2011-12-31": "0.29130", "2010-12-31": "", "2010-11-30": "0.21930", "2009-11-30": "0.36900", "2008-11-30": "0.42460", "2007-11-30": "0.40890", "2006-12-31": "", "2006-11-30": "0.27920", "2005-12-31": "", "2005-11-30": ""}, "Inventory Turnover Ratio": {"2019-12-31": "", "2018-12-31": "", "2017-12-31": "", "2016-12-31": "", "2015-12-31": "", "2014-12-31": "", "2013-12-31": "", "2012-12-31": "", "2011-12-31": "", "2010-12-31": "", "2010-11-30": "", "2009-11-30": "", "2008-11-30": "", "2007-11-30": "", "2006-12-31": "", "2006-11-30": "", "2005-12-31": "", "2005-11-30": ""}, "Receiveable Turnover": {"2019-12-31": "3.12020", "2018-12-31": "3.02890", "2017-12-31": "3.88950", "2016-12-31": "5.19480", "2015-12-31": "5.16240", "2014-12-31": "5.57690", "2013-12-31": "5.38890", "2012-12-31": "5.38560", "2011-12-31": "4.98950", "2010-12-31": "", "2010-11-30": "4.48930", "2009-11-30": "5.73920", "2008-11-30": "4.92590", "2007-11-30": "4.60200", "2006-12-31": "", "2006-11-30": "3.10160", "2005-12-31": "", "2005-11-30": ""}, "Days Sales In Receivables": {"2019-12-31": "116.98120", "2018-12-31": "120.50560", "2017-12-31": "93.84360", "2016-12-31": "70.26260", "2015-12-31": "70.70360", "2014-12-31": "65.44900", "2013-12-31": "67.73190", "2012-12-31": "67.77390", "2011-12-31": "73.15310", "2010-12-31": "", "2010-11-30": "81.30420", "2009-11-30": "63.59820", "2008-11-30": "74.09750", "2007-11-30": "79.31330", "2006-12-31": "", "2006-11-30": "117.68300", "2005-12-31": "", "2005-11-30": ""}, "ROE - Return On Equity": {"2019-12-31": "-734.73940", "2018-12-31": "-305.04750", "2017-12-31": "75.80120", "2016-12-31": "82.13190", "2015-12-31": "25.51760", "2014-12-31": "13.88450", "2013-12-31": "12.77910", "2012-12-31": "11.56240", "2011-12-31": "13.28710", "2010-12-31": "", "2010-11-30": "8.53330", "2009-11-30": "16.13250", "2008-11-30": "23.83810", "2007-11-30": "40.55130", "2006-12-31": "", "2006-11-30": "7.67480", "2005-12-31": "-63.92250", "2005-11-30": ""}, "Return On Tangible Equity": {"2019-12-31": "-29.64900", "2018-12-31": "-25.48270", "2017-12-31": "-20.51860", "2016-12-31": "-16.44850", "2015-12-31": "-21.79170", "2014-12-31": "-35.16750", "2013-12-31": "-23.67130", "2012-12-31": "-16.49140", "2011-12-31": "-16.55040", "2010-12-31": "", "2010-11-30": "-6.86400", "2009-11-30": "-149.39190", "2008-11-30": "-22.66930", "2007-11-30": "-19.49740", "2006-12-31": "36.88100", "2006-11-30": "34.56740", "2005-12-31": "-13.63440", "2005-11-30": ""}, "ROA - Return On Assets": {"2019-12-31": "13.40600", "2018-12-31": "14.99090", "2017-12-31": "9.27970", "2016-12-31": "8.46220", "2015-12-31": "7.30980", "2014-12-31": "6.90160", "2013-12-31": "6.37440", "2012-12-31": "5.45730", "2011-12-31": "5.60800", "2010-12-31": "", "2010-11-30": "3.04880", "2009-11-30": "6.81520", "2008-11-30": "6.72560", "2007-11-30": "8.96570", "2006-12-31": "-147.92540", "2006-11-30": "5.69500", "2005-12-31": "-10.11710", "2005-11-30": ""}, "ROI - Return On Investment": {"2019-12-31": "18.81830", "2018-12-31": "21.08270", "2017-12-31": "12.26140", "2016-12-31": "10.90160", "2015-12-31": "9.27240", "2014-12-31": "8.95650", "2013-12-31": "8.49830", "2012-12-31": "7.36710", "2011-12-31": "7.31260", "2010-12-31": "", "2010-11-30": "4.02840", "2009-11-30": "9.68430", "2008-11-30": "10.24910", "2007-11-30": "13.45640", "2006-12-31": "-29.52080", "2006-11-30": "7.67480", "2005-12-31": "-13.63440", "2005-11-30": ""}, "Book Value Per Share": {"2019-12-31": "-0.90470", "2018-12-31": "-1.97800", "2017-12-31": "4.45050", "2016-12-31": "3.47950", "2015-12-31": "8.92450", "2014-12-31": "12.78490", "2013-12-31": "13.24790", "2012-12-31": "11.86560", "2011-12-31": "10.76980", "2010-12-31": "", "2010-11-30": "9.03700", "2009-11-30": "4.83920", "2008-11-30": "2.86200", "2007-11-30": "", "2006-12-31": "", "2006-11-30": "", "2005-12-31": "", "2005-11-30": ""}, "Operating Cash Flow Per Share": {"2019-12-31": 1.4638, "2018-12-31": 2.4341, "2017-12-31": -0.1851, "2016-12-31": 1.6598, "2015-12-31": 0.3032, "2014-12-31": -0.0336, "2013-12-31": -0.1643, "2012-12-31": 0.7317, "2011-12-31": 2.0854, "2010-12-31": -1.6175, "2010-11-30": 0.3192, "2009-11-30": -0.2482, "2008-11-30": 0.244, "2007-11-30": 1.3025, "2006-12-31": -0.9972, "2006-11-30": 0.9972, "2005-12-31": -0.7137, "2005-11-30": 0.7137}, "Free Cash Flow Per Share": {"2019-12-31": 1.3811, "2018-12-31": 2.4194, "2017-12-31": -0.2746, "2016-12-31": 1.6648, "2015-12-31": 0.2924, "2014-12-31": -0.11, "2013-12-31": -0.1622, "2012-12-31": 0.5592, "2011-12-31": 1.8964, "2010-12-31": -1.5013, "2010-11-30": 0.336, "2009-11-30": -0.1263, "2008-11-30": -0.0046, "2007-11-30": 1.2962, "2006-12-31": -0.9682, "2006-11-30": 0.9682, "2005-12-31": -0.7096, "2005-11-30": 0.7096}}, "financial ratios, quarterly": {"Current Ratio": {"2020-09-30": "2.20770", "2020-06-30": "2.26020", "2020-03-31": "2.02910", "2019-12-31": "2.31110", "2019-09-30": "1.86170", "2019-06-30": "1.72510", "2019-03-31": "1.63420", "2018-12-31": "1.77390", "2018-09-30": "2.75140", "2018-06-30": "2.65350", "2018-03-31": "2.05580", "2017-12-31": "2.08520", "2017-09-30": "2.04620", "2017-06-30": "1.96130", "2017-03-31": "1.99190", "2016-12-31": "1.96740", "2016-09-30": "2.44280", "2016-06-30": "1.44600", "2016-03-31": "1.63040", "2015-12-31": "2.13460", "2015-09-30": "2.62010", "2015-06-30": "1.69370", "2015-03-31": "1.74570", "2014-12-31": "1.62710", "2014-09-30": "1.52130", "2014-06-30": "2.11760", "2014-03-31": "1.80890", "2013-12-31": "1.24100", "2013-09-30": "1.10930", "2013-06-30": "1.24380", "2013-03-31": "1.08380", "2012-12-31": "1.00960", "2012-09-30": "1.35920", "2012-06-30": "1.25060", "2012-03-31": "1.69310", "2011-12-31": "1.49720", "2011-09-30": "1.45760", "2011-06-30": "1.32520", "2011-03-31": "1.18770", "2010-12-31": "1.23360", "2010-11-30": "", "2010-08-31": "1.08890", "2010-05-31": "1.45430", "2010-02-28": "2.29350", "2009-11-30": "", "2009-08-31": "1.53850", "2009-05-31": "1.46780", "2009-02-28": "1.41590", "2008-11-30": "", "2008-08-31": "1.29700", "2008-05-31": "1.25280", "2008-02-29": "1.19840", "2007-12-31": "1.14890", "2007-11-30": "", "2007-08-31": "", "2007-05-31": "", "2007-02-28": ""}, "Long-term Debt / Capital": {"2020-09-30": "1.12980", "2020-06-30": "1.10180", "2020-03-31": "1.12580", "2019-12-31": "1.02560", "2019-09-30": "1.06080", "2019-06-30": "1.09880", "2019-03-31": "1.14010", "2018-12-31": "1.06910", "2018-09-30": "0.87180", "2018-06-30": "0.88140", "2018-03-31": "0.83150", "2017-12-31": "0.83820", "2017-09-30": "0.85220", "2017-06-30": "0.87110", "2017-03-31": "0.88160", "2016-12-31": "0.86730", "2016-09-30": "0.79000", "2016-06-30": "0.74710", "2016-03-31": "0.71960", "2015-12-31": "0.63660", "2015-09-30": "0.58520", "2015-06-30": "0.35810", "2015-03-31": "0.35470", "2014-12-31": "0.35490", "2014-09-30": "0.35630", "2014-06-30": "0.31830", "2014-03-31": "0.33370", "2013-12-31": "0.33500", "2013-09-30": "0.33110", "2013-06-30": "0.33250", "2013-03-31": "0.34550", "2012-12-31": "0.36280", "2012-09-30": "0.35910", "2012-06-30": "0.37150", "2012-03-31": "0.43810", "2011-12-31": "0.44960", "2011-09-30": "0.46660", "2011-06-30": "0.47790", "2011-03-31": "0.49100", "2010-12-31": "0.52290", "2010-11-30": "", "2010-08-31": "0.54800", "2010-05-31": "0.09760", "2010-02-28": "0.37480", "2009-11-30": "", "2009-08-31": "0.48540", "2009-05-31": "0.51300", "2009-02-28": "0.54100", "2008-11-30": "", "2008-08-31": "0.58480", "2008-05-31": "0.60950", "2008-02-29": "0.64130", "2007-12-31": "0.66820", "2007-11-30": "", "2007-08-31": "", "2007-05-31": "", "2007-02-28": ""}, "Debt/Equity Ratio": {"2020-09-30": "-8.70640", "2020-06-30": "-10.82160", "2020-03-31": "-8.94660", "2019-12-31": "-40.04390", "2019-09-30": "-17.43700", "2019-06-30": "-11.11840", "2019-03-31": "-8.14000", "2018-12-31": "-15.46900", "2018-09-30": "6.80320", "2018-06-30": "7.42950", "2018-03-31": "4.93340", "2017-12-31": "5.18210", "2017-09-30": "5.76540", "2017-06-30": "6.75990", "2017-03-31": "7.44490", "2016-12-31": "6.53390", "2016-09-30": "3.76140", "2016-06-30": "2.95340", "2016-03-31": "2.56630", "2015-12-31": "1.75200", "2015-09-30": "1.41080", "2015-06-30": "0.55800", "2015-03-31": "0.54960", "2014-12-31": "0.55020", "2014-09-30": "0.56780", "2014-06-30": "0.47870", "2014-03-31": "0.51340", "2013-12-31": "0.51640", "2013-09-30": "0.53040", "2013-06-30": "0.52590", "2013-03-31": "0.55680", "2012-12-31": "0.59970", "2012-09-30": "0.58950", "2012-06-30": "0.62160", "2012-03-31": "0.78730", "2011-12-31": "0.82490", "2011-09-30": "0.88310", "2011-06-30": "0.92390", "2011-03-31": "0.97360", "2010-12-31": "1.14580", "2010-11-30": "", "2010-08-31": "1.22390", "2010-05-31": "0.12240", "2010-02-28": "0.67660", "2009-11-30": "", "2009-08-31": "1.04380", "2009-05-31": "1.14780", "2009-02-28": "1.26530", "2008-11-30": "", "2008-08-31": "1.49010", "2008-05-31": "1.64980", "2008-02-29": "1.88790", "2007-12-31": "2.12480", "2007-11-30": "", "2007-08-31": "", "2007-05-31": "", "2007-02-28": ""}, "Gross Margin": {"2020-09-30": "83.37680", "2020-06-30": "82.79950", "2020-03-31": "82.09870", "2019-12-31": "82.74640", "2019-09-30": "82.12150", "2019-06-30": "81.33220", "2019-03-31": "77.82710", "2018-12-31": "79.60760", "2018-09-30": "80.19020", "2018-06-30": "80.34190", "2018-03-31": "79.70380", "2017-12-31": "79.31560", "2017-09-30": "78.75390", "2017-06-30": "78.31690", "2017-03-31": "77.60250", "2016-12-31": "78.20480", "2016-09-30": "78.16270", "2016-06-30": "78.61980", "2016-03-31": "77.34370", "2015-12-31": "76.25290", "2015-09-30": "75.59520", "2015-06-30": "75.09280", "2015-03-31": "73.39720", "2014-12-31": "78.25210", "2014-09-30": "72.27620", "2014-06-30": "69.78440", "2014-03-31": "68.53120", "2013-12-31": "84.14700", "2013-09-30": "70.18870", "2013-06-30": "69.48820", "2013-03-31": "70.24640", "2012-12-31": "86.76820", "2012-09-30": "70.96970", "2012-06-30": "69.29850", "2012-03-31": "68.43900", "2011-12-31": "69.43360", "2011-09-30": "69.35110", "2011-06-30": "69.60480", "2011-03-31": "68.55410", "2010-12-31": "71.06340", "2010-11-30": "", "2010-08-31": "65.59960", "2010-05-31": "75.66270", "2010-02-28": "75.92780", "2009-11-30": "", "2009-08-31": "74.05390", "2009-05-31": "73.23980", "2009-02-28": "72.68090", "2008-11-30": "", "2008-08-31": "74.81860", "2008-05-31": "72.60870", "2008-02-29": "70.59580", "2007-12-31": "100.00000", "2007-11-30": "", "2007-08-31": "68.23400", "2007-05-31": "65.81370", "2007-02-28": "62.94200"}, "Operating Margin": {"2020-09-30": "53.51570", "2020-06-30": "52.53090", "2020-03-31": "49.87860", "2019-12-31": "49.04720", "2019-09-30": "51.03830", "2019-06-30": "49.89600", "2019-03-31": "43.80270", "2018-12-31": "46.95150", "2018-09-30": "49.28370", "2018-06-30": "47.79310", "2018-03-31": "47.58280", "2017-12-31": "46.04200", "2017-09-30": "46.19700", "2017-06-30": "46.22120", "2017-03-31": "43.40270", "2016-12-31": "43.03510", "2016-09-30": "42.73440", "2016-06-30": "43.25280", "2016-03-31": "40.57740", "2015-12-31": "39.40850", "2015-09-30": "40.59290", "2015-06-30": "36.40730", "2015-03-31": "33.77190", "2014-12-31": "33.88780", "2014-09-30": "33.39250", "2014-06-30": "34.82370", "2014-03-31": "33.17020", "2013-12-31": "35.31440", "2013-09-30": "36.70210", "2013-06-30": "39.35200", "2013-03-31": "37.76890", "2012-12-31": "53.74530", "2012-09-30": "35.47720", "2012-06-30": "36.51880", "2012-03-31": "35.35400", "2011-12-31": "36.09940", "2011-09-30": "36.54910", "2011-06-30": "36.51090", "2011-03-31": "33.77950", "2010-12-31": "36.77270", "2010-11-30": "", "2010-08-31": "20.44510", "2010-05-31": "37.30690", "2010-02-28": "38.83710", "2009-11-30": "", "2009-08-31": "34.71910", "2009-05-31": "33.51220", "2009-02-28": "30.95310", "2008-11-30": "", "2008-08-31": "33.98490", "2008-05-31": "30.41450", "2008-02-29": "33.50330", "2007-12-31": "100.00000", "2007-11-30": "", "2007-08-31": "35.99620", "2007-05-31": "30.03540", "2007-02-28": "33.96500"}, "EBIT Margin": {"2020-09-30": "53.51570", "2020-06-30": "52.53090", "2020-03-31": "49.87860", "2019-12-31": "49.04720", "2019-09-30": "51.03830", "2019-06-30": "49.89600", "2019-03-31": "43.80270", "2018-12-31": "46.95150", "2018-09-30": "49.28370", "2018-06-30": "47.79310", "2018-03-31": "47.58280", "2017-12-31": "46.04200", "2017-09-30": "46.19700", "2017-06-30": "46.22120", "2017-03-31": "43.40270", "2016-12-31": "43.03510", "2016-09-30": "42.73440", "2016-06-30": "43.25280", "2016-03-31": "40.57740", "2015-12-31": "39.40850", "2015-09-30": "40.59290", "2015-06-30": "36.40730", "2015-03-31": "33.77190", "2014-12-31": "33.88780", "2014-09-30": "33.39250", "2014-06-30": "34.82370", "2014-03-31": "33.17020", "2013-12-31": "35.31440", "2013-09-30": "36.70210", "2013-06-30": "39.35200", "2013-03-31": "37.76890", "2012-12-31": "53.74530", "2012-09-30": "35.47720", "2012-06-30": "36.51880", "2012-03-31": "35.35400", "2011-12-31": "36.09940", "2011-09-30": "36.54910", "2011-06-30": "36.51090", "2011-03-31": "33.77950", "2010-12-31": "36.77270", "2010-11-30": "", "2010-08-31": "20.44510", "2010-05-31": "37.30690", "2010-02-28": "38.83710", "2009-11-30": "", "2009-08-31": "34.71910", "2009-05-31": "33.51220", "2009-02-28": "30.95310", "2008-11-30": "", "2008-08-31": "33.98490", "2008-05-31": "30.41450", "2008-02-29": "33.50330", "2007-12-31": "100.00000", "2007-11-30": "", "2007-08-31": "35.99620", "2007-05-31": "30.03540", "2007-02-28": "33.96500"}, "EBITDA Margin": {"2020-09-30": "", "2020-06-30": "", "2020-03-31": "", "2019-12-31": "", "2019-09-30": "", "2019-06-30": "", "2019-03-31": "", "2018-12-31": "", "2018-09-30": "", "2018-06-30": "", "2018-03-31": "", "2017-12-31": "", "2017-09-30": "", "2017-06-30": "", "2017-03-31": "", "2016-12-31": "", "2016-09-30": "", "2016-06-30": "", "2016-03-31": "", "2015-12-31": "", "2015-09-30": "", "2015-06-30": "", "2015-03-31": "", "2014-12-31": "", "2014-09-30": "", "2014-06-30": "", "2014-03-31": "", "2013-12-31": "", "2013-09-30": "", "2013-06-30": "", "2013-03-31": "", "2012-12-31": "", "2012-09-30": "", "2012-06-30": "", "2012-03-31": "", "2011-12-31": "", "2011-09-30": "", "2011-06-30": "", "2011-03-31": "", "2010-12-31": "", "2010-11-30": "", "2010-08-31": "", "2010-05-31": "", "2010-02-28": "", "2009-11-30": "", "2009-08-31": "", "2009-05-31": "", "2009-02-28": "", "2008-11-30": "", "2008-08-31": "", "2008-05-31": "", "2008-02-29": "", "2007-12-31": "", "2007-11-30": "", "2007-08-31": "", "2007-05-31": "", "2007-02-28": ""}, "Pre-Tax Profit Margin": {"2020-09-30": "44.44590", "2020-06-30": "33.97500", "2020-03-31": "39.07310", "2019-12-31": "36.03810", "2019-09-30": "42.80220", "2019-06-30": "41.43220", "2019-03-31": "34.54460", "2018-12-31": "51.78190", "2018-09-30": "41.02600", "2018-06-30": "43.05870", "2018-03-31": "39.69020", "2017-12-31": "37.92350", "2017-09-30": "37.50520", "2017-06-30": "37.17660", "2017-03-31": "33.73930", "2016-12-31": "33.15950", "2016-09-30": "33.81100", "2016-06-30": "34.59920", "2016-03-31": "32.55660", "2015-12-31": "31.30750", "2015-09-30": "36.85000", "2015-06-30": "32.30690", "2015-03-31": "29.55450", "2014-12-31": "28.16670", "2014-09-30": "31.78720", "2014-06-30": "33.07410", "2014-03-31": "30.67780", "2013-12-31": "32.50560", "2013-09-30": "34.00580", "2013-06-30": "36.73190", "2013-03-31": "33.80430", "2012-12-31": "48.17840", "2012-09-30": "32.10700", "2012-06-30": "24.00230", "2012-03-31": "29.79190", "2011-12-31": "31.01170", "2011-09-30": "31.24040", "2011-06-30": "30.74930", "2011-03-31": "23.88920", "2010-12-31": "28.34370", "2010-11-30": "", "2010-08-31": "10.17300", "2010-05-31": "30.31960", "2010-02-28": "36.02650", "2009-11-30": "", "2009-08-31": "30.96500", "2009-05-31": "29.23150", "2009-02-28": "24.91150", "2008-11-30": "", "2008-08-31": "27.30730", "2008-05-31": "28.08360", "2008-02-29": "27.37940", "2007-12-31": "100.00000", "2007-11-30": "", "2007-08-31": "35.62390", "2007-05-31": "35.72310", "2007-02-28": "39.70070"}, "Net Profit Margin": {"2020-09-30": "42.87420", "2020-06-30": "28.10510", "2020-03-31": "35.54030", "2019-12-31": "30.19700", "2019-09-30": "34.74510", "2019-06-30": "32.59950", "2019-03-31": "47.98090", "2018-12-31": "42.06170", "2018-09-30": "34.59630", "2018-06-30": "32.18020", "2018-03-31": "32.76030", "2017-12-31": "19.29690", "2017-09-30": "26.43710", "2017-06-30": "25.70990", "2017-03-31": "24.21960", "2016-12-31": "23.30850", "2016-09-30": "22.63300", "2016-06-30": "23.04130", "2016-03-31": "21.65030", "2015-12-31": "21.76900", "2015-09-30": "23.96020", "2015-06-30": "20.70260", "2015-03-31": "16.67890", "2014-12-31": "17.65800", "2014-09-30": "20.54910", "2014-06-30": "42.34820", "2014-03-31": "33.54320", "2013-12-31": "19.95110", "2013-09-30": "24.19430", "2013-06-30": "26.72800", "2013-03-31": "26.85440", "2012-12-31": "43.93810", "2012-09-30": "20.50340", "2012-06-30": "15.73830", "2012-03-31": "19.19480", "2011-12-31": "20.21850", "2011-09-30": "21.91040", "2011-06-30": "19.96930", "2011-03-31": "14.86890", "2010-12-31": "18.86130", "2010-11-30": "", "2010-08-31": "5.03170", "2010-05-31": "18.95820", "2010-02-28": "22.24280", "2009-11-30": "", "2009-08-31": "18.66570", "2009-05-31": "17.41620", "2009-02-28": "15.32170", "2008-11-30": "", "2008-08-31": "17.09980", "2008-05-31": "17.21980", "2008-02-29": "17.08800", "2007-12-31": "23.83290", "2007-11-30": "", "2007-08-31": "23.13570", "2007-05-31": "22.36680", "2007-02-28": "24.85620"}, "Asset Turnover": {"2020-09-30": "0.10340", "2020-06-30": "0.09780", "2020-03-31": "0.10650", "2019-12-31": "0.09670", "2019-09-30": "0.11330", "2019-06-30": "0.11260", "2019-03-31": "0.11270", "2018-12-31": "0.10680", "2018-09-30": "0.09400", "2018-06-30": "0.09590", "2018-03-31": "0.10500", "2017-12-31": "0.10220", "2017-09-30": "0.10210", "2017-06-30": "0.10230", "2017-03-31": "0.10020", "2016-12-31": "0.09500", "2016-09-30": "0.08720", "2016-06-30": "0.10410", "2016-03-31": "0.09850", "2015-12-31": "0.08670", "2015-09-30": "0.07980", "2015-06-30": "0.09410", "2015-03-31": "0.09070", "2014-12-31": "0.08710", "2014-09-30": "0.08740", "2014-06-30": "0.08110", "2014-03-31": "0.07750", "2013-12-31": "0.07550", "2013-09-30": "0.07420", "2013-06-30": "0.07360", "2013-03-31": "0.07240", "2012-12-31": "0.04100", "2012-09-30": "0.07710", "2012-06-30": "0.07970", "2012-03-31": "0.07360", "2011-12-31": "0.07310", "2011-09-30": "0.07340", "2011-06-30": "0.07530", "2011-03-31": "0.07670", "2010-12-31": "0.02370", "2010-11-30": "", "2010-08-31": "0.06880", "2010-05-31": "0.13200", "2010-02-28": "0.10170", "2009-11-30": "", "2009-08-31": "0.10060", "2009-05-31": "0.10280", "2009-02-28": "0.10280", "2008-11-30": "", "2008-08-31": "0.11110", "2008-05-31": "0.10790", "2008-02-29": "0.10910", "2007-12-31": "0.11240", "2007-11-30": "", "2007-08-31": "", "2007-05-31": "", "2007-02-28": ""}, "Inventory Turnover Ratio": {"2020-09-30": "", "2020-06-30": "", "2020-03-31": "", "2019-12-31": "", "2019-09-30": "", "2019-06-30": "", "2019-03-31": "", "2018-12-31": "", "2018-09-30": "", "2018-06-30": "", "2018-03-31": "", "2017-12-31": "", "2017-09-30": "", "2017-06-30": "", "2017-03-31": "", "2016-12-31": "", "2016-09-30": "", "2016-06-30": "", "2016-03-31": "", "2015-12-31": "", "2015-09-30": "", "2015-06-30": "", "2015-03-31": "", "2014-12-31": "", "2014-09-30": "", "2014-06-30": "", "2014-03-31": "", "2013-12-31": "", "2013-09-30": "", "2013-06-30": "", "2013-03-31": "", "2012-12-31": "", "2012-09-30": "", "2012-06-30": "", "2012-03-31": "", "2011-12-31": "", "2011-09-30": "", "2011-06-30": "", "2011-03-31": "", "2010-12-31": "", "2010-11-30": "", "2010-08-31": "", "2010-05-31": "", "2010-02-28": "", "2009-11-30": "", "2009-08-31": "", "2009-05-31": "", "2009-02-28": "", "2008-11-30": "", "2008-08-31": "", "2008-05-31": "", "2008-02-29": "", "2007-12-31": "", "2007-11-30": "", "2007-08-31": "", "2007-05-31": "", "2007-02-28": ""}, "Receiveable Turnover": {"2020-09-30": "0.98960", "2020-06-30": "0.87880", "2020-03-31": "0.86470", "2019-12-31": "0.81440", "2019-09-30": "0.96270", "2019-06-30": "0.87960", "2019-03-31": "0.86950", "2018-12-31": "0.76400", "2018-09-30": "0.94520", "2018-06-30": "0.91940", "2018-03-31": "0.75950", "2017-12-31": "1.02190", "2017-09-30": "1.04170", "2017-06-30": "1.09290", "2017-03-31": "1.14840", "2016-12-31": "1.32190", "2016-09-30": "1.22320", "2016-06-30": "1.17410", "2016-03-31": "1.07170", "2015-12-31": "1.31050", "2015-09-30": "1.29070", "2015-06-30": "1.26150", "2015-03-31": "1.42170", "2014-12-31": "1.40500", "2014-09-30": "1.31210", "2014-06-30": "1.19110", "2014-03-31": "1.24900", "2013-12-31": "1.39750", "2013-09-30": "1.27060", "2013-06-30": "1.42670", "2013-03-31": "1.31490", "2012-12-31": "0.80710", "2012-09-30": "1.89400", "2012-06-30": "1.75320", "2012-03-31": "1.33030", "2011-12-31": "1.25240", "2011-09-30": "1.34790", "2011-06-30": "1.27820", "2011-03-31": "1.20240", "2010-12-31": "0.52560", "2010-11-30": "", "2010-08-31": "1.77020", "2010-05-31": "1.35280", "2010-02-28": "1.06830", "2009-11-30": "", "2009-08-31": "1.42290", "2009-05-31": "1.14680", "2009-02-28": "1.01980", "2008-11-30": "", "2008-08-31": "1.21580", "2008-05-31": "1.00020", "2008-02-29": "0.81090", "2007-12-31": "1.30770", "2007-11-30": "", "2007-08-31": "", "2007-05-31": "", "2007-02-28": ""}, "Days Sales In Receivables": {"2020-09-30": "90.94610", "2020-06-30": "102.40970", "2020-03-31": "104.08150", "2019-12-31": "110.51020", "2019-09-30": "93.48540", "2019-06-30": "102.31450", "2019-03-31": "103.50260", "2018-12-31": "117.80590", "2018-09-30": "95.22270", "2018-06-30": "97.89320", "2018-03-31": "118.50280", "2017-12-31": "88.06920", "2017-09-30": "86.39520", "2017-06-30": "82.35160", "2017-03-31": "78.37140", "2016-12-31": "68.08250", "2016-09-30": "73.57780", "2016-06-30": "76.65190", "2016-03-31": "83.97690", "2015-12-31": "68.67720", "2015-09-30": "69.73040", "2015-06-30": "71.34240", "2015-03-31": "63.30440", "2014-12-31": "64.05500", "2014-09-30": "68.59440", "2014-06-30": "75.55830", "2014-03-31": "72.05800", "2013-12-31": "64.40030", "2013-09-30": "70.83220", "2013-06-30": "63.08070", "2013-03-31": "68.44860", "2012-12-31": "111.51650", "2012-09-30": "47.51790", "2012-06-30": "51.33470", "2012-03-31": "67.65400", "2011-12-31": "71.86420", "2011-09-30": "66.77150", "2011-06-30": "70.41150", "2011-03-31": "74.85180", "2010-12-31": "171.23880", "2010-11-30": "", "2010-08-31": "50.84240", "2010-05-31": "66.53110", "2010-02-28": "84.24630", "2009-11-30": "", "2009-08-31": "63.25080", "2009-05-31": "78.47920", "2009-02-28": "88.25460", "2008-11-30": "", "2008-08-31": "74.02400", "2008-05-31": "89.97840", "2008-02-29": "110.98840", "2007-12-31": "68.82490", "2007-11-30": "", "2007-08-31": "", "2007-05-31": "", "2007-02-28": ""}, "ROE - Return On Equity": {"2020-09-30": "-47.17140", "2020-06-30": "-37.02520", "2020-03-31": "-41.80410", "2019-12-31": "-160.05290", "2019-09-30": "-92.64640", "2019-06-30": "-54.22310", "2019-03-31": "-56.29940", "2018-12-31": "-91.37400", "2018-09-30": "32.72160", "2018-06-30": "33.72450", "2018-03-31": "27.31350", "2017-12-31": "16.10970", "2017-09-30": "23.63300", "2017-06-30": "26.45380", "2017-03-31": "26.16250", "2016-12-31": "21.48890", "2016-09-30": "11.83660", "2016-06-30": "12.51180", "2016-03-31": "9.80530", "2015-12-31": "6.65560", "2015-09-30": "5.75440", "2015-06-30": "3.90710", "2015-03-31": "3.40890", "2014-12-31": "3.01980", "2014-09-30": "3.70370", "2014-06-30": "3.40820", "2014-03-31": "3.01500", "2013-12-31": "2.61290", "2013-09-30": "3.28060", "2013-06-30": "3.60840", "2013-03-31": "3.55720", "2012-12-31": "2.45610", "2012-09-30": "3.28830", "2012-06-30": "2.66350", "2012-03-31": "3.22190", "2011-12-31": "3.40780", "2011-09-30": "3.94530", "2011-06-30": "3.77650", "2011-03-31": "2.91480", "2010-12-31": "1.25430", "2010-11-30": "", "2010-08-31": "0.99780", "2010-05-31": "4.17520", "2010-02-28": "5.04310", "2009-11-30": "", "2009-08-31": "5.66920", "2009-05-31": "5.76260", "2009-02-28": "5.34010", "2008-11-30": "", "2008-08-31": "6.90600", "2008-05-31": "7.42680", "2008-02-29": "8.07220", "2007-12-31": "12.11280", "2007-11-30": "", "2007-08-31": "", "2007-05-31": "", "2007-02-28": ""}, "Return On Tangible Equity": {"2020-09-30": "-8.32750", "2020-06-30": "-5.43710", "2020-03-31": "-6.83500", "2019-12-31": "-6.45860", "2019-09-30": "-7.01080", "2019-06-30": "-6.14440", "2019-03-31": "-8.33430", "2018-12-31": "-7.63310", "2018-09-30": "-8.50490", "2018-06-30": "-7.74270", "2018-03-31": "-7.89630", "2017-12-31": "-4.36070", "2017-09-30": "-5.57220", "2017-06-30": "-5.13090", "2017-03-31": "-4.51230", "2016-12-31": "-4.30360", "2016-09-30": "-4.78130", "2016-06-30": "-4.80450", "2016-03-31": "-4.54100", "2015-12-31": "-5.68370", "2015-09-30": "-7.63080", "2015-06-30": "-10.33640", "2015-03-31": "-9.47450", "2014-12-31": "-7.64880", "2014-09-30": "-8.39750", "2014-06-30": "-16.27750", "2014-03-31": "-10.57580", "2013-12-31": "-4.84000", "2013-09-30": "-5.65630", "2013-06-30": "-6.57920", "2013-03-31": "-5.62130", "2012-12-31": "-3.50310", "2012-09-30": "-5.76390", "2012-06-30": "-4.11740", "2012-03-31": "-4.51910", "2011-12-31": "-4.24470", "2011-09-30": "-4.49430", "2011-06-30": "-3.87900", "2011-03-31": "-2.68030", "2010-12-31": "-1.05110", "2010-11-30": "", "2010-08-31": "-0.73590", "2010-05-31": "103.83970", "2010-02-28": "-231.76990", "2009-11-30": "", "2009-08-31": "-10.51450", "2009-05-31": "-8.38110", "2009-02-28": "-6.24210", "2008-11-30": "", "2008-08-31": "-5.87550", "2008-05-31": "-5.30920", "2008-02-29": "-4.63730", "2007-12-31": "-5.82390", "2007-11-30": "", "2007-08-31": "", "2007-05-31": "", "2007-02-28": ""}, "ROA - Return On Assets": {"2020-09-30": "4.43510", "2020-06-30": "2.74930", "2020-03-31": "3.78660", "2019-12-31": "2.92030", "2019-09-30": "3.93660", "2019-06-30": "3.66970", "2019-03-31": "5.40700", "2018-12-31": "4.49040", "2018-09-30": "3.25330", "2018-06-30": "3.08600", "2018-03-31": "3.44120", "2017-12-31": "1.97220", "2017-09-30": "2.69940", "2017-06-30": "2.62990", "2017-03-31": "2.42750", "2016-12-31": "2.21410", "2016-09-30": "1.97400", "2016-06-30": "2.39900", "2016-03-31": "2.13190", "2015-12-31": "1.90660", "2015-09-30": "1.91270", "2015-06-30": "1.94800", "2015-03-31": "1.71320", "2014-12-31": "1.50110", "2014-09-30": "1.79580", "2014-06-30": "1.81290", "2014-03-31": "1.52390", "2013-12-31": "1.30340", "2013-09-30": "1.62050", "2013-06-30": "1.80800", "2013-03-31": "1.74670", "2012-12-31": "1.15920", "2012-09-30": "1.58110", "2012-06-30": "1.25370", "2012-03-31": "1.41230", "2011-12-31": "1.43830", "2011-09-30": "1.62480", "2011-06-30": "1.51720", "2011-03-31": "1.15170", "2010-12-31": "0.45210", "2010-11-30": "", "2010-08-31": "0.35000", "2010-05-31": "2.53890", "2010-02-28": "2.30110", "2009-11-30": "", "2009-08-31": "1.93280", "2009-05-31": "1.84400", "2009-02-28": "1.62360", "2008-11-30": "", "2008-08-31": "1.90020", "2008-05-31": "1.85790", "2008-02-29": "1.86370", "2007-12-31": "2.67810", "2007-11-30": "", "2007-08-31": "", "2007-05-31": "", "2007-02-28": ""}, "ROI - Return On Investment": {"2020-09-30": "6.12100", "2020-06-30": "3.76980", "2020-03-31": "5.26060", "2019-12-31": "4.09930", "2019-09-30": "5.63650", "2019-06-30": "5.35880", "2019-03-31": "7.88500", "2018-12-31": "6.31510", "2018-09-30": "4.19330", "2018-06-30": "4.00080", "2018-03-31": "4.60330", "2017-12-31": "2.60590", "2017-09-30": "3.49320", "2017-06-30": "3.40900", "2017-03-31": "3.09800", "2016-12-31": "2.85230", "2016-09-30": "2.48600", "2016-06-30": "3.16480", "2016-03-31": "2.74940", "2015-12-31": "2.41840", "2015-09-30": "2.38690", "2015-06-30": "2.50780", "2015-03-31": "2.19990", "2014-12-31": "1.94800", "2014-09-30": "2.38390", "2014-06-30": "2.32340", "2014-03-31": "2.00900", "2013-12-31": "1.73760", "2013-09-30": "2.19460", "2013-06-30": "2.40860", "2013-03-31": "2.32820", "2012-12-31": "1.56490", "2012-09-30": "2.10760", "2012-06-30": "1.67400", "2012-03-31": "1.81040", "2011-12-31": "1.87550", "2011-09-30": "2.10420", "2011-06-30": "1.97170", "2011-03-31": "1.48370", "2010-12-31": "0.59840", "2010-11-30": "", "2010-08-31": "0.45100", "2010-05-31": "3.76780", "2010-02-28": "3.15300", "2009-11-30": "", "2009-08-31": "2.91740", "2009-05-31": "2.80620", "2009-02-28": "2.45090", "2008-11-30": "", "2008-08-31": "2.86710", "2008-05-31": "2.89980", "2008-02-29": "2.89550", "2007-12-31": "4.01940", "2007-11-30": "", "2007-08-31": "", "2007-05-31": "", "2007-02-28": ""}, "Book Value Per Share": {"2020-09-30": "-4.65530", "2020-06-30": "-3.71780", "2020-03-31": "-4.23290", "2019-12-31": "-0.90470", "2019-09-30": "-1.74550", "2019-06-30": "-2.73690", "2019-03-31": "-3.73790", "2018-12-31": "-1.97800", "2018-09-30": "4.27170", "2018-06-30": "3.89970", "2018-03-31": "4.68920", "2017-12-31": "4.45050", "2017-09-30": "4.00050", "2017-06-30": "3.40840", "2017-03-31": "3.08280", "2016-12-31": "3.47950", "2016-09-30": "5.82550", "2016-06-30": "5.63370", "2016-03-31": "6.37750", "2015-12-31": "8.92450", "2015-09-30": "10.66480", "2015-06-30": "12.96560", "2015-03-31": "12.95000", "2014-12-31": "12.78490", "2014-09-30": "12.46610", "2014-06-30": "14.32270", "2014-03-31": "13.39920", "2013-12-31": "13.24790", "2013-09-30": "12.85550", "2013-06-30": "12.86540", "2013-03-31": "12.33470", "2012-12-31": "11.86560", "2012-09-30": "12.03010", "2012-06-30": "11.57570", "2012-03-31": "11.23100", "2011-12-31": "10.76980", "2011-09-30": "10.46750", "2011-06-30": "10.03670", "2011-03-31": "9.57560", "2010-12-31": "9.21590", "2010-11-30": "", "2010-08-31": "8.72300", "2010-05-31": "5.48890", "2010-02-28": "5.19690", "2009-11-30": "", "2009-08-31": "3.68540", "2009-05-31": "3.39970", "2009-02-28": "3.12950", "2008-11-30": "", "2008-08-31": "2.73210", "2008-05-31": "2.50730", "2008-02-29": "2.22140", "2007-12-31": "", "2007-11-30": "", "2007-08-31": "", "2007-05-31": "", "2007-02-28": ""}, "Operating Cash Flow Per Share": {"2020-09-30": 2.3582, "2020-06-30": 3.1322, "2020-03-31": "1.31820", "2019-12-31": 2.8493, "2019-09-30": 2.1978, "2019-06-30": 2.2219, "2019-03-31": "1.02600", "2018-12-31": 2.0202, "2018-09-30": 1.5817, "2018-06-30": 2.2724, "2018-03-31": "0.95690", "2017-12-31": 1.556, "2017-09-30": 1.1048, "2017-06-30": 1.3323, "2017-03-31": "0.40400", "2016-12-31": 1.4032, "2016-09-30": 1.5794, "2016-06-30": 1.2307, "2016-03-31": "0.36890", "2015-12-31": 0.8695, "2015-09-30": 1.2497, "2015-06-30": 0.2158, "2015-03-31": "0.58740", "2014-12-31": 0.8984, "2014-09-30": 0.9215, "2014-06-30": 0.5864, "2014-03-31": "0.21290", "2013-12-31": 0.7782, "2013-09-30": 0.5911, "2013-06-30": 0.6997, "2013-03-31": "0.58380", "2012-12-31": 0.4869, "2012-09-30": 0.7886, "2012-06-30": 0.977, "2012-03-31": "0.56460", "2011-12-31": 0.6551, "2011-09-30": 0.7738, "2011-06-30": 0.8686, "2011-03-31": "-0.21210", "2010-12-31": 0.3549, "2010-11-30": -1.0075, "2010-08-31": 0.4877, "2010-05-31": 0.6593, "2010-02-28": "-0.13950", "2009-11-30": -1.1985, "2009-08-31": 0.5095, "2009-05-31": 0.4649, "2009-02-28": "0.22410", "2008-11-30": -1.097, "2008-08-31": 0.2998, "2008-05-31": 0.5913, "2008-02-29": "0.20590", "2007-12-31": 1.2738, "2007-11-30": -0.8147, "2007-08-31": 0.3214, "2007-05-31": 0.3727, "2007-02-28": "0.12060"}, "Free Cash Flow Per Share": {"2020-09-30": 2.2198, "2020-06-30": 2.9935, "2020-03-31": "1.19180", "2019-12-31": 2.6333, "2019-09-30": 2.0257, "2019-06-30": 2.0765, "2019-03-31": "0.93100", "2018-12-31": 1.7609, "2018-09-30": 1.4378, "2018-06-30": 2.1932, "2018-03-31": "0.89350", "2017-12-31": 1.3321, "2017-09-30": 0.9793, "2017-06-30": 1.2557, "2017-03-31": "0.29890", "2016-12-31": 1.2909, "2016-09-30": 1.4396, "2016-06-30": 1.0958, "2016-03-31": "0.31430", "2015-12-31": 0.7019, "2015-09-30": 1.1326, "2015-06-30": 0.1096, "2015-03-31": "0.53170", "2014-12-31": 0.823, "2014-09-30": 0.7477, "2014-06-30": 0.4846, "2014-03-31": "0.12810", "2013-12-31": 0.607, "2013-09-30": 0.4725, "2013-06-30": 0.6696, "2013-03-31": "0.54430", "2012-12-31": 0.4341, "2012-09-30": 0.6417, "2012-06-30": 0.8501, "2012-03-31": "0.52970", "2011-12-31": 0.6038, "2011-09-30": 0.6912, "2011-06-30": 0.8449, "2011-03-31": "-0.24350", "2010-12-31": 0.34, "2010-11-30": -0.9487, "2010-08-31": 0.4732, "2010-05-31": 0.646, "2010-02-28": "-0.17050", "2009-11-30": -1.0875, "2009-08-31": 0.4933, "2009-05-31": 0.4303, "2009-02-28": "0.16390", "2008-11-30": -0.9092, "2008-08-31": 0.1695, "2008-05-31": 0.5433, "2008-02-29": "0.19640", "2007-12-31": 1.2677, "2007-11-30": -0.8035, "2007-08-31": 0.3145, "2007-05-31": 0.3672, "2007-02-28": "0.12180"}}, "revenue": {"MSCI Inc Annual Revenue (Millions of US $)": {"2020": "$1,695", "2019": "$1,558", "2018": "$1,434", "2017": "$1,274", "2016": "$1,151", "2015": "$1,075", "2014": "$997", "2013": "$913", "2012": "$827", "2011": "$901", "2010": "$663", "2009": "$443", "2008": "$431", "2007": "$370", "2006": "$311", "2005": "$278"}, "MSCI Inc Quarterly Revenue (Millions of US $)": {"2020-12-31": "$444", "2020-09-30": "$425", "2020-06-30": "$410", "2020-03-31": "$417", "2019-12-31": "$407", "2019-09-30": "$394", "2019-06-30": "$386", "2019-03-31": "$371", "2018-12-31": "$362", "2018-09-30": "$358", "2018-06-30": "$363", "2018-03-31": "$351", "2017-12-31": "$335", "2017-09-30": "$322", "2017-06-30": "$316", "2017-03-31": "$301", "2016-12-31": "$293", "2016-09-30": "$288", "2016-06-30": "$291", "2016-03-31": "$279", "2015-12-31": "$273", "2015-09-30": "$269", "2015-06-30": "$271", "2015-03-31": "$263", "2014-12-31": "$251", "2014-09-30": "$252", "2014-06-30": "$254", "2014-03-31": "$240", "2013-12-31": "$237", "2013-09-30": "$229", "2013-06-30": "$228", "2013-03-31": "$219", "2012-12-31": "$124", "2012-09-30": "$235", "2012-06-30": "$239", "2012-03-31": "$229", "2011-12-31": "$226", "2011-09-30": "$225", "2011-06-30": "$226", "2011-03-31": "$223", "2010-12-31": "$73", "2010-11-30": "", "2010-08-31": "$203", "2010-05-31": "$125", "2010-02-28": "$122", "2009-11-30": "", "2009-08-31": "$109", "2009-05-31": "$109", "2009-02-28": "$106", "2008-11-30": "", "2008-08-31": "$110", "2008-05-31": "$108", "2008-02-29": "$105", "2007-12-31": "$102", "2007-11-30": "", "2007-08-31": "$92", "2007-05-31": "$89", "2007-02-28": "$87"}}, "gross-profit": {"MSCI Inc Annual Gross Profit (Millions of US $)": {"2020": "$1,404", "2019": "$1,263", "2018": "$1,147", "2017": "$1,000", "2016": "$899", "2015": "$807", "2014": "$720", "2013": "$673", "2012": "$597", "2011": "$624", "2010": "$464", "2009": "$324", "2008": "$308", "2007": "$249", "2006": "$196", "2005": "$172"}, "MSCI Inc Quarterly Gross Profit (Millions of US $)": {"2020-12-31": "$368", "2020-09-30": "$355", "2020-06-30": "$339", "2020-03-31": "$342", "2019-12-31": "$336", "2019-09-30": "$324", "2019-06-30": "$314", "2019-03-31": "$289", "2018-12-31": "$288", "2018-09-30": "$287", "2018-06-30": "$292", "2018-03-31": "$280", "2017-12-31": "$266", "2017-09-30": "$254", "2017-06-30": "$248", "2017-03-31": "$234", "2016-12-31": "$229", "2016-09-30": "$225", "2016-06-30": "$228", "2016-03-31": "$216", "2015-12-31": "$208", "2015-09-30": "$203", "2015-06-30": "$203", "2015-03-31": "$193", "2014-12-31": "$196", "2014-09-30": "$182", "2014-06-30": "$177", "2014-03-31": "$164", "2013-12-31": "$199", "2013-09-30": "$160", "2013-06-30": "$159", "2013-03-31": "$154", "2012-12-31": "$108", "2012-09-30": "$167", "2012-06-30": "$165", "2012-03-31": "$157", "2011-12-31": "$157", "2011-09-30": "$156", "2011-06-30": "$158", "2011-03-31": "$153", "2010-12-31": "$52", "2010-11-30": "", "2010-08-31": "$133", "2010-05-31": "$95", "2010-02-28": "$92", "2009-11-30": "", "2009-08-31": "$81", "2009-05-31": "$80", "2009-02-28": "$77", "2008-11-30": "", "2008-08-31": "$83", "2008-05-31": "$79", "2008-02-29": "$74", "2007-12-31": "$102", "2007-11-30": "", "2007-08-31": "$63", "2007-05-31": "$58", "2007-02-28": "$55"}}, "operating-income": {"MSCI Inc Annual Operating Income (Millions of US $)": {"2020": "$885", "2019": "$756", "2018": "$687", "2017": "$580", "2016": "$488", "2015": "$404", "2014": "$337", "2013": "$340", "2012": "$318", "2011": "$322", "2010": "$206", "2009": "$151", "2008": "$136", "2007": "$130", "2006": "$83", "2005": "$74"}, "MSCI Inc Quarterly Operating Income (Millions of US $)": {"2020-12-31": "$234", "2020-09-30": "$228", "2020-06-30": "$215", "2020-03-31": "$208", "2019-12-31": "$199", "2019-09-30": "$201", "2019-06-30": "$192", "2019-03-31": "$163", "2018-12-31": "$170", "2018-09-30": "$176", "2018-06-30": "$174", "2018-03-31": "$167", "2017-12-31": "$154", "2017-09-30": "$149", "2017-06-30": "$146", "2017-03-31": "$131", "2016-12-31": "$126", "2016-09-30": "$123", "2016-06-30": "$126", "2016-03-31": "$113", "2015-12-31": "$108", "2015-09-30": "$109", "2015-06-30": "$99", "2015-03-31": "$89", "2014-12-31": "$85", "2014-09-30": "$84", "2014-06-30": "$89", "2014-03-31": "$80", "2013-12-31": "$84", "2013-09-30": "$84", "2013-06-30": "$90", "2013-03-31": "$83", "2012-12-31": "$67", "2012-09-30": "$84", "2012-06-30": "$87", "2012-03-31": "$81", "2011-12-31": "$82", "2011-09-30": "$82", "2011-06-30": "$83", "2011-03-31": "$75", "2010-12-31": "$27", "2010-11-30": "", "2010-08-31": "$41", "2010-05-31": "$47", "2010-02-28": "$47", "2009-11-30": "", "2009-08-31": "$38", "2009-05-31": "$37", "2009-02-28": "$33", "2008-11-30": "", "2008-08-31": "$38", "2008-05-31": "$33", "2008-02-29": "$35", "2007-12-31": "$102", "2007-11-30": "", "2007-08-31": "$33", "2007-05-31": "$27", "2007-02-28": "$30"}}, "ebitda": {"MSCI Inc Annual EBITDA (Millions of US $)": {"2019": "$839", "2018": "$776", "2017": "$663", "2016": "$573", "2015": "$484", "2014": "$422", "2013": "$425", "2012": "$424", "2011": "$414", "2010": "$275", "2009": "$190", "2008": "$171", "2007": "$158", "2006": "$113", "2005": "$106"}, "MSCI Inc Quarterly EBITDA (Millions of US $)": {"2020-09-30": "$257", "2020-06-30": "$250", "2020-03-31": "$230", "2019-12-31": "$205", "2019-09-30": "$227", "2019-06-30": "$224", "2019-03-31": "$183", "2018-12-31": "$191", "2018-09-30": "$197", "2018-06-30": "$201", "2018-03-31": "$188", "2017-12-31": "$175", "2017-09-30": "$170", "2017-06-30": "$167", "2017-03-31": "$152", "2016-12-31": "$148", "2016-09-30": "$144", "2016-06-30": "$147", "2016-03-31": "$134", "2015-12-31": "$128", "2015-09-30": "$129", "2015-06-30": "$119", "2015-03-31": "$108", "2014-12-31": "$113", "2014-09-30": "$103", "2014-06-30": "$106", "2014-03-31": "$100", "2013-12-31": "$106", "2013-09-30": "$105", "2013-06-30": "$111", "2013-03-31": "$103", "2012-12-31": "$88", "2012-09-30": "$105", "2012-06-30": "$128", "2012-03-31": "$103", "2011-12-31": "$104", "2011-09-30": "$105", "2011-06-30": "$106", "2011-03-31": "$99", "2010-12-31": "$-10", "2010-11-30": "", "2010-08-31": "$66", "2010-05-31": "$58", "2010-02-28": "$55", "2009-11-30": "", "2009-08-31": "$48", "2009-05-31": "$46", "2009-02-28": "$43", "2008-11-30": "", "2008-08-31": "$47", "2008-05-31": "$41", "2008-02-29": "$43", "2007-12-31": "$109", "2007-11-30": "", "2007-08-31": "$40", "2007-05-31": "$33", "2007-02-28": "$36"}}, "net-income": {"MSCI Inc Annual Net Income (Millions of US $)": {"2020": "$602", "2019": "$564", "2018": "$508", "2017": "$304", "2016": "$261", "2015": "$224", "2014": "$284", "2013": "$223", "2012": "$184", "2011": "$173", "2010": "$91", "2009": "$81", "2008": "$66", "2007": "$81", "2006": "$71", "2005": "$55"}, "MSCI Inc Quarterly Net Income (Millions of US $)": {"2020-12-31": "$156", "2020-09-30": "$182", "2020-06-30": "$115", "2020-03-31": "$148", "2019-12-31": "$123", "2019-09-30": "$137", "2019-06-30": "$126", "2019-03-31": "$178", "2018-12-31": "$152", "2018-09-30": "$124", "2018-06-30": "$117", "2018-03-31": "$115", "2017-12-31": "$65", "2017-09-30": "$85", "2017-06-30": "$81", "2017-03-31": "$73", "2016-12-31": "$68", "2016-09-30": "$65", "2016-06-30": "$67", "2016-03-31": "$60", "2015-12-31": "$59", "2015-09-30": "$64", "2015-06-30": "$56", "2015-03-31": "$44", "2014-12-31": "$44", "2014-09-30": "$52", "2014-06-30": "$108", "2014-03-31": "$80", "2013-12-31": "$47", "2013-09-30": "$55", "2013-06-30": "$61", "2013-03-31": "$59", "2012-12-31": "$54", "2012-09-30": "$48", "2012-06-30": "$38", "2012-03-31": "$44", "2011-12-31": "$46", "2011-09-30": "$49", "2011-06-30": "$45", "2011-03-31": "$33", "2010-12-31": "$14", "2010-11-30": "", "2010-08-31": "$10", "2010-05-31": "$24", "2010-02-28": "$27", "2009-11-30": "", "2009-08-31": "$20", "2009-05-31": "$19", "2009-02-28": "$16", "2008-11-30": "", "2008-08-31": "$19", "2008-05-31": "$19", "2008-02-29": "$18", "2007-12-31": "$24", "2007-11-30": "", "2007-08-31": "$21", "2007-05-31": "$20", "2007-02-28": "$22"}}, "eps-earnings-per-share-diluted": {"MSCI Inc Annual EPS": {"2020": "$7.12", "2019": "$6.59", "2018": "$5.66", "2017": "$3.31", "2016": "$2.70", "2015": "$2.03", "2014": "$2.43", "2013": "$1.83", "2012": "$1.48", "2011": "$1.41", "2010": "$0.81", "2009": "$0.80", "2008": "$0.66", "2007": "$0.96", "2006": "$0.85", "2005": "$0.65"}, "MSCI Inc Quarterly EPS": {"2020-12-31": "$1.87", "2020-09-30": "$2.16", "2020-06-30": "$1.36", "2020-03-31": "$1.73", "2019-12-31": "$1.44", "2019-09-30": "$1.60", "2019-06-30": "$1.47", "2019-03-31": "$2.08", "2018-12-31": "$1.78", "2018-09-30": "$1.36", "2018-06-30": "$1.28", "2018-03-31": "$1.24", "2017-12-31": "$0.69", "2017-09-30": "$0.93", "2017-06-30": "$0.89", "2017-03-31": "$0.80", "2016-12-31": "$0.73", "2016-09-30": "$0.68", "2016-06-30": "$0.69", "2016-03-31": "$0.60", "2015-12-31": "$0.55", "2015-09-30": "$0.59", "2015-06-30": "$0.50", "2015-03-31": "$0.39", "2014-12-31": "$0.40", "2014-09-30": "$0.44", "2014-06-30": "$0.91", "2014-03-31": "$0.68", "2013-12-31": "$0.39", "2013-09-30": "$0.46", "2013-06-30": "$0.50", "2013-03-31": "$0.48", "2012-12-31": "$0.44", "2012-09-30": "$0.39", "2012-06-30": "$0.30", "2012-03-31": "$0.35", "2011-12-31": "$0.37", "2011-09-30": "$0.40", "2011-06-30": "$0.37", "2011-03-31": "$0.27", "2010-12-31": "$0.11", "2010-11-30": "$0.00", "2010-08-31": "$0.08", "2010-05-31": "$0.22", "2010-02-28": "$0.26", "2009-11-30": "$0.00", "2009-08-31": "$0.20", "2009-05-31": "$0.19", "2009-02-28": "$0.16", "2008-11-30": "$0.00", "2008-08-31": "$0.19", "2008-05-31": "$0.18", "2008-02-29": "$0.18", "2007-12-31": "$0.28", "2007-11-30": "$0.00", "2007-08-31": "$0.25", "2007-05-31": "$0.24", "2007-02-28": "$0.26"}}, "shares-outstanding": {"MSCI Inc Annual Shares Outstanding (Millions of Shares)": {"2020": "85", "2019": "86", "2018": "90", "2017": "92", "2016": "97", "2015": "110", "2014": "117", "2013": "121", "2012": "123", "2011": "122", "2010": "113", "2009": "101", "2008": "100", "2007": "85", "2006": "84", "2005": "84"}, "MSCI Inc Quarterly Shares Outstanding (Millions of Shares)": {"2020-12-31": "84", "2020-09-30": "84", "2020-06-30": "84", "2020-03-31": "86", "2019-12-31": "86", "2019-09-30": "86", "2019-06-30": "85", "2019-03-31": "86", "2018-12-31": "90", "2018-09-30": "91", "2018-06-30": "92", "2018-03-31": "93", "2017-12-31": "92", "2017-09-30": "92", "2017-06-30": "92", "2017-03-31": "92", "2016-12-31": "97", "2016-09-30": "95", "2016-06-30": "97", "2016-03-31": "100", "2015-12-31": "110", "2015-09-30": "109", "2015-06-30": "113", "2015-03-31": "114", "2014-12-31": "117", "2014-09-30": "117", "2014-06-30": "118", "2014-03-31": "119", "2013-12-31": "121", "2013-09-30": "121", "2013-06-30": "122", "2013-03-31": "122", "2012-12-31": "123", "2012-09-30": "123", "2012-06-30": "123", "2012-03-31": "123", "2011-12-31": "122", "2011-09-30": "122", "2011-06-30": "122", "2011-03-31": "122", "2010-12-31": "122", "2010-11-30": "", "2010-08-31": "120", "2010-05-31": "106", "2010-02-28": "106", "2009-11-30": "", "2009-08-31": "101", "2009-05-31": "100", "2009-02-28": "100", "2008-11-30": "", "2008-08-31": "102", "2008-05-31": "101", "2008-02-29": "101", "2007-12-31": "87", "2007-11-30": "", "2007-08-31": "84", "2007-05-31": "84", "2007-02-28": "84"}}, "total-assets": {"MSCI Inc Annual Total Assets (Millions of US $)": {"2019": "$4,204", "2018": "$3,388", "2017": "$3,276", "2016": "$3,083", "2015": "$3,147", "2014": "$2,883", "2013": "$3,136", "2012": "$3,020", "2011": "$3,093", "2010": "$3,023", "2009": "$1,200", "2008": "$1,015", "2007": "$905", "2006": "$1,113", "2005": "$0"}, "MSCI Inc Quarterly Total Assets (Millions of US $)": {"2020-09-30": "$4,112", "2020-06-30": "$4,187", "2020-03-31": "$3,912", "2019-12-31": "$4,204", "2019-09-30": "$3,480", "2019-06-30": "$3,425", "2019-03-31": "$3,296", "2018-12-31": "$3,388", "2018-09-30": "$3,806", "2018-06-30": "$3,786", "2018-03-31": "$3,344", "2017-12-31": "$3,276", "2017-09-30": "$3,154", "2017-06-30": "$3,090", "2017-03-31": "$3,005", "2016-12-31": "$3,083", "2016-09-30": "$3,307", "2016-06-30": "$2,791", "2016-03-31": "$2,832", "2015-12-31": "$3,147", "2015-09-30": "$3,367", "2015-06-30": "$2,876", "2015-03-31": "$2,897", "2014-12-31": "$2,883", "2014-09-30": "$2,880", "2014-06-30": "$3,133", "2014-03-31": "$3,094", "2013-12-31": "$3,136", "2013-09-30": "$3,082", "2013-06-30": "$3,105", "2013-03-31": "$3,032", "2012-12-31": "$3,020", "2012-09-30": "$3,053", "2012-06-30": "$2,995", "2012-03-31": "$3,113", "2011-12-31": "$3,093", "2011-09-30": "$3,064", "2011-06-30": "$3,010", "2011-03-31": "$2,910", "2010-12-31": "$3,057", "2010-11-30": "$3,023", "2010-08-31": "$2,948", "2010-05-31": "$948", "2010-02-28": "$1,196", "2009-11-30": "$1,200", "2009-08-31": "$1,083", "2009-05-31": "$1,064", "2009-02-28": "$1,030", "2008-11-30": "$1,015", "2008-08-31": "$993", "2008-05-31": "$1,003", "2008-02-29": "$962", "2007-12-31": "$905", "2007-11-30": "$905", "2007-08-31": "$0", "2007-05-31": "$0", "2007-02-28": "$0"}}, "cash-on-hand": {"MSCI Inc Annual Cash on Hand (Millions of US $)": {"2019": "$1,507", "2018": "$904", "2017": "$890", "2016": "$792", "2015": "$778", "2014": "$509", "2013": "$358", "2012": "$254", "2011": "$393", "2010": "$300", "2009": "$471", "2008": "$268", "2007": "$34", "2006": "$24", "2005": "$"}, "MSCI Inc Quarterly Cash on Hand (Millions of US $)": {"2020-09-30": "$1,303", "2020-06-30": "$1,385", "2020-03-31": "$1,067", "2019-12-31": "$1,507", "2019-09-30": "$881", "2019-06-30": "$771", "2019-03-31": "$643", "2018-12-31": "$904", "2018-09-30": "$1,398", "2018-06-30": "$1,368", "2018-03-31": "$850", "2017-12-31": "$890", "2017-09-30": "$799", "2017-06-30": "$751", "2017-03-31": "$697", "2016-12-31": "$792", "2016-09-30": "$974", "2016-06-30": "$405", "2016-03-31": "$445", "2015-12-31": "$778", "2015-09-30": "$993", "2015-06-30": "$455", "2015-03-31": "$538", "2014-12-31": "$509", "2014-09-30": "$448", "2014-06-30": "$683", "2014-03-31": "$260", "2013-12-31": "$358", "2013-09-30": "$284", "2013-06-30": "$335", "2013-03-31": "$263", "2012-12-31": "$254", "2012-09-30": "$434", "2012-06-30": "$360", "2012-03-31": "$460", "2011-12-31": "$393", "2011-09-30": "$364", "2011-06-30": "$287", "2011-03-31": "$178", "2010-12-31": "$342", "2010-11-30": "$300", "2010-08-31": "$240", "2010-05-31": "$214", "2010-02-28": "$442", "2009-11-30": "$471", "2009-08-31": "$362", "2009-05-31": "$318", "2009-02-28": "$277", "2008-11-30": "$268", "2008-08-31": "$246", "2008-05-31": "$32", "2008-02-29": "$22", "2007-12-31": "$171", "2007-11-30": "$34", "2007-08-31": "", "2007-05-31": "", "2007-02-28": ""}}, "long-term-debt": {"MSCI Inc Annual Long Term Debt (Millions of US $)": {"2019": "$3,072", "2018": "$2,576", "2017": "$2,078", "2016": "$2,075", "2015": "$1,579", "2014": "$788", "2013": "$788", "2012": "$812", "2011": "$1,067", "2010": "$1,208", "2009": "$338", "2008": "$380", "2007": "$403", "2006": "$", "2005": "$"}, "MSCI Inc Quarterly Long Term Debt (Millions of US $)": {"2020-09-30": "$3,366", "2020-06-30": "$3,365", "2020-03-31": "$3,170", "2019-12-31": "$3,072", "2019-09-30": "$2,578", "2019-06-30": "$2,577", "2019-03-31": "$2,576", "2018-12-31": "$2,576", "2018-09-30": "$2,575", "2018-06-30": "$2,574", "2018-03-31": "$2,079", "2017-12-31": "$2,078", "2017-09-30": "$2,077", "2017-06-30": "$2,077", "2017-03-31": "$2,076", "2016-12-31": "$2,075", "2016-09-30": "$2,074", "2016-06-30": "$1,581", "2016-03-31": "$1,580", "2015-12-31": "$1,579", "2015-09-30": "$1,579", "2015-06-30": "$800", "2015-03-31": "$800", "2014-12-31": "$788", "2014-09-30": "$773", "2014-06-30": "$778", "2014-03-31": "$783", "2013-12-31": "$788", "2013-09-30": "$753", "2013-06-30": "$775", "2013-03-31": "$786", "2012-12-31": "$812", "2012-09-30": "$822", "2012-06-30": "$833", "2012-03-31": "$1,064", "2011-12-31": "$1,067", "2011-09-30": "$1,104", "2011-06-30": "$1,107", "2011-03-31": "$1,109", "2010-12-31": "$1,208", "2010-11-30": "$1,208", "2010-08-31": "$1,254", "2010-05-31": "$62", "2010-02-28": "$327", "2009-11-30": "$338", "2009-08-31": "$348", "2009-05-31": "$359", "2009-02-28": "$369", "2008-11-30": "$380", "2008-08-31": "$385", "2008-05-31": "$392", "2008-02-29": "$397", "2007-12-31": "$403", "2007-11-30": "$403", "2007-08-31": "", "2007-05-31": "", "2007-02-28": ""}}, "total-liabilities": {"MSCI Inc Annual Total Liabilities (Millions of US $)": {"2019": "$4,281", "2018": "$3,554", "2017": "$2,875", "2016": "$2,765", "2015": "$2,246", "2014": "$1,450", "2013": "$1,572", "2012": "$1,594", "2011": "$1,788", "2010": "$1,943", "2009": "$693", "2008": "$729", "2007": "$705", "2006": "$287", "2005": "$"}, "MSCI Inc Quarterly Total Liabilities (Millions of US $)": {"2020-09-30": "$4,498", "2020-06-30": "$4,498", "2020-03-31": "$4,266", "2019-12-31": "$4,281", "2019-09-30": "$3,628", "2019-06-30": "$3,657", "2019-03-31": "$3,612", "2018-12-31": "$3,554", "2018-09-30": "$3,428", "2018-06-30": "$3,439", "2018-03-31": "$2,923", "2017-12-31": "$2,875", "2017-09-30": "$2,794", "2017-06-30": "$2,783", "2017-03-31": "$2,726", "2016-12-31": "$2,765", "2016-09-30": "$2,756", "2016-06-30": "$2,256", "2016-03-31": "$2,216", "2015-12-31": "$2,246", "2015-09-30": "$2,248", "2015-06-30": "$1,442", "2015-03-31": "$1,441", "2014-12-31": "$1,450", "2014-09-30": "$1,484", "2014-06-30": "$1,467", "2014-03-31": "$1,530", "2013-12-31": "$1,572", "2013-09-30": "$1,559", "2013-06-30": "$1,549", "2013-03-31": "$1,543", "2012-12-31": "$1,594", "2012-09-30": "$1,585", "2012-06-30": "$1,585", "2012-03-31": "$1,748", "2011-12-31": "$1,788", "2011-09-30": "$1,802", "2011-06-30": "$1,801", "2011-03-31": "$1,760", "2010-12-31": "$1,955", "2010-11-30": "$1,943", "2010-08-31": "$1,914", "2010-05-31": "$371", "2010-02-28": "$650", "2009-11-30": "$693", "2009-08-31": "$713", "2009-05-31": "$723", "2009-02-28": "$717", "2008-11-30": "$729", "2008-08-31": "$720", "2008-05-31": "$752", "2008-02-29": "$740", "2007-12-31": "$705", "2007-11-30": "$705", "2007-08-31": "", "2007-05-31": "", "2007-02-28": ""}}, "total-share-holder-equity": {"MSCI Inc Annual Share Holder Equity (Millions of US $)": {"2019": "$-77", "2018": "$-166", "2017": "$401", "2016": "$318", "2015": "$901", "2014": "$1,433", "2013": "$1,564", "2012": "$1,425", "2011": "$1,305", "2010": "$1,080", "2009": "$507", "2008": "$286", "2007": "$200", "2006": "$826", "2005": "$"}, "MSCI Inc Quarterly Share Holder Equity (Millions of US $)": {"2020-09-30": "$-387", "2020-06-30": "$-311", "2020-03-31": "$-354", "2019-12-31": "$-77", "2019-09-30": "$-148", "2019-06-30": "$-232", "2019-03-31": "$-317", "2018-12-31": "$-166", "2018-09-30": "$378", "2018-06-30": "$346", "2018-03-31": "$421", "2017-12-31": "$401", "2017-09-30": "$360", "2017-06-30": "$307", "2017-03-31": "$279", "2016-12-31": "$318", "2016-09-30": "$552", "2016-06-30": "$535", "2016-03-31": "$616", "2015-12-31": "$901", "2015-09-30": "$1,119", "2015-06-30": "$1,434", "2015-03-31": "$1,456", "2014-12-31": "$1,433", "2014-09-30": "$1,397", "2014-06-30": "$1,667", "2014-03-31": "$1,564", "2013-12-31": "$1,564", "2013-09-30": "$1,522", "2013-06-30": "$1,556", "2013-03-31": "$1,489", "2012-12-31": "$1,425", "2012-09-30": "$1,468", "2012-06-30": "$1,410", "2012-03-31": "$1,365", "2011-12-31": "$1,305", "2011-09-30": "$1,262", "2011-06-30": "$1,209", "2011-03-31": "$1,150", "2010-12-31": "$1,102", "2010-11-30": "$1,080", "2010-08-31": "$1,034", "2010-05-31": "$576", "2010-02-28": "$546", "2009-11-30": "$507", "2009-08-31": "$369", "2009-05-31": "$340", "2009-02-28": "$313", "2008-11-30": "$286", "2008-08-31": "$273", "2008-05-31": "$251", "2008-02-29": "$222", "2007-12-31": "$200", "2007-11-30": "$200", "2007-08-31": "", "2007-05-31": "", "2007-02-28": ""}}, "profit-margins": {"current": "35.5%"}, "gross margin": {"2020-12-31": "82.78%", "2020-09-30": "82.70%", "2020-06-30": "82.37%", "2020-03-31": "82.04%", "2019-12-31": "81.07%", "2019-09-30": "80.30%", "2019-06-30": "79.76%", "2019-03-31": "79.50%", "2018-12-31": "79.99%", "2018-09-30": "79.96%", "2018-06-30": "79.65%", "2018-03-31": "79.15%", "2017-12-31": "78.65%", "2017-09-30": "78.33%", "2017-06-30": "78.13%", "2017-03-31": "78.09%", "2016-12-31": "78.02%", "2016-09-30": "77.54%", "2016-06-30": "76.89%", "2016-03-31": "76.01%", "2015-12-31": "75.00%", "2015-09-30": "75.43%", "2015-06-30": "74.64%", "2015-03-31": "73.33%", "2014-12-31": "72.12%", "2014-09-30": "73.45%", "2014-06-30": "72.92%", "2014-03-31": "73.02%", "2013-12-31": "73.60%", "2013-09-30": "72.63%", "2013-06-30": "72.95%", "2013-03-31": "72.71%", "2012-12-31": "72.19%", "2012-09-30": "69.54%", "2012-06-30": "69.10%", "2012-03-31": "69.32%", "2011-12-31": "69.33%", "2011-09-30": "69.48%", "2011-03-31": "67.74%", "2010-12-31": "69.83%", "2010-05-31": "75.28%", "2010-02-28": "74.41%", "2009-05-31": "73.85%", "2009-02-28": "73.77%", "2008-08-31": "79.53%", "2008-02-29": "79.93%", "2007-12-31": "78.80%"}, "operating margin": {"2020-12-31": "52.18%", "2020-09-30": "51.24%", "2020-06-30": "50.55%", "2020-03-31": "49.88%", "2019-12-31": "48.46%", "2019-09-30": "47.98%", "2019-06-30": "47.46%", "2019-03-31": "46.97%", "2018-12-31": "47.91%", "2018-09-30": "47.69%", "2018-06-30": "46.97%", "2018-03-31": "46.53%", "2017-12-31": "45.53%", "2017-09-30": "44.81%", "2017-06-30": "43.91%", "2017-03-31": "43.14%", "2016-12-31": "42.40%", "2016-09-30": "41.56%", "2016-06-30": "41.01%", "2016-03-31": "39.29%", "2015-12-31": "37.64%", "2015-09-30": "36.24%", "2015-06-30": "34.43%", "2015-03-31": "34.02%", "2014-12-31": "33.90%", "2014-09-30": "34.28%", "2014-06-30": "35.10%", "2014-03-31": "36.19%", "2013-12-31": "37.35%", "2013-09-30": "40.50%", "2013-06-30": "40.20%", "2013-03-31": "39.29%", "2012-12-31": "38.57%", "2012-09-30": "35.95%", "2012-06-30": "36.13%", "2012-03-31": "36.20%", "2011-12-31": "35.78%", "2011-09-30": "35.74%", "2011-03-31": "28.66%", "2010-12-31": "28.68%", "2010-05-31": "37.08%", "2010-02-28": "35.88%", "2009-05-31": "33.23%", "2009-02-28": "32.10%", "2008-08-31": "48.94%", "2008-02-29": "56.86%", "2007-12-31": "57.24%"}, "ebitda margin": {"2020-09-30": "56.78%", "2020-06-30": "56.02%", "2020-03-31": "55.24%", "2019-12-31": "53.85%", "2019-09-30": "54.53%", "2019-06-30": "53.83%", "2019-03-31": "53.09%", "2018-12-31": "54.18%", "2018-09-30": "54.09%", "2018-06-30": "53.54%", "2018-03-31": "52.87%", "2017-12-31": "52.12%", "2017-09-30": "51.70%", "2017-06-30": "51.00%", "2017-03-31": "50.38%", "2016-12-31": "49.78%", "2016-09-30": "48.89%", "2016-06-30": "48.38%", "2016-03-31": "46.70%", "2015-12-31": "44.98%", "2015-09-30": "44.50%", "2015-06-30": "42.72%", "2015-03-31": "42.16%", "2014-12-31": "42.33%", "2014-09-30": "42.22%", "2014-06-30": "43.44%", "2014-03-31": "45.18%", "2013-12-31": "46.55%", "2013-09-30": "50.88%", "2013-06-30": "50.50%", "2013-03-31": "51.90%", "2012-12-31": "51.27%", "2012-09-30": "47.36%", "2012-06-30": "47.88%", "2012-03-31": "46.14%", "2011-12-31": "46.00%", "2011-09-30": "40.16%", "2011-03-31": "31.06%", "2010-12-31": "28.43%", "2010-05-31": "45.22%", "2010-02-28": "43.82%", "2009-05-31": "41.85%", "2009-02-28": "40.43%", "2008-08-31": "56.47%", "2008-02-29": "64.21%", "2007-12-31": "64.31%"}, "pre tax profit margin": {"2020-12-31": "40.45%", "2020-09-30": "38.46%", "2020-06-30": "37.96%", "2020-03-31": "39.84%", "2019-12-31": "38.77%", "2019-09-30": "42.56%", "2019-06-30": "42.11%", "2019-03-31": "42.50%", "2018-12-31": "43.86%", "2018-09-30": "40.44%", "2018-06-30": "39.61%", "2018-03-31": "38.14%", "2017-12-31": "36.73%", "2017-09-30": "35.55%", "2017-06-30": "34.64%", "2017-03-31": "33.93%", "2016-12-31": "33.62%", "2016-09-30": "33.16%", "2016-06-30": "33.81%", "2016-03-31": "33.15%", "2015-12-31": "32.43%", "2015-09-30": "31.78%", "2015-06-30": "30.47%", "2015-03-31": "30.69%", "2014-12-31": "30.99%", "2014-09-30": "32.04%", "2014-06-30": "32.60%", "2014-03-31": "33.51%", "2013-12-31": "34.28%", "2013-09-30": "37.00%", "2013-06-30": "36.48%", "2013-03-31": "32.68%", "2012-12-31": "31.56%", "2012-09-30": "29.17%", "2012-06-30": "28.84%", "2012-03-31": "30.68%", "2011-12-31": "29.22%", "2011-09-30": "28.65%", "2011-03-31": "19.04%", "2010-12-31": "19.95%", "2010-05-31": "32.58%", "2010-02-28": "32.35%", "2009-05-31": "27.08%", "2009-02-28": "26.54%", "2008-08-31": "44.94%", "2008-02-29": "54.85%", "2007-12-31": "59.01%"}, "net profit margin": {"2020-12-31": "35.44%", "2020-09-30": "34.24%", "2020-06-30": "32.13%", "2020-03-31": "33.29%", "2019-12-31": "36.20%", "2019-09-30": "39.19%", "2019-06-30": "39.27%", "2019-03-31": "39.27%", "2018-12-31": "35.43%", "2018-09-30": "29.92%", "2018-06-30": "27.86%", "2018-03-31": "26.13%", "2017-12-31": "23.86%", "2017-09-30": "24.92%", "2017-06-30": "23.96%", "2017-03-31": "23.27%", "2016-12-31": "22.59%", "2016-09-30": "22.19%", "2016-06-30": "22.48%", "2016-03-31": "21.89%", "2015-12-31": "20.72%", "2015-09-30": "19.73%", "2015-06-30": "18.90%", "2015-03-31": "24.31%", "2014-12-31": "28.49%", "2014-09-30": "29.20%", "2014-06-30": "30.21%", "2014-03-31": "26.02%", "2013-12-31": "24.32%", "2013-09-30": "28.63%", "2013-06-30": "27.54%", "2013-03-31": "24.36%", "2012-12-31": "22.25%", "2012-09-30": "18.95%", "2012-06-30": "19.26%", "2012-03-31": "20.31%", "2011-12-31": "19.22%", "2011-09-30": "18.88%", "2011-03-31": "11.42%", "2010-12-31": "11.97%", "2010-05-31": "19.94%", "2010-02-28": "19.41%", "2009-05-31": "16.62%", "2009-02-28": "16.67%", "2008-08-31": "18.82%", "2008-02-29": "21.07%", "2007-12-31": "22.97%"}, "pe ratio": {"current": "54.89", "2021-02-05": "81.87", "2020-12-31": "85.05", "2020-09-30": "53.22", "2020-06-30": "54.23", "2020-03-31": "46.02", "2019-12-31": "38.86", "2019-09-30": "31.44", "2019-06-30": "35.62", "2019-03-31": "30.46", "2018-12-31": "25.90", "2018-09-30": "37.83", "2018-06-30": "38.80", "2018-03-31": "38.60", "2017-12-31": "36.91", "2017-09-30": "33.69", "2017-06-30": "31.97", "2017-03-31": "32.16", "2016-12-31": "27.91", "2016-09-30": "31.51", "2016-06-30": "29.91", "2016-03-31": "31.06", "2015-12-31": "33.24", "2015-09-30": "29.94", "2015-06-30": "33.58", "2015-03-31": "26.93", "2014-12-31": "18.28", "2014-09-30": "18.05", "2014-06-30": "17.45", "2014-03-31": "19.68", "2013-12-31": "22.19", "2013-09-30": "19.89", "2013-06-30": "17.07", "2013-03-31": "19.57", "2012-12-31": "19.45", "2012-09-30": "23.74", "2012-06-30": "22.41", "2012-03-31": "23.10", "2011-12-31": "21.85", "2011-09-30": "21.84", "2011-06-30": "39.32", "2011-03-31": "65.77", "2010-12-31": "144.74", "2010-11-30": "0.00", "2010-08-31": "0.00", "2010-05-31": "0.00", "2010-02-28": "0.00", "2009-11-30": "0.00", "2009-08-31": "0.00", "2009-05-31": "0.00", "2009-02-28": "0.00", "2008-11-30": "0.00", "2008-08-31": "99.02", "2008-05-31": "117.92"}, "price sales": {"2021-02-05": "21.42", "2020-12-31": "22.26", "2020-09-30": "18.24", "2020-06-30": "17.41", "2020-03-31": "15.32", "2019-12-31": "14.06", "2019-09-30": "12.31", "2019-06-30": "14.02", "2019-03-31": "12.04", "2018-12-31": "9.20", "2018-09-30": "11.31", "2018-06-30": "10.80", "2018-03-31": "10.09", "2017-12-31": "8.83", "2017-09-30": "8.50", "2017-06-30": "7.75", "2017-03-31": "7.56", "2016-12-31": "6.36", "2016-09-30": "7.09", "2016-06-30": "6.83", "2016-03-31": "6.93", "2015-12-31": "7.06", "2015-09-30": "6.01", "2015-06-30": "6.41", "2015-03-31": "6.54", "2014-12-31": "5.22", "2014-09-30": "5.27", "2014-06-30": "5.30", "2014-03-31": "5.16", "2013-12-31": "5.39", "2013-09-30": "5.69", "2013-06-30": "4.69", "2013-03-31": "4.74", "2012-12-31": "4.29", "2012-09-30": "4.40", "2012-06-30": "4.22", "2012-03-31": "4.62", "2011-12-31": "4.15", "2011-09-30": "4.60", "2011-06-30": "8.18", "2011-03-31": "8.32", "2010-12-31": "10.46", "2010-11-30": "7.88", "2010-08-31": "6.92", "2010-05-31": "8.08", "2010-02-28": "8.39", "2009-11-30": "8.77", "2009-08-31": "8.47", "2009-05-31": "6.11", "2009-02-28": "4.56", "2008-11-30": "4.48", "2008-08-31": "6.34", "2008-05-31": "10.05"}, "price book": {"current": "0.00", "2021-02-05": "0.00", "2020-09-30": "-76.49", "2020-06-30": "-89.42", "2020-03-31": "-67.85", "2019-12-31": "-283.03", "2019-09-30": "-123.39", "2019-06-30": "-86.03", "2019-03-31": "-52.32", "2018-12-31": "-73.06", "2018-09-30": "40.56", "2018-06-30": "41.29", "2018-03-31": "30.95", "2017-12-31": "27.54", "2017-09-30": "28.21", "2017-06-30": "29.08", "2017-03-31": "30.25", "2016-12-31": "21.66", "2016-09-30": "13.74", "2016-06-30": "13.01", "2016-03-31": "11.01", "2015-12-31": "7.63", "2015-09-30": "5.25", "2015-06-30": "4.45", "2015-03-31": "4.43", "2014-12-31": "3.46", "2014-09-30": "3.50", "2014-06-30": "2.97", "2014-03-31": "2.98", "2013-12-31": "3.07", "2013-09-30": "2.91", "2013-06-30": "2.40", "2013-03-31": "2.55", "2012-12-31": "2.43", "2012-09-30": "2.76", "2012-06-30": "2.73", "2012-03-31": "3.04", "2011-12-31": "2.84", "2011-09-30": "2.69", "2011-06-30": "3.49", "2011-03-31": "3.57", "2010-12-31": "3.93", "2010-11-30": "0.00", "2010-08-31": "3.18", "2010-05-31": "5.02", "2010-02-28": "5.36", "2009-11-30": "0.00", "2009-08-31": "7.41", "2009-05-31": "5.81", "2009-02-28": "4.68", "2008-11-30": "0.00", "2008-08-31": "10.15", "2008-05-31": "13.17", "2008-02-29": "12.43", "2007-12-31": "0.00", "2007-11-30": "0.00"}, "price fcf": {"2021-02-05": "", "2020-09-30": "$9.04", "2020-06-30": "$8.84", "2020-03-31": "$7.93", "2019-12-31": "$7.67", "2019-09-30": "$6.79", "2019-06-30": "$6.21", "2019-03-31": "$6.32", "2018-12-31": "$6.29", "2018-09-30": "$5.86", "2018-06-30": "$5.40", "2018-03-31": "$4.46", "2017-12-31": "$3.87", "2017-09-30": "$3.82", "2017-06-30": "$4.29", "2017-03-31": "$4.13", "2016-12-31": "$4.14", "2016-09-30": "$3.55", "2016-06-30": "$3.24", "2016-03-31": "$2.26", "2015-12-31": "$2.48", "2015-09-30": "$2.60", "2015-06-30": "$2.21", "2015-03-31": "$2.59", "2014-12-31": "$2.18", "2014-09-30": "$1.97", "2014-06-30": "$1.69", "2014-03-31": "$1.88", "2013-12-31": "$2.29", "2013-09-30": "$2.12", "2013-06-30": "$2.29", "2013-03-31": "$2.47", "2012-12-31": "$2.46", "2012-09-30": "$2.63", "2012-06-30": "$2.67", "2012-03-31": "$2.67", "2011-12-31": "$1.90", "2011-09-30": "$1.63", "2011-06-30": "$-0.01", "2011-03-31": "$-0.38", "2010-12-31": "$0.51", "2010-11-30": "$0.00", "2010-08-31": "$-0.14", "2010-05-31": "$-0.12", "2010-02-28": "$-0.33", "2009-11-30": "$0.00", "2009-08-31": "$0.18", "2009-05-31": "$-0.15", "2009-02-28": "$-0.03", "2008-11-30": "0", "2008-08-31": "$2.18", "2008-05-31": "$2.01"}, "net worth": {"value": "$35.63B"}, "current ratio": {"2020-12-31": "0.00", "2020-09-30": "2.21", "2020-06-30": "2.26", "2020-03-31": "2.03", "2019-12-31": "2.31", "2019-09-30": "1.86", "2019-06-30": "1.73", "2019-03-31": "1.63", "2018-12-31": "1.77", "2018-09-30": "2.75", "2018-06-30": "2.65", "2018-03-31": "2.06", "2017-12-31": "2.09", "2017-09-30": "2.05", "2017-06-30": "1.96", "2017-03-31": "1.99", "2016-12-31": "1.97", "2016-09-30": "2.44", "2016-06-30": "1.45", "2016-03-31": "1.63", "2015-12-31": "2.14", "2015-09-30": "2.62", "2015-06-30": "1.69", "2015-03-31": "1.75", "2014-12-31": "1.63", "2014-09-30": "1.52", "2014-06-30": "2.12", "2014-03-31": "1.81", "2013-12-31": "1.24", "2013-09-30": "1.11", "2013-06-30": "1.24", "2013-03-31": "1.08", "2012-12-31": "1.01", "2012-09-30": "1.36", "2012-06-30": "1.25", "2012-03-31": "1.69", "2011-12-31": "1.50", "2011-09-30": "1.46", "2011-06-30": "1.33", "2011-03-31": "1.19", "2010-12-31": "1.23", "2010-11-30": "1.15", "2010-08-31": "1.09", "2010-05-31": "1.45", "2010-02-28": "2.29", "2009-11-30": "2.06", "2009-08-31": "1.54", "2009-05-31": "1.47", "2009-02-28": "1.42", "2008-11-30": "1.35", "2008-08-31": "1.30", "2008-05-31": "1.25", "2008-02-29": "1.20", "2007-12-31": "1.15", "2007-11-30": "1.15", "2007-08-31": "0.00", "2007-05-31": "0.00", "2007-02-28": "0.00"}, "quick ratio": {"2020-12-31": "0.00", "2020-09-30": "0.00", "2020-06-30": "0.00", "2020-03-31": "0.00", "2019-12-31": "0.00", "2019-09-30": "0.00", "2019-06-30": "0.00", "2019-03-31": "0.00", "2018-12-31": "0.00", "2018-09-30": "0.00", "2018-06-30": "0.00", "2018-03-31": "0.00", "2017-12-31": "0.00", "2017-09-30": "0.00", "2017-06-30": "0.00", "2017-03-31": "0.00", "2016-12-31": "0.00", "2016-09-30": "0.00", "2016-06-30": "0.00", "2016-03-31": "0.00", "2015-12-31": "0.00", "2015-09-30": "0.00", "2015-06-30": "0.00", "2015-03-31": "0.00", "2014-12-31": "0.00", "2014-09-30": "0.00", "2014-06-30": "0.00", "2014-03-31": "0.00", "2013-12-31": "0.00", "2013-09-30": "0.00", "2013-06-30": "0.00", "2013-03-31": "0.00", "2012-12-31": "0.00", "2012-09-30": "0.00", "2012-06-30": "0.00", "2012-03-31": "0.00", "2011-12-31": "0.00", "2011-09-30": "0.00", "2011-06-30": "0.00", "2011-03-31": "0.00", "2010-12-31": "0.00", "2010-11-30": "0.00", "2010-08-31": "0.00", "2010-05-31": "0.00", "2010-02-28": "0.00", "2009-11-30": "0.00", "2009-08-31": "0.00", "2009-05-31": "0.00", "2009-02-28": "0.00", "2008-11-30": "0.00", "2008-08-31": "0.00", "2008-05-31": "0.00", "2008-02-29": "0.00", "2007-12-31": "0.00", "2007-11-30": "0.00", "2007-08-31": "0.00", "2007-05-31": "0.00", "2007-02-28": "0.00"}, "debt equity ratio": {"current": "0.00", "2020-12-31": "0.00", "2020-09-30": "-11.64", "2020-06-30": "-14.47", "2020-03-31": "-12.04", "2019-12-31": "-55.81", "2019-09-30": "-24.54", "2019-06-30": "-15.78", "2019-03-31": "-11.41", "2018-12-31": "-21.35", "2018-09-30": "9.06", "2018-06-30": "9.93", "2018-03-31": "6.94", "2017-12-31": "7.17", "2017-09-30": "7.76", "2017-06-30": "9.06", "2017-03-31": "9.78", "2016-12-31": "8.71", "2016-09-30": "5.00", "2016-06-30": "4.22", "2016-03-31": "3.60", "2015-12-31": "2.49", "2015-09-30": "2.01", "2015-06-30": "1.01", "2015-03-31": "0.99", "2014-12-31": "1.01", "2014-09-30": "1.06", "2014-06-30": "0.88", "2014-03-31": "0.98", "2013-12-31": "1.01", "2013-09-30": "1.03", "2013-06-30": "1.00", "2013-03-31": "1.04", "2012-12-31": "1.12", "2012-09-30": "1.08", "2012-06-30": "1.13", "2012-03-31": "1.28", "2011-12-31": "1.37", "2011-09-30": "1.43", "2011-06-30": "1.49", "2011-03-31": "1.53", "2010-12-31": "1.77", "2010-11-30": "1.80", "2010-08-31": "1.85", "2010-05-31": "0.64", "2010-02-28": "1.19", "2009-11-30": "1.37", "2009-08-31": "1.93", "2009-05-31": "2.13", "2009-02-28": "2.29", "2008-11-30": "2.54", "2008-08-31": "2.63", "2008-05-31": "3.00", "2008-02-29": "3.33", "2007-12-31": "3.52", "2007-11-30": "3.52", "2007-08-31": "0.00", "2007-05-31": "0.00", "2007-02-28": "0.00"}, "return on equity": {"2020-12-31": "-228.52%", "2020-09-30": "-201.24%", "2020-06-30": "-235.06%", "2020-03-31": "-263.38%", "2019-12-31": "-291.47%", "2019-09-30": "-274.86%", "2019-06-30": "-688.43%", "2019-03-31": "947.72%", "2018-12-31": "207.56%", "2018-09-30": "108.93%", "2018-06-30": "100.00%", "2018-03-31": "92.95%", "2017-12-31": "90.27%", "2017-09-30": "97.15%", "2017-06-30": "78.85%", "2017-03-31": "64.85%", "2016-12-31": "51.46%", "2016-09-30": "38.56%", "2016-06-30": "31.54%", "2016-03-31": "23.49%", "2015-12-31": "18.17%", "2015-09-30": "15.29%", "2015-06-30": "13.71%", "2015-03-31": "16.66%", "2014-12-31": "18.74%", "2014-09-30": "18.54%", "2014-06-30": "18.36%", "2014-03-31": "15.66%", "2013-12-31": "14.48%", "2013-09-30": "15.29%", "2013-06-30": "14.95%", "2013-03-31": "13.74%", "2012-12-31": "12.99%", "2012-09-30": "12.69%", "2012-06-30": "13.25%", "2012-03-31": "14.32%", "2011-12-31": "14.05%", "2011-09-30": "11.94%", "2011-03-31": "5.22%", "2010-12-31": "5.06%", "2010-05-31": "14.21%", "2010-02-28": "14.98%", "2009-05-31": "17.82%", "2009-02-28": "19.23%", "2008-08-31": "33.83%", "2008-02-29": "40.51%", "2007-12-31": "65.00%"}, "return on assets": {"2020-12-31": "19.69%", "2020-09-30": "13.84%", "2020-06-30": "13.25%", "2020-03-31": "14.22%", "2019-12-31": "15.66%", "2019-09-30": "17.46%", "2019-06-30": "16.67%", "2019-03-31": "16.00%", "2018-12-31": "14.19%", "2018-09-30": "11.85%", "2018-06-30": "11.27%", "2018-03-31": "10.76%", "2017-12-31": "9.71%", "2017-09-30": "9.96%", "2017-06-30": "9.20%", "2017-03-31": "8.96%", "2016-12-31": "8.66%", "2016-09-30": "8.31%", "2016-06-30": "8.24%", "2016-03-31": "7.82%", "2015-12-31": "7.26%", "2015-09-30": "6.92%", "2015-06-30": "6.80%", "2015-03-31": "8.41%", "2014-12-31": "9.47%", "2014-09-30": "9.38%", "2014-06-30": "9.32%", "2014-03-31": "7.83%", "2013-12-31": "7.19%", "2013-09-30": "7.48%", "2013-06-30": "7.27%", "2013-03-31": "6.58%", "2012-12-31": "6.04%", "2012-09-30": "5.75%", "2012-06-30": "5.77%", "2012-03-31": "5.99%", "2011-12-31": "5.73%", "2011-09-30": "4.68%", "2011-03-31": "1.91%", "2010-12-31": "1.92%", "2010-05-31": "6.42%", "2010-02-28": "5.81%", "2009-05-31": "5.27%", "2009-02-28": "5.35%", "2008-08-31": "8.28%", "2008-02-29": "9.09%", "2007-12-31": "14.36%"}, "return on investments": {"2020-12-31": "40.00%", "2020-09-30": "28.71%", "2020-06-30": "29.15%", "2020-03-31": "30.23%", "2019-12-31": "30.11%", "2019-09-30": "30.75%", "2019-06-30": "28.13%", "2019-03-31": "25.92%", "2018-12-31": "25.49%", "2018-09-30": "24.73%", "2018-06-30": "24.92%", "2018-03-31": "25.14%", "2017-12-31": "24.03%", "2017-09-30": "23.07%", "2017-06-30": "21.56%", "2017-03-31": "21.33%", "2016-12-31": "20.92%", "2016-09-30": "19.96%", "2016-06-30": "19.22%", "2016-03-31": "17.86%", "2015-12-31": "16.75%", "2015-09-30": "16.24%", "2015-06-30": "16.08%", "2015-03-31": "15.27%", "2014-12-31": "14.72%", "2014-09-30": "14.47%", "2014-06-30": "14.31%", "2014-03-31": "14.53%", "2013-12-31": "14.77%", "2013-09-30": "14.21%", "2013-06-30": "14.19%", "2013-03-31": "14.20%", "2012-12-31": "13.87%", "2012-09-30": "14.31%", "2012-06-30": "14.11%", "2012-03-31": "13.84%", "2011-12-31": "13.83%", "2011-09-30": "11.54%", "2011-03-31": "6.25%", "2010-12-31": "6.11%", "2010-05-31": "17.18%", "2010-02-28": "15.57%", "2009-05-31": "15.97%", "2009-02-28": "15.71%", "2008-08-31": "32.99%", "2008-02-29": "37.26%", "2007-12-31": "53.73%"}, "return on tangible equity": {"2020-09-30": "-27.13%", "2020-06-30": "-25.70%", "2020-03-31": "-26.47%", "2019-12-31": "-28.06%", "2019-09-30": "-29.17%", "2019-06-30": "-30.39%", "2019-03-31": "-32.19%", "2018-12-31": "-31.67%", "2018-09-30": "-28.52%", "2018-06-30": "-25.57%", "2018-03-31": "-22.87%", "2017-12-31": "-19.58%", "2017-09-30": "-19.45%", "2017-06-30": "-18.66%", "2017-03-31": "-18.32%", "2016-12-31": "-18.33%", "2016-09-30": "-19.52%", "2016-06-30": "-21.63%", "2016-03-31": "-25.35%", "2015-12-31": "-30.07%", "2015-09-30": "-33.60%", "2015-06-30": "-34.88%", "2015-03-31": "-48.27%", "2014-12-31": "-57.46%", "2014-09-30": "-50.89%", "2014-06-30": "-45.98%", "2014-03-31": "-32.11%", "2013-12-31": "-25.21%", "2013-09-30": "-24.91%", "2013-06-30": "-24.45%", "2013-03-31": "-21.57%", "2012-12-31": "-19.77%", "2012-09-30": "-18.67%", "2012-06-30": "-17.52%", "2012-03-31": "-17.09%", "2011-12-31": "-15.10%", "2011-09-30": "-11.63%", "2011-03-31": "-4.29%", "2010-12-31": "-4.76%", "2010-05-31": "-116.87%", "2010-02-28": "-52.80%", "2009-05-31": "-19.22%", "2009-02-28": "-17.41%", "2008-08-31": "-21.69%", "2008-02-29": "-20.67%", "2007-12-31": "-31.25%"}, "dividend yield history": {"last payout": "$3.12", "last yield": "0.73%"}}