{"ticker": "MSI", "price": {"title": "Motorola Solutions Historical Annual Stock Price Data", "value": 181.79, "historical": {"2021": {"Average Stock Price": "174.7571", "Year Open": "167.5000", "Year High": "183.3200", "Year Low": "166.6100", "Year Close": "181.7900", "Annual % Change": "6.90%"}, "2020": {"Average Stock Price": "155.7200", "Year Open": "161.6300", "Year High": "186.1200", "Year Low": "124.5600", "Year Close": "170.0600", "Annual % Change": "5.54%"}, "2019": {"Average Stock Price": "154.4855", "Year Open": "114.7800", "Year High": "181.1600", "Year Low": "110.7600", "Year Close": "161.1400", "Annual % Change": "40.07%"}, "2018": {"Average Stock Price": "115.1432", "Year Open": "90.5500", "Year High": "133.7900", "Year Low": "89.9100", "Year Close": "115.0400", "Annual % Change": "27.34%"}, "2017": {"Average Stock Price": "86.3175", "Year Open": "83.6000", "Year High": "94.5300", "Year Low": "77.3400", "Year Close": "90.3400", "Annual % Change": "8.99%"}, "2016": {"Average Stock Price": "72.5973", "Year Open": "67.1300", "Year High": "84.0000", "Year Low": "60.3600", "Year Close": "82.8900", "Annual % Change": "21.10%"}, "2015": {"Average Stock Price": "64.6957", "Year Open": "66.5100", "Year High": "72.4500", "Year Low": "56.7900", "Year Close": "68.4500", "Annual % Change": "2.04%"}, "2014": {"Average Stock Price": "64.4449", "Year Open": "66.3300", "Year High": "67.8700", "Year Low": "58.5000", "Year Close": "67.0800", "Annual % Change": "-0.62%"}, "2013": {"Average Stock Price": "60.0436", "Year Open": "56.2000", "Year High": "67.5000", "Year Low": "54.0100", "Year Close": "67.5000", "Annual % Change": "21.23%"}, "2012": {"Average Stock Price": "49.6008", "Year Open": "46.6200", "Year High": "55.6800", "Year Low": "44.9400", "Year Close": "55.6800", "Annual % Change": "20.29%"}, "2011": {"Average Stock Price": "43.3580", "Year Open": "36.8230", "Year High": "47.8700", "Year Low": "36.8230", "Year Close": "46.2900", "Annual % Change": "26.26%"}, "2010": {"Average Stock Price": "30.5013", "Year Open": "32.2150", "Year High": "36.7421", "Year Low": "24.8585", "Year Close": "36.6613", "Annual % Change": "16.88%"}, "2009": {"Average Stock Price": "25.9937", "Year Open": "18.8763", "Year High": "37.6314", "Year Low": "12.5303", "Year Close": "31.3662", "Annual % Change": "75.17%"}, "2008": {"Average Stock Price": "33.8908", "Year Open": "64.9555", "Year High": "64.9555", "Year Low": "12.7324", "Year Close": "17.9062", "Annual % Change": "-72.38%"}, "2007": {"Average Stock Price": "72.0000", "Year Open": "83.1447", "Year High": "83.1447", "Year Low": "61.6006", "Year Close": "64.8343", "Annual % Change": "-21.98%"}, "2006": {"Average Stock Price": "89.9664", "Year Open": "93.4923", "Year High": "105.9014", "Year Low": "75.5457", "Year Close": "83.1043", "Annual % Change": "-8.99%"}, "2005": {"Average Stock Price": "77.0722", "Year Open": "68.9572", "Year High": "100.1213", "Year Low": "59.0542", "Year Close": "91.3096", "Annual % Change": "31.34%"}, "2004": {"Average Stock Price": "70.5034", "Year Open": "58.6095", "Year High": "83.7510", "Year Low": "57.0736", "Year Close": "69.5230", "Annual % Change": "22.86%"}, "2003": {"Average Stock Price": "41.1585", "Year Open": "37.1867", "Year High": "57.3565", "Year Low": "31.1641", "Year Close": "56.5885", "Annual % Change": "61.85%"}, "2002": {"Average Stock Price": "51.1655", "Year Open": "62.8133", "Year High": "68.5125", "Year Low": "31.4066", "Year Close": "34.9636", "Annual % Change": "-42.41%"}, "2001": {"Average Stock Price": "68.4482", "Year Open": "81.8513", "Year High": "99.7979", "Year Low": "46.4834", "Year Close": "60.7114", "Annual % Change": "-25.83%"}, "2000": {"Average Stock Price": "144.8017", "Year Open": "200.7545", "Year High": "243.3711", "Year Low": "70.7357", "Year Close": "81.8513", "Annual % Change": "-58.74%"}, "1999": {"Average Stock Price": "121.1265", "Year Open": "87.5775", "Year High": "198.7335", "Year Low": "85.5565", "Year Close": "198.3967", "Annual % Change": "141.16%"}, "1998": {"Average Stock Price": "72.6793", "Year Open": "78.3212", "Year High": "87.4966", "Year Low": "51.9537", "Year Close": "82.2689", "Annual % Change": "6.77%"}, "1997": {"Average Stock Price": "90.0454", "Year Open": "80.6791", "Year High": "121.1803", "Year Low": "73.0127", "Year Close": "77.0547", "Annual % Change": "-6.63%"}, "1996": {"Average Stock Price": "75.0495", "Year Open": "79.4934", "Year High": "91.2827", "Year Low": "60.2937", "Year Close": "82.5249", "Annual % Change": "7.46%"}, "1995": {"Average Stock Price": "86.7355", "Year Open": "76.7987", "Year High": "110.1455", "Year Low": "70.3988", "Year Close": "76.7987", "Annual % Change": "-1.72%"}, "1994": {"Average Stock Price": "69.1577", "Year Open": "59.7076", "Year High": "82.1881", "Year Low": "58.6095", "Year Close": "78.1461", "Annual % Change": "25.75%"}, "1993": {"Average Stock Price": "55.1320", "Year Open": "34.8222", "Year High": "71.4093", "Year Low": "34.3573", "Year Close": "62.1463", "Annual % Change": "76.55%"}, "1992": {"Average Stock Price": "28.4956", "Year Open": "22.0628", "Year High": "35.4520", "Year Low": "22.0628", "Year Close": "35.1994", "Annual % Change": "60.15%"}, "1991": {"Average Stock Price": "20.7676", "Year Open": "17.5155", "Year High": "23.9996", "Year Low": "15.4541", "Year Close": "21.9786", "Annual % Change": "24.57%"}, "1990": {"Average Stock Price": "22.2653", "Year Open": "20.5470", "Year High": "29.6854", "Year Low": "16.8014", "Year Close": "17.6435", "Annual % Change": "-10.28%"}, "1989": {"Average Stock Price": "17.4514", "Year Open": "13.8945", "Year High": "20.7996", "Year Low": "13.3892", "Year Close": "19.6645", "Annual % Change": "39.00%"}, "1988": {"Average Stock Price": "15.0736", "Year Open": "17.3067", "Year High": "18.2330", "Year Low": "12.1699", "Year Close": "14.1471", "Annual % Change": "-15.58%"}, "1987": {"Average Stock Price": "18.2175", "Year Open": "12.0015", "Year High": "24.6733", "Year Low": "12.0015", "Year Close": "16.7576", "Annual % Change": "39.63%"}, "1986": {"Average Stock Price": "13.6373", "Year Open": "12.9278", "Year High": "16.8014", "Year Low": "11.3682", "Year Close": "12.0015", "Annual % Change": "-8.36%"}, "1985": {"Average Stock Price": "11.5537", "Year Open": "11.4120", "Year High": "13.3892", "Year Low": "10.0647", "Year Close": "13.0962", "Annual % Change": "15.20%"}, "1984": {"Average Stock Price": "12.5420", "Year Open": "15.2138", "Year High": "15.6910", "Year Low": "9.8963", "Year Close": "11.3682", "Annual % Change": "-25.69%"}, "1983": {"Average Stock Price": "13.9150", "Year Open": "9.5156", "Year High": "16.6173", "Year Low": "9.3045", "Year Close": "15.2980", "Annual % Change": "56.61%"}, "1982": {"Average Stock Price": "7.5496", "Year Open": "6.4560", "Year High": "10.2735", "Year Low": "5.6139", "Year Close": "9.7683", "Annual % Change": "50.65%"}, "1981": {"Average Stock Price": "7.6989", "Year Open": "8.1121", "Year High": "10.0490", "Year Low": "6.3438", "Year Close": "6.4841", "Annual % Change": "-20.89%"}, "1980": {"Average Stock Price": "6.4911", "Year Open": "5.3894", "Year High": "9.3753", "Year Low": "4.6461", "Year Close": "8.1964", "Annual % Change": "42.77%"}, "1979": {"Average Stock Price": "4.9933", "Year Open": "4.4912", "Year High": "6.1899", "Year Low": "4.0701", "Year Close": "5.7408", "Annual % Change": "28.21%"}, "1978": {"Average Stock Price": "4.8254", "Year Open": "4.0566", "Year High": "6.1192", "Year Low": "3.9298", "Year Close": "4.4777", "Annual % Change": "8.87%"}}}, "market cap": {"value": "$31.04B"}, "income statement": {"Revenue": {"2020-12-31": "7414.00000", "2019-12-31": "7887.00000", "2018-12-31": "7343.00000", "2017-12-31": "6380.00000", "2016-12-31": "6038.00000", "2015-12-31": "5695.00000", "2014-12-31": "5881.00000", "2013-12-31": "6227.00000", "2012-12-31": "6269.00000", "2011-12-31": "8203.00000", "2010-12-31": "7617.00000", "2009-12-31": "6947.00000", "2008-12-31": "25109.00000", "2007-12-31": "36622.00000", "2006-12-31": "42847.00000", "2005-12-31": "35310.00000"}, "Cost Of Goods Sold": {"2020-12-31": "3806.00000", "2019-12-31": "3956.00000", "2018-12-31": "3863.00000", "2017-12-31": "3356.00000", "2016-12-31": "3169.00000", "2015-12-31": "2976.00000", "2014-12-31": "3050.00000", "2013-12-31": "3118.00000", "2012-12-31": "3075.00000", "2011-12-31": "4057.00000", "2010-12-31": "3805.00000", "2009-12-31": "3470.00000", "2008-12-31": "18171.00000", "2007-12-31": "26670.00000", "2006-12-31": "30120.00000", "2005-12-31": "23881.00000"}, "Gross Profit": {"2020-12-31": "3608.00000", "2019-12-31": "3931.00000", "2018-12-31": "3480.00000", "2017-12-31": "3024.00000", "2016-12-31": "2869.00000", "2015-12-31": "2719.00000", "2014-12-31": "2831.00000", "2013-12-31": "3109.00000", "2012-12-31": "3194.00000", "2011-12-31": "4146.00000", "2010-12-31": "3812.00000", "2009-12-31": "3477.00000", "2008-12-31": "6938.00000", "2007-12-31": "9952.00000", "2006-12-31": "12727.00000", "2005-12-31": "11429.00000"}, "Research And Development Expenses": {"2020-12-31": "686.00000", "2019-12-31": "687.00000", "2018-12-31": "637.00000", "2017-12-31": "568.00000", "2016-12-31": "553.00000", "2015-12-31": "620.00000", "2014-12-31": "681.00000", "2013-12-31": "761.00000", "2012-12-31": "790.00000", "2011-12-31": "1035.00000", "2010-12-31": "1037.00000", "2009-12-31": "993.00000", "2008-12-31": "3399.00000", "2007-12-31": "4429.00000", "2006-12-31": "4106.00000", "2005-12-31": "3600.00000"}, "SG&A Expenses": {"2020-12-31": "1293.00000", "2019-12-31": "1403.00000", "2018-12-31": "1254.00000", "2017-12-31": "1025.00000", "2016-12-31": "1044.00000", "2015-12-31": "1021.00000", "2014-12-31": "1184.00000", "2013-12-31": "1330.00000", "2012-12-31": "1472.00000", "2011-12-31": "1912.00000", "2010-12-31": "1874.00000", "2009-12-31": "1662.00000", "2008-12-31": "3912.00000", "2007-12-31": "5092.00000", "2006-12-31": "4504.00000", "2005-12-31": "3628.00000"}, "Other Operating Income Or Expenses": {"2020-12-31": "-31.00000", "2019-12-31": "-260.00000", "2018-12-31": "-334.00000", "2017-12-31": "-147.00000", "2016-12-31": "-224.00000", "2015-12-31": "-84.00000", "2014-12-31": "-1972.00000", "2013-12-31": "-71.00000", "2012-12-31": "-12.00000", "2011-12-31": "-341.00000", "2010-12-31": "-150.00000", "2009-12-31": "-255.00000", "2008-12-31": "-2169.00000", "2007-12-31": "-984.00000", "2006-12-31": "-25.00000", "2005-12-31": "404.00000"}, "Operating Expenses": {"2020-12-31": "6031.00000", "2019-12-31": "6306.00000", "2018-12-31": "6088.00000", "2017-12-31": "5096.00000", "2016-12-31": "4990.00000", "2015-12-31": "4701.00000", "2014-12-31": "6887.00000", "2013-12-31": "5280.00000", "2012-12-31": "5349.00000", "2011-12-31": "7345.00000", "2010-12-31": "6866.00000", "2009-12-31": "6380.00000", "2008-12-31": "27651.00000", "2007-12-31": "37175.00000", "2006-12-31": "38755.00000", "2005-12-31": "30705.00000"}, "Operating Income": {"2020-12-31": "1383.00000", "2019-12-31": "1581.00000", "2018-12-31": "1255.00000", "2017-12-31": "1284.00000", "2016-12-31": "1048.00000", "2015-12-31": "994.00000", "2014-12-31": "-1006.00000", "2013-12-31": "947.00000", "2012-12-31": "920.00000", "2011-12-31": "858.00000", "2010-12-31": "751.00000", "2009-12-31": "567.00000", "2008-12-31": "-2542.00000", "2007-12-31": "-553.00000", "2006-12-31": "4092.00000", "2005-12-31": "4605.00000"}, "Total Non-Operating Income/Expense": {"2020-12-31": "-209.00000", "2019-12-31": "-580.00000", "2018-12-31": "-153.00000", "2017-12-31": "-208.00000", "2016-12-31": "-204.00000", "2015-12-31": "-77.00000", "2014-12-31": "-155.00000", "2013-12-31": "-67.00000", "2012-12-31": "-39.00000", "2011-12-31": "-120.00000", "2010-12-31": "-87.00000", "2009-12-31": "66.00000", "2008-12-31": "-311.00000", "2007-12-31": "177.00000", "2006-12-31": "518.00000", "2005-12-31": "1807.00000"}, "Pre-Tax Income": {"2020-12-31": "1174.00000", "2019-12-31": "1001.00000", "2018-12-31": "1102.00000", "2017-12-31": "1076.00000", "2016-12-31": "844.00000", "2015-12-31": "917.00000", "2014-12-31": "-1161.00000", "2013-12-31": "880.00000", "2012-12-31": "881.00000", "2011-12-31": "738.00000", "2010-12-31": "664.00000", "2009-12-31": "633.00000", "2008-12-31": "-2853.00000", "2007-12-31": "-376.00000", "2006-12-31": "4610.00000", "2005-12-31": "6412.00000"}, "Income Taxes": {"2020-12-31": "221.00000", "2019-12-31": "130.00000", "2018-12-31": "133.00000", "2017-12-31": "1227.00000", "2016-12-31": "282.00000", "2015-12-31": "274.00000", "2014-12-31": "-465.00000", "2013-12-31": "-59.00000", "2012-12-31": "211.00000", "2011-12-31": "-3.00000", "2010-12-31": "403.00000", "2009-12-31": "188.00000", "2008-12-31": "1584.00000", "2007-12-31": "-285.00000", "2006-12-31": "1349.00000", "2005-12-31": "1893.00000"}, "Income After Taxes": {"2020-12-31": "953.00000", "2019-12-31": "871.00000", "2018-12-31": "969.00000", "2017-12-31": "-151.00000", "2016-12-31": "562.00000", "2015-12-31": "643.00000", "2014-12-31": "-696.00000", "2013-12-31": "939.00000", "2012-12-31": "670.00000", "2011-12-31": "741.00000", "2010-12-31": "261.00000", "2009-12-31": "445.00000", "2008-12-31": "-4437.00000", "2007-12-31": "-91.00000", "2006-12-31": "3261.00000", "2005-12-31": "4519.00000"}, "Other Income": {"2020-12-31": "", "2019-12-31": "", "2018-12-31": "", "2017-12-31": "", "2016-12-31": "", "2015-12-31": "", "2014-12-31": "", "2013-12-31": "", "2012-12-31": "", "2011-12-31": "", "2010-12-31": "", "2009-12-31": "", "2008-12-31": "", "2007-12-31": "", "2006-12-31": "", "2005-12-31": ""}, "Income From Continuous Operations": {"2020-12-31": "953.00000", "2019-12-31": "871.00000", "2018-12-31": "969.00000", "2017-12-31": "-151.00000", "2016-12-31": "562.00000", "2015-12-31": "643.00000", "2014-12-31": "-696.00000", "2013-12-31": "939.00000", "2012-12-31": "670.00000", "2011-12-31": "741.00000", "2010-12-31": "261.00000", "2009-12-31": "445.00000", "2008-12-31": "-4437.00000", "2007-12-31": "-91.00000", "2006-12-31": "3261.00000", "2005-12-31": "4519.00000"}, "Income From Discontinued Operations": {"2020-12-31": "", "2019-12-31": "", "2018-12-31": "", "2017-12-31": "", "2016-12-31": "", "2015-12-31": "-30.00000", "2014-12-31": "1996.00000", "2013-12-31": "166.00000", "2012-12-31": "211.00000", "2011-12-31": "411.00000", "2010-12-31": "389.00000", "2009-12-31": "-473.00000", "2008-12-31": "197.00000", "2007-12-31": "56.00000", "2006-12-31": "400.00000", "2005-12-31": "59.00000"}, "Net Income": {"2020-12-31": "949.00000", "2019-12-31": "868.00000", "2018-12-31": "966.00000", "2017-12-31": "-155.00000", "2016-12-31": "560.00000", "2015-12-31": "610.00000", "2014-12-31": "1299.00000", "2013-12-31": "1099.00000", "2012-12-31": "881.00000", "2011-12-31": "1158.00000", "2010-12-31": "633.00000", "2009-12-31": "-51.00000", "2008-12-31": "-4244.00000", "2007-12-31": "-49.00000", "2006-12-31": "3661.00000", "2005-12-31": "4578.00000"}, "EBITDA": {"2020-12-31": "1792.00000", "2019-12-31": "1975.00000", "2018-12-31": "1615.00000", "2017-12-31": "1627.00000", "2016-12-31": "1343.00000", "2015-12-31": "1144.00000", "2014-12-31": "-833.00000", "2013-12-31": "1105.00000", "2012-12-31": "1071.00000", "2011-12-31": "1224.00000", "2010-12-31": "1104.00000", "2009-12-31": "955.00000", "2008-12-31": "-1856.00000", "2007-12-31": "350.00000", "2006-12-31": "4650.00000", "2005-12-31": "5145.00000"}, "EBIT": {"2020-12-31": "1383.00000", "2019-12-31": "1581.00000", "2018-12-31": "1255.00000", "2017-12-31": "1284.00000", "2016-12-31": "1048.00000", "2015-12-31": "994.00000", "2014-12-31": "-1006.00000", "2013-12-31": "947.00000", "2012-12-31": "920.00000", "2011-12-31": "858.00000", "2010-12-31": "751.00000", "2009-12-31": "567.00000", "2008-12-31": "-2542.00000", "2007-12-31": "-553.00000", "2006-12-31": "4092.00000", "2005-12-31": "4605.00000"}, "Basic Shares Outstanding": {"2020-12-31": "170.00000", "2019-12-31": "166.60000", "2018-12-31": "162.40000", "2017-12-31": "162.90000", "2016-12-31": "169.60000", "2015-12-31": "199.60000", "2014-12-31": "245.60000", "2013-12-31": "266.00000", "2012-12-31": "292.10000", "2011-12-31": "333.80000", "2010-12-31": "333.30000", "2009-12-31": "327.90000", "2008-12-31": "323.60000", "2007-12-31": "330.48480", "2006-12-31": "349.57630", "2005-12-31": "353.14880"}, "Shares Outstanding": {"2020-12-31": "174.10000", "2019-12-31": "175.60000", "2018-12-31": "172.00000", "2017-12-31": "162.90000", "2016-12-31": "173.10000", "2015-12-31": "201.80000", "2014-12-31": "245.60000", "2013-12-31": "270.50000", "2012-12-31": "297.40000", "2011-12-31": "339.70000", "2010-12-31": "338.10000", "2009-12-31": "329.90000", "2008-12-31": "323.60000", "2007-12-31": "330.48480", "2006-12-31": "357.85020", "2005-12-31": "361.10830"}, "Basic EPS": {"2020-12-31": "5.58000", "2019-12-31": "5.21000", "2018-12-31": "5.95000", "2017-12-31": "-0.95000", "2016-12-31": "3.30000", "2015-12-31": "3.06000", "2014-12-31": "5.29000", "2013-12-31": "4.13000", "2012-12-31": "3.02000", "2011-12-31": "3.47000", "2010-12-31": "1.90000", "2009-12-31": "-0.16000", "2008-12-31": "-13.11000", "2007-12-31": "-0.14000", "2006-12-31": "10.49690", "2005-12-31": "12.94610"}, "EPS - Earnings Per Share": {"2020-12-31": "5.45000", "2019-12-31": "4.95000", "2018-12-31": "5.62000", "2017-12-31": "-0.95000", "2016-12-31": "3.24000", "2015-12-31": "3.02000", "2014-12-31": "5.29000", "2013-12-31": "4.06000", "2012-12-31": "2.96000", "2011-12-31": "3.41000", "2010-12-31": "1.87000", "2009-12-31": "-0.16000", "2008-12-31": "-13.11000", "2007-12-31": "-0.14000", "2006-12-31": "10.21690", "2005-12-31": "12.66620"}}, "income statement, quarterly": {"Revenue": {"2020-12-31": "2273.00000", "2020-09-30": "1868.00000", "2020-06-30": "1618.00000", "2020-03-31": "1655.00000", "2019-12-31": "2376.00000", "2019-09-30": "1994.00000", "2019-06-30": "1860.00000", "2019-03-31": "1657.00000", "2018-12-31": "2253.00000", "2018-09-30": "1862.00000", "2018-06-30": "1760.00000", "2018-03-31": "1468.00000", "2017-12-31": "1957.00000", "2017-09-30": "1645.00000", "2017-06-30": "1497.00000", "2017-03-31": "1281.00000", "2016-12-31": "1883.00000", "2016-09-30": "1532.00000", "2016-06-30": "1430.00000", "2016-03-31": "1193.00000", "2015-12-31": "1682.00000", "2015-09-30": "1422.00000", "2015-06-30": "1368.00000", "2015-03-31": "1223.00000", "2014-12-31": "1824.00000", "2014-09-30": "1436.00000", "2014-06-30": "1393.00000", "2014-03-31": "1228.00000", "2013-12-31": "1240.00000", "2013-09-30": "1517.00000", "2013-06-30": "1497.00000", "2013-03-31": "1973.00000", "2012-12-31": "2441.00000", "2012-09-30": "2153.00000", "2012-06-30": "2148.00000", "2012-03-31": "1956.00000", "2011-12-31": "2300.00000", "2011-09-30": "2085.00000", "2011-06-30": "1984.00000", "2011-03-31": "1834.00000", "2010-12-31": "2033.00000", "2010-09-30": "1908.00000", "2010-06-30": "1936.00000", "2010-03-31": "1740.00000", "2009-12-31": "4786.00000", "2009-09-30": "4336.00000", "2009-06-30": "5497.00000", "2009-03-31": "5371.00000", "2008-12-31": "7136.00000", "2008-09-30": "7480.00000", "2008-06-30": "8082.00000", "2008-03-31": "7448.00000", "2007-12-31": "9646.00000", "2007-09-30": "8811.00000", "2007-06-30": "8732.00000", "2007-03-31": "9433.00000", "2006-12-31": "11816.00000", "2006-09-30": "10603.00000", "2006-06-30": "10820.00000", "2006-03-31": "9608.00000", "2005-12-31": "10039.00000", "2005-09-30": "9048.00000", "2005-06-30": "8408.00000", "2005-03-31": "8161.00000"}, "Cost Of Goods Sold": {"2020-12-31": "1127.00000", "2020-09-30": "959.00000", "2020-06-30": "852.00000", "2020-03-31": "868.00000", "2019-12-31": "1156.00000", "2019-09-30": "987.00000", "2019-06-30": "929.00000", "2019-03-31": "884.00000", "2018-12-31": "1165.00000", "2018-09-30": "961.00000", "2018-06-30": "938.00000", "2018-03-31": "799.00000", "2017-12-31": "987.00000", "2017-09-30": "851.00000", "2017-06-30": "807.00000", "2017-03-31": "711.00000", "2016-12-31": "954.00000", "2016-09-30": "770.00000", "2016-06-30": "754.00000", "2016-03-31": "691.00000", "2015-12-31": "844.00000", "2015-09-30": "737.00000", "2015-06-30": "720.00000", "2015-03-31": "675.00000", "2014-12-31": "911.00000", "2014-09-30": "751.00000", "2014-06-30": "737.00000", "2014-03-31": "651.00000", "2013-12-31": "601.00000", "2013-09-30": "752.00000", "2013-06-30": "747.00000", "2013-03-31": "1018.00000", "2012-12-31": "1212.00000", "2012-09-30": "1066.00000", "2012-06-30": "1088.00000", "2012-03-31": "983.00000", "2011-12-31": "1140.00000", "2011-09-30": "1030.00000", "2011-06-30": "977.00000", "2011-03-31": "910.00000", "2010-12-31": "1003.00000", "2010-09-30": "944.00000", "2010-06-30": "971.00000", "2010-03-31": "887.00000", "2009-12-31": "3058.00000", "2009-09-30": "2897.00000", "2009-06-30": "3787.00000", "2009-03-31": "3875.00000", "2008-12-31": "5014.00000", "2008-09-30": "5677.00000", "2008-06-30": "5757.00000", "2008-03-31": "5303.00000", "2007-12-31": "7106.00000", "2007-09-30": "6306.00000", "2007-06-30": "6279.00000", "2007-03-31": "6979.00000", "2006-12-31": "8747.00000", "2006-09-30": "7233.00000", "2006-06-30": "7463.00000", "2006-03-31": "6677.00000", "2005-12-31": "6866.00000", "2005-09-30": "6119.00000", "2005-06-30": "5651.00000", "2005-03-31": "5505.00000"}, "Gross Profit": {"2020-12-31": "1146.00000", "2020-09-30": "909.00000", "2020-06-30": "766.00000", "2020-03-31": "787.00000", "2019-12-31": "1220.00000", "2019-09-30": "1007.00000", "2019-06-30": "931.00000", "2019-03-31": "773.00000", "2018-12-31": "1088.00000", "2018-09-30": "901.00000", "2018-06-30": "822.00000", "2018-03-31": "669.00000", "2017-12-31": "970.00000", "2017-09-30": "794.00000", "2017-06-30": "690.00000", "2017-03-31": "570.00000", "2016-12-31": "929.00000", "2016-09-30": "762.00000", "2016-06-30": "676.00000", "2016-03-31": "502.00000", "2015-12-31": "838.00000", "2015-09-30": "685.00000", "2015-06-30": "648.00000", "2015-03-31": "548.00000", "2014-12-31": "913.00000", "2014-09-30": "685.00000", "2014-06-30": "656.00000", "2014-03-31": "577.00000", "2013-12-31": "639.00000", "2013-09-30": "765.00000", "2013-06-30": "750.00000", "2013-03-31": "955.00000", "2012-12-31": "1229.00000", "2012-09-30": "1087.00000", "2012-06-30": "1060.00000", "2012-03-31": "973.00000", "2011-12-31": "1160.00000", "2011-09-30": "1055.00000", "2011-06-30": "1007.00000", "2011-03-31": "924.00000", "2010-12-31": "1030.00000", "2010-09-30": "964.00000", "2010-06-30": "965.00000", "2010-03-31": "853.00000", "2009-12-31": "1728.00000", "2009-09-30": "1439.00000", "2009-06-30": "1710.00000", "2009-03-31": "1496.00000", "2008-12-31": "2122.00000", "2008-09-30": "1803.00000", "2008-06-30": "2325.00000", "2008-03-31": "2145.00000", "2007-12-31": "2540.00000", "2007-09-30": "2505.00000", "2007-06-30": "2453.00000", "2007-03-31": "2454.00000", "2006-12-31": "3069.00000", "2006-09-30": "3370.00000", "2006-06-30": "3357.00000", "2006-03-31": "2931.00000", "2005-12-31": "3173.00000", "2005-09-30": "2929.00000", "2005-06-30": "2757.00000", "2005-03-31": "2656.00000"}, "Research And Development Expenses": {"2020-12-31": "182.00000", "2020-09-30": "175.00000", "2020-06-30": "161.00000", "2020-03-31": "168.00000", "2019-12-31": "183.00000", "2019-09-30": "172.00000", "2019-06-30": "170.00000", "2019-03-31": "162.00000", "2018-12-31": "165.00000", "2018-09-30": "158.00000", "2018-06-30": "162.00000", "2018-03-31": "152.00000", "2017-12-31": "154.00000", "2017-09-30": "141.00000", "2017-06-30": "138.00000", "2017-03-31": "135.00000", "2016-12-31": "143.00000", "2016-09-30": "137.00000", "2016-06-30": "138.00000", "2016-03-31": "135.00000", "2015-12-31": "152.00000", "2015-09-30": "153.00000", "2015-06-30": "156.00000", "2015-03-31": "159.00000", "2014-12-31": "165.00000", "2014-09-30": "166.00000", "2014-06-30": "176.00000", "2014-03-31": "174.00000", "2013-12-31": "121.00000", "2013-09-30": "183.00000", "2013-06-30": "195.00000", "2013-03-31": "262.00000", "2012-12-31": "290.00000", "2012-09-30": "262.00000", "2012-06-30": "269.00000", "2012-03-31": "254.00000", "2011-12-31": "266.00000", "2011-09-30": "270.00000", "2011-06-30": "260.00000", "2011-03-31": "239.00000", "2010-12-31": "248.00000", "2010-09-30": "262.00000", "2010-06-30": "269.00000", "2010-03-31": "258.00000", "2009-12-31": "648.00000", "2009-09-30": "621.00000", "2009-06-30": "775.00000", "2009-03-31": "847.00000", "2008-12-31": "1008.00000", "2008-09-30": "999.00000", "2008-06-30": "1048.00000", "2008-03-31": "1054.00000", "2007-12-31": "1097.00000", "2007-09-30": "1100.00000", "2007-06-30": "1115.00000", "2007-03-31": "1117.00000", "2006-12-31": "1061.00000", "2006-09-30": "1046.00000", "2006-06-30": "1035.00000", "2006-03-31": "964.00000", "2005-12-31": "979.00000", "2005-09-30": "882.00000", "2005-06-30": "878.00000", "2005-03-31": "853.00000"}, "SG&A Expenses": {"2020-12-31": "343.00000", "2020-09-30": "313.00000", "2020-06-30": "297.00000", "2020-03-31": "341.00000", "2019-12-31": "366.00000", "2019-09-30": "359.00000", "2019-06-30": "351.00000", "2019-03-31": "327.00000", "2018-12-31": "336.00000", "2018-09-30": "323.00000", "2018-06-30": "316.00000", "2018-03-31": "279.00000", "2017-12-31": "268.00000", "2017-09-30": "259.00000", "2017-06-30": "254.00000", "2017-03-31": "244.00000", "2016-12-31": "323.00000", "2016-09-30": "247.00000", "2016-06-30": "240.00000", "2016-03-31": "234.00000", "2015-12-31": "252.00000", "2015-09-30": "259.00000", "2015-06-30": "254.00000", "2015-03-31": "256.00000", "2014-12-31": "282.00000", "2014-09-30": "287.00000", "2014-06-30": "308.00000", "2014-03-31": "307.00000", "2013-12-31": "211.00000", "2013-09-30": "320.00000", "2013-06-30": "339.00000", "2013-03-31": "460.00000", "2012-12-31": "510.00000", "2012-09-30": "485.00000", "2012-06-30": "496.00000", "2012-03-31": "472.00000", "2011-12-31": "498.00000", "2011-09-30": "471.00000", "2011-06-30": "482.00000", "2011-03-31": "461.00000", "2010-12-31": "492.00000", "2010-09-30": "457.00000", "2010-06-30": "471.00000", "2010-03-31": "454.00000", "2009-12-31": "808.00000", "2009-09-30": "718.00000", "2009-06-30": "822.00000", "2009-03-31": "869.00000", "2008-12-31": "988.00000", "2008-09-30": "1044.00000", "2008-06-30": "1115.00000", "2008-03-31": "1183.00000", "2007-12-31": "1273.00000", "2007-09-30": "1210.00000", "2007-06-30": "1296.00000", "2007-03-31": "1313.00000", "2006-12-31": "1158.00000", "2006-09-30": "1123.00000", "2006-06-30": "1154.00000", "2006-03-31": "1069.00000", "2005-12-31": "984.00000", "2005-09-30": "919.00000", "2005-06-30": "915.00000", "2005-03-31": "945.00000"}, "Other Operating Income Or Expenses": {"2020-12-31": "-9.00000", "2020-09-30": "-69.00000", "2020-06-30": "-90.00000", "2020-03-31": "-19.00000", "2019-12-31": "-81.00000", "2019-09-30": "-63.00000", "2019-06-30": "-61.00000", "2019-03-31": "-55.00000", "2018-12-31": "-70.00000", "2018-09-30": "-126.00000", "2018-06-30": "-71.00000", "2018-03-31": "-67.00000", "2017-12-31": "-45.00000", "2017-09-30": "-47.00000", "2017-06-30": "-37.00000", "2017-03-31": "-18.00000", "2016-12-31": "-80.00000", "2016-09-30": "-37.00000", "2016-06-30": "-74.00000", "2016-03-31": "-33.00000", "2015-12-31": "-44.00000", "2015-09-30": "-42.00000", "2015-06-30": "16.00000", "2015-03-31": "-14.00000", "2014-12-31": "-1924.00000", "2014-09-30": "-25.00000", "2014-06-30": "-34.00000", "2014-03-31": "11.00000", "2013-12-31": "-25.00000", "2013-09-30": "-16.00000", "2013-06-30": "-13.00000", "2013-03-31": "-17.00000", "2012-12-31": "4.00000", "2012-09-30": "-16.00000", "2012-06-30": "-17.00000", "2012-03-31": "-15.00000", "2011-12-31": "-120.00000", "2011-09-30": "-60.00000", "2011-06-30": "-106.00000", "2011-03-31": "-55.00000", "2010-12-31": "-31.00000", "2010-09-30": "-34.00000", "2010-06-30": "-64.00000", "2010-03-31": "-21.00000", "2009-12-31": "-116.00000", "2009-09-30": "-111.00000", "2009-06-30": "-103.00000", "2009-03-31": "-229.00000", "2008-12-31": "-1726.00000", "2008-09-30": "-212.00000", "2008-06-30": "-157.00000", "2008-03-31": "-177.00000", "2007-12-31": "-189.00000", "2007-09-30": "-205.00000", "2007-06-30": "-200.00000", "2007-03-31": "-390.00000", "2006-12-31": "-97.00000", "2006-09-30": "-233.00000", "2006-06-30": "354.00000", "2006-03-31": "-49.00000", "2005-12-31": "520.00000", "2005-09-30": "-48.00000", "2005-06-30": "-6.00000", "2005-03-31": "7.00000"}, "Operating Expenses": {"2020-12-31": "1718.00000", "2020-09-30": "1516.00000", "2020-06-30": "1400.00000", "2020-03-31": "1396.00000", "2019-12-31": "1786.00000", "2019-09-30": "1581.00000", "2019-06-30": "1511.00000", "2019-03-31": "1428.00000", "2018-12-31": "1736.00000", "2018-09-30": "1568.00000", "2018-06-30": "1487.00000", "2018-03-31": "1297.00000", "2017-12-31": "1454.00000", "2017-09-30": "1298.00000", "2017-06-30": "1236.00000", "2017-03-31": "1108.00000", "2016-12-31": "1500.00000", "2016-09-30": "1191.00000", "2016-06-30": "1206.00000", "2016-03-31": "1093.00000", "2015-12-31": "1292.00000", "2015-09-30": "1191.00000", "2015-06-30": "1114.00000", "2015-03-31": "1104.00000", "2014-12-31": "3282.00000", "2014-09-30": "1229.00000", "2014-06-30": "1255.00000", "2014-03-31": "1121.00000", "2013-12-31": "958.00000", "2013-09-30": "1271.00000", "2013-06-30": "1294.00000", "2013-03-31": "1757.00000", "2012-12-31": "2018.00000", "2012-09-30": "1829.00000", "2012-06-30": "1870.00000", "2012-03-31": "1724.00000", "2011-12-31": "2024.00000", "2011-09-30": "1831.00000", "2011-06-30": "1825.00000", "2011-03-31": "1665.00000", "2010-12-31": "1774.00000", "2010-09-30": "1697.00000", "2010-06-30": "1775.00000", "2010-03-31": "1620.00000", "2009-12-31": "4698.00000", "2009-09-30": "4347.00000", "2009-06-30": "5487.00000", "2009-03-31": "5820.00000", "2008-12-31": "8811.00000", "2008-09-30": "7932.00000", "2008-06-30": "8077.00000", "2008-03-31": "7717.00000", "2007-12-31": "9665.00000", "2007-09-30": "8821.00000", "2007-06-30": "8890.00000", "2007-03-31": "9799.00000", "2006-12-31": "11063.00000", "2006-09-30": "9635.00000", "2006-06-30": "9298.00000", "2006-03-31": "8759.00000", "2005-12-31": "8328.00000", "2005-09-30": "7968.00000", "2005-06-30": "7450.00000", "2005-03-31": "7296.00000"}, "Operating Income": {"2020-12-31": "555.00000", "2020-09-30": "352.00000", "2020-06-30": "218.00000", "2020-03-31": "259.00000", "2019-12-31": "590.00000", "2019-09-30": "413.00000", "2019-06-30": "349.00000", "2019-03-31": "229.00000", "2018-12-31": "517.00000", "2018-09-30": "294.00000", "2018-06-30": "273.00000", "2018-03-31": "171.00000", "2017-12-31": "503.00000", "2017-09-30": "347.00000", "2017-06-30": "261.00000", "2017-03-31": "173.00000", "2016-12-31": "383.00000", "2016-09-30": "341.00000", "2016-06-30": "224.00000", "2016-03-31": "100.00000", "2015-12-31": "390.00000", "2015-09-30": "231.00000", "2015-06-30": "254.00000", "2015-03-31": "119.00000", "2014-12-31": "-1458.00000", "2014-09-30": "207.00000", "2014-06-30": "138.00000", "2014-03-31": "107.00000", "2013-12-31": "282.00000", "2013-09-30": "246.00000", "2013-06-30": "203.00000", "2013-03-31": "216.00000", "2012-12-31": "423.00000", "2012-09-30": "324.00000", "2012-06-30": "278.00000", "2012-03-31": "232.00000", "2011-12-31": "276.00000", "2011-09-30": "254.00000", "2011-06-30": "159.00000", "2011-03-31": "169.00000", "2010-12-31": "259.00000", "2010-09-30": "211.00000", "2010-06-30": "161.00000", "2010-03-31": "120.00000", "2009-12-31": "88.00000", "2009-09-30": "-11.00000", "2009-06-30": "10.00000", "2009-03-31": "-449.00000", "2008-12-31": "-1675.00000", "2008-09-30": "-452.00000", "2008-06-30": "5.00000", "2008-03-31": "-269.00000", "2007-12-31": "-19.00000", "2007-09-30": "-10.00000", "2007-06-30": "-158.00000", "2007-03-31": "-366.00000", "2006-12-31": "753.00000", "2006-09-30": "968.00000", "2006-06-30": "1522.00000", "2006-03-31": "849.00000", "2005-12-31": "1711.00000", "2005-09-30": "1080.00000", "2005-06-30": "958.00000", "2005-03-31": "865.00000"}, "Total Non-Operating Income/Expense": {"2020-12-31": "-33.00000", "2020-09-30": "-101.00000", "2020-06-30": "-42.00000", "2020-03-31": "-35.00000", "2019-12-31": "-397.00000", "2019-09-30": "-65.00000", "2019-06-30": "-74.00000", "2019-03-31": "-44.00000", "2018-12-31": "-52.00000", "2018-09-30": "-24.00000", "2018-06-30": "-46.00000", "2018-03-31": "-31.00000", "2017-12-31": "-38.00000", "2017-09-30": "-61.00000", "2017-06-30": "-56.00000", "2017-03-31": "-53.00000", "2016-12-31": "-21.00000", "2016-09-30": "-48.00000", "2016-06-30": "-57.00000", "2016-03-31": "-78.00000", "2015-12-31": "-13.00000", "2015-09-30": "-34.00000", "2015-06-30": "-39.00000", "2015-03-31": "9.00000", "2014-12-31": "-41.00000", "2014-09-30": "-56.00000", "2014-06-30": "-40.00000", "2014-03-31": "-18.00000", "2013-12-31": "-26.00000", "2013-09-30": "5.00000", "2013-06-30": "-35.00000", "2013-03-31": "-11.00000", "2012-12-31": "-16.00000", "2012-09-30": "", "2012-06-30": "-38.00000", "2012-03-31": "12.00000", "2011-12-31": "-9.00000", "2011-09-30": "-16.00000", "2011-06-30": "-98.00000", "2011-03-31": "3.00000", "2010-12-31": "-25.00000", "2010-09-30": "-19.00000", "2010-06-30": "-32.00000", "2010-03-31": "-11.00000", "2009-12-31": "32.00000", "2009-09-30": "-94.00000", "2009-06-30": "23.00000", "2009-03-31": "15.00000", "2008-12-31": "-49.00000", "2008-09-30": "-142.00000", "2008-06-30": "-63.00000", "2008-03-31": "12.00000", "2007-12-31": "66.00000", "2007-09-30": "18.00000", "2007-06-30": "54.00000", "2007-03-31": "39.00000", "2006-12-31": "-69.00000", "2006-09-30": "187.00000", "2006-06-30": "201.00000", "2006-03-31": "199.00000", "2005-12-31": "-29.00000", "2005-09-30": "1180.00000", "2005-06-30": "433.00000", "2005-03-31": "222.00000"}, "Pre-Tax Income": {"2020-12-31": "522.00000", "2020-09-30": "251.00000", "2020-06-30": "176.00000", "2020-03-31": "224.00000", "2019-12-31": "193.00000", "2019-09-30": "348.00000", "2019-06-30": "275.00000", "2019-03-31": "185.00000", "2018-12-31": "465.00000", "2018-09-30": "270.00000", "2018-06-30": "227.00000", "2018-03-31": "140.00000", "2017-12-31": "465.00000", "2017-09-30": "286.00000", "2017-06-30": "205.00000", "2017-03-31": "120.00000", "2016-12-31": "362.00000", "2016-09-30": "293.00000", "2016-06-30": "167.00000", "2016-03-31": "22.00000", "2015-12-31": "377.00000", "2015-09-30": "197.00000", "2015-06-30": "215.00000", "2015-03-31": "128.00000", "2014-12-31": "-1499.00000", "2014-09-30": "151.00000", "2014-06-30": "98.00000", "2014-03-31": "89.00000", "2013-12-31": "256.00000", "2013-09-30": "251.00000", "2013-06-30": "168.00000", "2013-03-31": "205.00000", "2012-12-31": "407.00000", "2012-09-30": "324.00000", "2012-06-30": "240.00000", "2012-03-31": "244.00000", "2011-12-31": "267.00000", "2011-09-30": "238.00000", "2011-06-30": "61.00000", "2011-03-31": "172.00000", "2010-12-31": "234.00000", "2010-09-30": "192.00000", "2010-06-30": "129.00000", "2010-03-31": "109.00000", "2009-12-31": "120.00000", "2009-09-30": "-105.00000", "2009-06-30": "33.00000", "2009-03-31": "-434.00000", "2008-12-31": "-1724.00000", "2008-09-30": "-594.00000", "2008-06-30": "-58.00000", "2008-03-31": "-257.00000", "2007-12-31": "47.00000", "2007-09-30": "8.00000", "2007-06-30": "-104.00000", "2007-03-31": "-327.00000", "2006-12-31": "684.00000", "2006-09-30": "1155.00000", "2006-06-30": "1723.00000", "2006-03-31": "1048.00000", "2005-12-31": "1682.00000", "2005-09-30": "2260.00000", "2005-06-30": "1391.00000", "2005-03-31": "1087.00000"}, "Income Taxes": {"2020-12-31": "109.00000", "2020-09-30": "45.00000", "2020-06-30": "40.00000", "2020-03-31": "26.00000", "2019-12-31": "-50.00000", "2019-09-30": "80.00000", "2019-06-30": "67.00000", "2019-03-31": "33.00000", "2018-12-31": "42.00000", "2018-09-30": "22.00000", "2018-06-30": "46.00000", "2018-03-31": "23.00000", "2017-12-31": "1039.00000", "2017-09-30": "73.00000", "2017-06-30": "73.00000", "2017-03-31": "42.00000", "2016-12-31": "118.00000", "2016-09-30": "100.00000", "2016-06-30": "59.00000", "2016-03-31": "5.00000", "2015-12-31": "99.00000", "2015-09-30": "71.00000", "2015-06-30": "64.00000", "2015-03-31": "40.00000", "2014-12-31": "-573.00000", "2014-09-30": "84.00000", "2014-06-30": "20.00000", "2014-03-31": "4.00000", "2013-12-31": "-2.00000", "2013-09-30": "-11.00000", "2013-06-30": "-59.00000", "2013-03-31": "13.00000", "2012-12-31": "71.00000", "2012-09-30": "118.00000", "2012-06-30": "63.00000", "2012-03-31": "85.00000", "2011-12-31": "90.00000", "2011-09-30": "83.00000", "2011-06-30": "13.00000", "2011-03-31": "-189.00000", "2010-12-31": "65.00000", "2010-09-30": "203.00000", "2010-06-30": "122.00000", "2010-03-31": "13.00000", "2009-12-31": "70.00000", "2009-09-30": "-25.00000", "2009-06-30": "-2.00000", "2009-03-31": "-146.00000", "2008-12-31": "1932.00000", "2008-09-30": "-203.00000", "2008-06-30": "-55.00000", "2008-03-31": "-67.00000", "2007-12-31": "-78.00000", "2007-09-30": "-32.00000", "2007-06-30": "-66.00000", "2007-03-31": "-109.00000", "2006-12-31": "155.00000", "2006-09-30": "428.00000", "2006-06-30": "374.00000", "2006-03-31": "392.00000", "2005-12-31": "505.00000", "2005-09-30": "522.00000", "2005-06-30": "472.00000", "2005-03-31": "395.00000"}, "Income After Taxes": {"2020-12-31": "413.00000", "2020-09-30": "206.00000", "2020-06-30": "136.00000", "2020-03-31": "198.00000", "2019-12-31": "243.00000", "2019-09-30": "268.00000", "2019-06-30": "208.00000", "2019-03-31": "152.00000", "2018-12-31": "423.00000", "2018-09-30": "248.00000", "2018-06-30": "181.00000", "2018-03-31": "117.00000", "2017-12-31": "-574.00000", "2017-09-30": "213.00000", "2017-06-30": "132.00000", "2017-03-31": "78.00000", "2016-12-31": "244.00000", "2016-09-30": "193.00000", "2016-06-30": "108.00000", "2016-03-31": "17.00000", "2015-12-31": "278.00000", "2015-09-30": "126.00000", "2015-06-30": "151.00000", "2015-03-31": "88.00000", "2014-12-31": "-926.00000", "2014-09-30": "67.00000", "2014-06-30": "78.00000", "2014-03-31": "85.00000", "2013-12-31": "258.00000", "2013-09-30": "262.00000", "2013-06-30": "227.00000", "2013-03-31": "192.00000", "2012-12-31": "336.00000", "2012-09-30": "206.00000", "2012-06-30": "177.00000", "2012-03-31": "159.00000", "2011-12-31": "177.00000", "2011-09-30": "155.00000", "2011-06-30": "48.00000", "2011-03-31": "361.00000", "2010-12-31": "169.00000", "2010-09-30": "-11.00000", "2010-06-30": "7.00000", "2010-03-31": "96.00000", "2009-12-31": "50.00000", "2009-09-30": "-80.00000", "2009-06-30": "35.00000", "2009-03-31": "-288.00000", "2008-12-31": "-3656.00000", "2008-09-30": "-391.00000", "2008-06-30": "-3.00000", "2008-03-31": "-190.00000", "2007-12-31": "125.00000", "2007-09-30": "40.00000", "2007-06-30": "-38.00000", "2007-03-31": "-218.00000", "2006-12-31": "529.00000", "2006-09-30": "727.00000", "2006-06-30": "1349.00000", "2006-03-31": "656.00000", "2005-12-31": "1177.00000", "2005-09-30": "1738.00000", "2005-06-30": "919.00000", "2005-03-31": "692.00000"}, "Other Income": {"2020-12-31": "", "2020-09-30": "", "2020-06-30": "", "2020-03-31": "", "2019-12-31": "", "2019-09-30": "", "2019-06-30": "", "2019-03-31": "", "2018-12-31": "", "2018-09-30": "", "2018-06-30": "", "2018-03-31": "", "2017-12-31": "", "2017-09-30": "", "2017-06-30": "", "2017-03-31": "", "2016-12-31": "", "2016-09-30": "", "2016-06-30": "", "2016-03-31": "", "2015-12-31": "", "2015-09-30": "", "2015-06-30": "", "2015-03-31": "", "2014-12-31": "", "2014-09-30": "", "2014-06-30": "", "2014-03-31": "", "2013-12-31": "", "2013-09-30": "", "2013-06-30": "", "2013-03-31": "", "2012-12-31": "", "2012-09-30": "", "2012-06-30": "", "2012-03-31": "", "2011-12-31": "", "2011-09-30": "", "2011-06-30": "", "2011-03-31": "", "2010-12-31": "", "2010-09-30": "", "2010-06-30": "", "2010-03-31": "", "2009-12-31": "", "2009-09-30": "", "2009-06-30": "", "2009-03-31": "", "2008-12-31": "", "2008-09-30": "", "2008-06-30": "", "2008-03-31": "", "2007-12-31": "", "2007-09-30": "", "2007-06-30": "", "2007-03-31": "", "2006-12-31": "", "2006-09-30": "", "2006-06-30": "", "2006-03-31": "", "2005-12-31": "", "2005-09-30": "", "2005-06-30": "", "2005-03-31": ""}, "Income From Continuous Operations": {"2020-12-31": "413.00000", "2020-09-30": "206.00000", "2020-06-30": "136.00000", "2020-03-31": "198.00000", "2019-12-31": "243.00000", "2019-09-30": "268.00000", "2019-06-30": "208.00000", "2019-03-31": "152.00000", "2018-12-31": "423.00000", "2018-09-30": "248.00000", "2018-06-30": "181.00000", "2018-03-31": "117.00000", "2017-12-31": "-574.00000", "2017-09-30": "213.00000", "2017-06-30": "132.00000", "2017-03-31": "78.00000", "2016-12-31": "244.00000", "2016-09-30": "193.00000", "2016-06-30": "108.00000", "2016-03-31": "17.00000", "2015-12-31": "278.00000", "2015-09-30": "126.00000", "2015-06-30": "151.00000", "2015-03-31": "88.00000", "2014-12-31": "-926.00000", "2014-09-30": "67.00000", "2014-06-30": "78.00000", "2014-03-31": "85.00000", "2013-12-31": "258.00000", "2013-09-30": "262.00000", "2013-06-30": "227.00000", "2013-03-31": "192.00000", "2012-12-31": "336.00000", "2012-09-30": "206.00000", "2012-06-30": "177.00000", "2012-03-31": "159.00000", "2011-12-31": "171.00000", "2011-09-30": "155.00000", "2011-06-30": "48.00000", "2011-03-31": "367.00000", "2010-12-31": "169.00000", "2010-09-30": "-11.00000", "2010-06-30": "7.00000", "2010-03-31": "96.00000", "2009-12-31": "50.00000", "2009-09-30": "-80.00000", "2009-06-30": "35.00000", "2009-03-31": "-288.00000", "2008-12-31": "-3656.00000", "2008-09-30": "-391.00000", "2008-06-30": "-3.00000", "2008-03-31": "-190.00000", "2007-12-31": "125.00000", "2007-09-30": "40.00000", "2007-06-30": "-38.00000", "2007-03-31": "-218.00000", "2006-12-31": "529.00000", "2006-09-30": "727.00000", "2006-06-30": "1349.00000", "2006-03-31": "656.00000", "2005-12-31": "1177.00000", "2005-09-30": "1738.00000", "2005-06-30": "919.00000", "2005-03-31": "692.00000"}, "Income From Discontinued Operations": {"2020-12-31": "", "2020-09-30": "", "2020-06-30": "", "2020-03-31": "", "2019-12-31": "", "2019-09-30": "", "2019-06-30": "", "2019-03-31": "", "2018-12-31": "", "2018-09-30": "", "2018-06-30": "", "2018-03-31": "", "2017-12-31": "", "2017-09-30": "", "2017-06-30": "", "2017-03-31": "", "2016-12-31": "", "2016-09-30": "", "2016-06-30": "", "2016-03-31": "", "2015-12-31": "2.00000", "2015-09-30": "-11.00000", "2015-06-30": "-8.00000", "2015-03-31": "-13.00000", "2014-12-31": "1127.00000", "2014-09-30": "81.00000", "2014-06-30": "746.00000", "2014-03-31": "42.00000", "2013-12-31": "85.00000", "2013-09-30": "46.00000", "2013-06-30": "35.00000", "2013-03-31": "", "2012-12-31": "208.00000", "2012-09-30": "", "2012-06-30": "5.00000", "2012-03-31": "-2.00000", "2011-12-31": "7.00000", "2011-09-30": "-25.00000", "2011-06-30": "299.00000", "2011-03-31": "130.00000", "2010-12-31": "135.00000", "2010-09-30": "123.00000", "2010-06-30": "159.00000", "2010-03-31": "-28.00000", "2009-12-31": "91.00000", "2009-09-30": "102.00000", "2009-06-30": "", "2009-03-31": "60.00000", "2008-12-31": "", "2008-09-30": "", "2008-06-30": "", "2008-03-31": "", "2007-12-31": "-11.00000", "2007-09-30": "20.00000", "2007-06-30": "10.00000", "2007-03-31": "37.00000", "2006-12-31": "94.00000", "2006-09-30": "241.00000", "2006-06-30": "35.00000", "2006-03-31": "30.00000", "2005-12-31": "25.00000", "2005-09-30": "13.00000", "2005-06-30": "14.00000", "2005-03-31": ""}, "Net Income": {"2020-12-31": "412.00000", "2020-09-30": "205.00000", "2020-06-30": "135.00000", "2020-03-31": "197.00000", "2019-12-31": "243.00000", "2019-09-30": "267.00000", "2019-06-30": "207.00000", "2019-03-31": "151.00000", "2018-12-31": "422.00000", "2018-09-30": "247.00000", "2018-06-30": "180.00000", "2018-03-31": "117.00000", "2017-12-31": "-575.00000", "2017-09-30": "212.00000", "2017-06-30": "131.00000", "2017-03-31": "77.00000", "2016-12-31": "244.00000", "2016-09-30": "192.00000", "2016-06-30": "107.00000", "2016-03-31": "17.00000", "2015-12-31": "279.00000", "2015-09-30": "115.00000", "2015-06-30": "142.00000", "2015-03-31": "74.00000", "2014-12-31": "201.00000", "2014-09-30": "147.00000", "2014-06-30": "824.00000", "2014-03-31": "127.00000", "2013-12-31": "342.00000", "2013-09-30": "307.00000", "2013-06-30": "258.00000", "2013-03-31": "192.00000", "2012-12-31": "336.00000", "2012-09-30": "206.00000", "2012-06-30": "182.00000", "2012-03-31": "157.00000", "2011-12-31": "184.00000", "2011-09-30": "128.00000", "2011-06-30": "349.00000", "2011-03-31": "497.00000", "2010-12-31": "292.00000", "2010-09-30": "110.00000", "2010-06-30": "162.00000", "2010-03-31": "69.00000", "2009-12-31": "142.00000", "2009-09-30": "12.00000", "2009-06-30": "26.00000", "2009-03-31": "-231.00000", "2008-12-31": "-3657.00000", "2008-09-30": "-397.00000", "2008-06-30": "4.00000", "2008-03-31": "-194.00000", "2007-12-31": "100.00000", "2007-09-30": "60.00000", "2007-06-30": "-28.00000", "2007-03-31": "-181.00000", "2006-12-31": "623.00000", "2006-09-30": "968.00000", "2006-06-30": "1384.00000", "2006-03-31": "686.00000", "2005-12-31": "1202.00000", "2005-09-30": "1751.00000", "2005-06-30": "933.00000", "2005-03-31": "692.00000"}, "EBITDA": {"2020-12-31": "", "2020-09-30": "455.00000", "2020-06-30": "316.00000", "2020-03-31": "358.00000", "2019-12-31": "694.00000", "2019-09-30": "512.00000", "2019-06-30": "445.00000", "2019-03-31": "324.00000", "2018-12-31": "610.00000", "2018-09-30": "383.00000", "2018-06-30": "369.00000", "2018-03-31": "253.00000", "2017-12-31": "503.00000", "2017-09-30": "347.00000", "2017-06-30": "347.00000", "2017-03-31": "253.00000", "2016-12-31": "458.00000", "2016-09-30": "417.00000", "2016-06-30": "306.00000", "2016-03-31": "162.00000", "2015-12-31": "427.00000", "2015-09-30": "263.00000", "2015-06-30": "294.00000", "2015-03-31": "160.00000", "2014-12-31": "-1416.00000", "2014-09-30": "252.00000", "2014-06-30": "184.00000", "2014-03-31": "147.00000", "2013-12-31": "324.00000", "2013-09-30": "286.00000", "2013-06-30": "227.00000", "2013-03-31": "268.00000", "2012-12-31": "423.00000", "2012-09-30": "369.00000", "2012-06-30": "331.00000", "2012-03-31": "285.00000", "2011-12-31": "369.00000", "2011-09-30": "346.00000", "2011-06-30": "249.00000", "2011-03-31": "260.00000", "2010-12-31": "355.00000", "2010-09-30": "296.00000", "2010-06-30": "246.00000", "2010-03-31": "207.00000", "2009-12-31": "-11.00000", "2009-09-30": "94.00000", "2009-06-30": "202.00000", "2009-03-31": "-259.00000", "2008-12-31": "-1613.00000", "2008-09-30": "-244.00000", "2008-06-30": "217.00000", "2008-03-31": "-65.00000", "2007-12-31": "202.00000", "2007-09-30": "226.00000", "2007-06-30": "69.00000", "2007-03-31": "-147.00000", "2006-12-31": "908.00000", "2006-09-30": "1110.00000", "2006-06-30": "1656.00000", "2006-03-31": "976.00000", "2005-12-31": "1843.00000", "2005-09-30": "1217.00000", "2005-06-30": "1081.00000", "2005-03-31": "1013.00000"}, "EBIT": {"2020-12-31": "555.00000", "2020-09-30": "352.00000", "2020-06-30": "218.00000", "2020-03-31": "259.00000", "2019-12-31": "590.00000", "2019-09-30": "413.00000", "2019-06-30": "349.00000", "2019-03-31": "229.00000", "2018-12-31": "517.00000", "2018-09-30": "294.00000", "2018-06-30": "273.00000", "2018-03-31": "171.00000", "2017-12-31": "503.00000", "2017-09-30": "347.00000", "2017-06-30": "261.00000", "2017-03-31": "173.00000", "2016-12-31": "383.00000", "2016-09-30": "341.00000", "2016-06-30": "224.00000", "2016-03-31": "100.00000", "2015-12-31": "390.00000", "2015-09-30": "231.00000", "2015-06-30": "254.00000", "2015-03-31": "119.00000", "2014-12-31": "-1458.00000", "2014-09-30": "207.00000", "2014-06-30": "138.00000", "2014-03-31": "107.00000", "2013-12-31": "282.00000", "2013-09-30": "246.00000", "2013-06-30": "203.00000", "2013-03-31": "216.00000", "2012-12-31": "423.00000", "2012-09-30": "324.00000", "2012-06-30": "278.00000", "2012-03-31": "232.00000", "2011-12-31": "276.00000", "2011-09-30": "254.00000", "2011-06-30": "159.00000", "2011-03-31": "169.00000", "2010-12-31": "259.00000", "2010-09-30": "211.00000", "2010-06-30": "161.00000", "2010-03-31": "120.00000", "2009-12-31": "88.00000", "2009-09-30": "-11.00000", "2009-06-30": "10.00000", "2009-03-31": "-449.00000", "2008-12-31": "-1675.00000", "2008-09-30": "-452.00000", "2008-06-30": "5.00000", "2008-03-31": "-269.00000", "2007-12-31": "-19.00000", "2007-09-30": "-10.00000", "2007-06-30": "-158.00000", "2007-03-31": "-366.00000", "2006-12-31": "753.00000", "2006-09-30": "968.00000", "2006-06-30": "1522.00000", "2006-03-31": "849.00000", "2005-12-31": "1711.00000", "2005-09-30": "1080.00000", "2005-06-30": "958.00000", "2005-03-31": "865.00000"}, "Basic Shares Outstanding": {"2020-12-31": "169.50000", "2020-09-30": "169.70000", "2020-06-30": "170.00000", "2020-03-31": "170.60000", "2019-12-31": "166.60000", "2019-09-30": "166.70000", "2019-06-30": "164.90000", "2019-03-31": "164.00000", "2018-12-31": "162.40000", "2018-09-30": "162.60000", "2018-06-30": "162.20000", "2018-03-31": "161.40000", "2017-12-31": "162.90000", "2017-09-30": "162.30000", "2017-06-30": "163.10000", "2017-03-31": "164.20000", "2016-12-31": "169.60000", "2016-09-30": "166.30000", "2016-06-30": "171.90000", "2016-03-31": "174.50000", "2015-12-31": "199.60000", "2015-09-30": "199.20000", "2015-06-30": "208.00000", "2015-03-31": "215.30000", "2014-12-31": "245.60000", "2014-09-30": "246.30000", "2014-06-30": "253.70000", "2014-03-31": "254.10000", "2013-12-31": "266.00000", "2013-09-30": "262.20000", "2013-06-30": "269.50000", "2013-03-31": "274.50000", "2012-12-31": "279.30000", "2012-09-30": "283.10000", "2012-06-30": "290.60000", "2012-03-31": "311.30000", "2011-12-31": "333.80000", "2011-09-30": "335.40000", "2011-06-30": "341.20000", "2011-03-31": "337.40000", "2010-12-31": "333.30000", "2010-09-30": "334.10000", "2010-06-30": "332.70000", "2010-03-31": "330.80000", "2009-12-31": "330.20000", "2009-09-30": "328.61290", "2009-06-30": "327.79830", "2009-03-31": "325.88350", "2008-12-31": "324.92600", "2008-09-30": "323.79710", "2008-06-30": "323.32560", "2008-03-31": "322.52530", "2007-12-31": "330.48480", "2007-09-30": "327.26960", "2007-06-30": "328.14130", "2007-03-31": "339.00170", "2006-12-31": "349.57630", "2006-09-30": "345.54650", "2006-06-30": "352.16280", "2006-03-31": "355.67810", "2005-12-31": "356.59270", "2005-09-30": "354.47780", "2005-06-30": "351.56260", "2005-03-31": "349.69060"}, "Shares Outstanding": {"2020-12-31": "173.50000", "2020-09-30": "173.50000", "2020-06-30": "173.60000", "2020-03-31": "175.90000", "2019-12-31": "175.60000", "2019-09-30": "176.40000", "2019-06-30": "176.10000", "2019-03-31": "174.60000", "2018-12-31": "172.00000", "2018-09-30": "172.60000", "2018-06-30": "171.70000", "2018-03-31": "170.60000", "2017-12-31": "162.90000", "2017-09-30": "169.00000", "2017-06-30": "169.00000", "2017-03-31": "169.90000", "2016-12-31": "173.10000", "2016-09-30": "169.60000", "2016-06-30": "174.80000", "2016-03-31": "177.00000", "2015-12-31": "201.80000", "2015-09-30": "201.30000", "2015-06-30": "209.50000", "2015-03-31": "217.80000", "2014-12-31": "245.60000", "2014-09-30": "248.20000", "2014-06-30": "256.20000", "2014-03-31": "258.30000", "2013-12-31": "270.50000", "2013-09-30": "265.30000", "2013-06-30": "274.70000", "2013-03-31": "280.70000", "2012-12-31": "284.40000", "2012-09-30": "287.40000", "2012-06-30": "296.10000", "2012-03-31": "317.70000", "2011-12-31": "339.70000", "2011-09-30": "339.50000", "2011-06-30": "348.50000", "2011-03-31": "344.20000", "2010-12-31": "338.10000", "2010-09-30": "334.10000", "2010-06-30": "337.90000", "2010-03-31": "334.50000", "2009-12-31": "332.90000", "2009-09-30": "328.61290", "2009-06-30": "329.58460", "2009-03-31": "325.88350", "2008-12-31": "324.92600", "2008-09-30": "323.79710", "2008-06-30": "324.31160", "2008-03-31": "322.52530", "2007-12-31": "330.48480", "2007-09-30": "331.29930", "2007-06-30": "328.14130", "2007-03-31": "339.00170", "2006-12-31": "357.85020", "2006-09-30": "353.93480", "2006-06-30": "360.39380", "2006-03-31": "364.90950", "2005-12-31": "365.80970", "2005-09-30": "363.96630", "2005-06-30": "357.82160", "2005-03-31": "355.40660"}, "Basic EPS": {"2020-12-31": "2.43000", "2020-09-30": "1.21000", "2020-06-30": "0.79000", "2020-03-31": "1.15000", "2019-12-31": "1.44000", "2019-09-30": "1.60000", "2019-06-30": "1.25000", "2019-03-31": "0.92000", "2018-12-31": "2.59000", "2018-09-30": "1.52000", "2018-06-30": "1.11000", "2018-03-31": "0.73000", "2017-12-31": "-3.52000", "2017-09-30": "1.30000", "2017-06-30": "0.80000", "2017-03-31": "0.47000", "2016-12-31": "1.43000", "2016-09-30": "1.15000", "2016-06-30": "0.62000", "2016-03-31": "0.10000", "2015-12-31": "1.46000", "2015-09-30": "0.58000", "2015-06-30": "0.68000", "2015-03-31": "0.34000", "2014-12-31": "0.94000", "2014-09-30": "0.60000", "2014-06-30": "3.25000", "2014-03-31": "0.50000", "2013-12-31": "1.30000", "2013-09-30": "1.17000", "2013-06-30": "0.96000", "2013-03-31": "0.70000", "2012-12-31": "1.20000", "2012-09-30": "0.73000", "2012-06-30": "0.63000", "2012-03-31": "0.50000", "2011-12-31": "0.60000", "2011-09-30": "0.38000", "2011-06-30": "1.02000", "2011-03-31": "1.47000", "2010-12-31": "0.87000", "2010-09-30": "0.33000", "2010-06-30": "0.49000", "2010-03-31": "0.21000", "2009-12-31": "0.43000", "2009-09-30": "0.07000", "2009-06-30": "0.07000", "2009-03-31": "-0.69980", "2008-12-31": "-11.26660", "2008-09-30": "-1.25960", "2008-06-30": "0.00000", "2008-03-31": "-0.62980", "2007-12-31": "0.27990", "2007-09-30": "0.20990", "2007-06-30": "-0.07000", "2007-03-31": "-0.55980", "2006-12-31": "1.81950", "2006-09-30": "2.79920", "2006-06-30": "3.91880", "2006-03-31": "1.95940", "2005-12-31": "3.35900", "2005-09-30": "4.96850", "2005-06-30": "2.65920", "2005-03-31": "1.95940"}, "EPS - Earnings Per Share": {"2020-12-31": "2.37000", "2020-09-30": "1.18000", "2020-06-30": "0.78000", "2020-03-31": "1.12000", "2019-12-31": "1.40000", "2019-09-30": "1.51000", "2019-06-30": "1.18000", "2019-03-31": "0.86000", "2018-12-31": "2.45000", "2018-09-30": "1.43000", "2018-06-30": "1.05000", "2018-03-31": "0.69000", "2017-12-31": "-3.43000", "2017-09-30": "1.25000", "2017-06-30": "0.78000", "2017-03-31": "0.45000", "2016-12-31": "1.40000", "2016-09-30": "1.13000", "2016-06-30": "0.61000", "2016-03-31": "0.10000", "2015-12-31": "1.43000", "2015-09-30": "0.57000", "2015-06-30": "0.68000", "2015-03-31": "0.34000", "2014-12-31": "0.99000", "2014-09-30": "0.59000", "2014-06-30": "3.22000", "2014-03-31": "0.49000", "2013-12-31": "1.28000", "2013-09-30": "1.16000", "2013-06-30": "0.94000", "2013-03-31": "0.68000", "2012-12-31": "1.18000", "2012-09-30": "0.72000", "2012-06-30": "0.61000", "2012-03-31": "0.49000", "2011-12-31": "0.59000", "2011-09-30": "0.38000", "2011-06-30": "1.00000", "2011-03-31": "1.44000", "2010-12-31": "0.85000", "2010-09-30": "0.33000", "2010-06-30": "0.48000", "2010-03-31": "0.21000", "2009-12-31": "0.43000", "2009-09-30": "0.07000", "2009-06-30": "0.07000", "2009-03-31": "-0.69980", "2008-12-31": "-11.26660", "2008-09-30": "-1.25960", "2008-06-30": "0.00000", "2008-03-31": "-0.62980", "2007-12-31": "0.27990", "2007-09-30": "0.20990", "2007-06-30": "-0.07000", "2007-03-31": "-0.55980", "2006-12-31": "1.74950", "2006-09-30": "2.72920", "2006-06-30": "3.84880", "2006-03-31": "1.88940", "2005-12-31": "3.28900", "2005-09-30": "4.82860", "2005-06-30": "2.58920", "2005-03-31": "1.95940"}}, "balance sheet": {"Cash On Hand": {"2020-12-31": "1254.00000", "2019-12-31": "1001.00000", "2018-12-31": "1257.00000", "2017-12-31": "1268.00000", "2016-12-31": "1030.00000", "2015-12-31": "1980.00000", "2014-12-31": "3954.00000", "2013-12-31": "3225.00000", "2012-12-31": "3603.00000", "2011-12-31": "5091.00000", "2010-12-31": "8863.00000", "2009-12-31": "7963.00000", "2008-12-31": "6979.00000", "2007-12-31": "8606.00000", "2006-12-31": "15640.00000", "2005-12-31": "14785.00000"}, "Receivables": {"2020-12-31": "1390.00000", "2019-12-31": "1412.00000", "2018-12-31": "1293.00000", "2017-12-31": "1523.00000", "2016-12-31": "1410.00000", "2015-12-31": "1362.00000", "2014-12-31": "1409.00000", "2013-12-31": "1369.00000", "2012-12-31": "1881.00000", "2011-12-31": "1866.00000", "2010-12-31": "1547.00000", "2009-12-31": "2845.00000", "2008-12-31": "3493.00000", "2007-12-31": "5324.00000", "2006-12-31": "7509.00000", "2005-12-31": "5652.00000"}, "Inventory": {"2020-12-31": "508.00000", "2019-12-31": "447.00000", "2018-12-31": "356.00000", "2017-12-31": "327.00000", "2016-12-31": "273.00000", "2015-12-31": "296.00000", "2014-12-31": "345.00000", "2013-12-31": "347.00000", "2012-12-31": "513.00000", "2011-12-31": "512.00000", "2010-12-31": "521.00000", "2009-12-31": "1097.00000", "2008-12-31": "2659.00000", "2007-12-31": "2836.00000", "2006-12-31": "3162.00000", "2005-12-31": "2422.00000"}, "Pre-Paid Expenses": {"2020-12-31": "", "2019-12-31": "", "2018-12-31": "", "2017-12-31": "", "2016-12-31": "", "2015-12-31": "", "2014-12-31": "", "2013-12-31": "", "2012-12-31": "", "2011-12-31": "", "2010-12-31": "", "2009-12-31": "", "2008-12-31": "", "2007-12-31": "", "2006-12-31": "", "2005-12-31": ""}, "Other Current Assets": {"2020-12-31": "1175.00000", "2019-12-31": "1318.00000", "2018-12-31": "1366.00000", "2017-12-31": "832.00000", "2016-12-31": "755.00000", "2015-12-31": "981.00000", "2014-12-31": "740.00000", "2013-12-31": "1628.00000", "2012-12-31": "800.00000", "2011-12-31": "686.00000", "2010-12-31": "5352.00000", "2009-12-31": "3045.00000", "2008-12-31": "3140.00000", "2007-12-31": "3565.00000", "2006-12-31": "2933.00000", "2005-12-31": "2808.00000"}, "Total Current Assets": {"2020-12-31": "4327.00000", "2019-12-31": "4178.00000", "2018-12-31": "4272.00000", "2017-12-31": "3950.00000", "2016-12-31": "3468.00000", "2015-12-31": "4619.00000", "2014-12-31": "6879.00000", "2013-12-31": "7020.00000", "2012-12-31": "7401.00000", "2011-12-31": "8768.00000", "2010-12-31": "17154.00000", "2009-12-31": "16032.00000", "2008-12-31": "17363.00000", "2007-12-31": "22222.00000", "2006-12-31": "30975.00000", "2005-12-31": "28022.00000"}, "Property, Plant, And Equipment": {"2020-12-31": "1022.00000", "2019-12-31": "992.00000", "2018-12-31": "895.00000", "2017-12-31": "856.00000", "2016-12-31": "789.00000", "2015-12-31": "487.00000", "2014-12-31": "549.00000", "2013-12-31": "610.00000", "2012-12-31": "839.00000", "2011-12-31": "896.00000", "2010-12-31": "922.00000", "2009-12-31": "1819.00000", "2008-12-31": "2442.00000", "2007-12-31": "2480.00000", "2006-12-31": "2267.00000", "2005-12-31": "2020.00000"}, "Long-Term Investments": {"2020-12-31": "158.00000", "2019-12-31": "159.00000", "2018-12-31": "169.00000", "2017-12-31": "247.00000", "2016-12-31": "238.00000", "2015-12-31": "231.00000", "2014-12-31": "316.00000", "2013-12-31": "232.00000", "2012-12-31": "240.00000", "2011-12-31": "166.00000", "2010-12-31": "242.00000", "2009-12-31": "522.00000", "2008-12-31": "983.00000", "2007-12-31": "837.00000", "2006-12-31": "895.00000", "2005-12-31": "1644.00000"}, "Goodwill And Intangible Assets": {"2020-12-31": "3453.00000", "2019-12-31": "3394.00000", "2018-12-31": "2744.00000", "2017-12-31": "1799.00000", "2016-12-31": "1549.00000", "2015-12-31": "420.00000", "2014-12-31": "383.00000", "2013-12-31": "361.00000", "2012-12-31": "1510.00000", "2011-12-31": "1428.00000", "2010-12-31": "1429.00000", "2009-12-31": "2714.00000", "2008-12-31": "2837.00000", "2007-12-31": "4499.00000", "2006-12-31": "1706.00000", "2005-12-31": ""}, "Other Long-Term Assets": {"2020-12-31": "482.00000", "2019-12-31": "422.00000", "2018-12-31": "344.00000", "2017-12-31": "333.00000", "2016-12-31": "200.00000", "2015-12-31": "311.00000", "2014-12-31": "145.00000", "2013-12-31": "1638.00000", "2012-12-31": "273.00000", "2011-12-31": "296.00000", "2010-12-31": "3910.00000", "2009-12-31": "2233.00000", "2008-12-31": "1816.00000", "2007-12-31": "2320.00000", "2006-12-31": "1425.00000", "2005-12-31": "2920.00000"}, "Total Long-Term Assets": {"2020-12-31": "6549.00000", "2019-12-31": "6464.00000", "2018-12-31": "5137.00000", "2017-12-31": "4258.00000", "2016-12-31": "4995.00000", "2015-12-31": "3727.00000", "2014-12-31": "3544.00000", "2013-12-31": "4831.00000", "2012-12-31": "5278.00000", "2011-12-31": "5161.00000", "2010-12-31": "8423.00000", "2009-12-31": "9571.00000", "2008-12-31": "10506.00000", "2007-12-31": "12590.00000", "2006-12-31": "7618.00000", "2005-12-31": "7780.00000"}, "Total Assets": {"2020-12-31": "10876.00000", "2019-12-31": "10642.00000", "2018-12-31": "9409.00000", "2017-12-31": "8208.00000", "2016-12-31": "8463.00000", "2015-12-31": "8346.00000", "2014-12-31": "10423.00000", "2013-12-31": "11851.00000", "2012-12-31": "12679.00000", "2011-12-31": "13929.00000", "2010-12-31": "25577.00000", "2009-12-31": "25603.00000", "2008-12-31": "27869.00000", "2007-12-31": "34812.00000", "2006-12-31": "38593.00000", "2005-12-31": "35802.00000"}, "Total Current Liabilities": {"2020-12-31": "3489.00000", "2019-12-31": "3439.00000", "2018-12-31": "3096.00000", "2017-12-31": "2931.00000", "2016-12-31": "2668.00000", "2015-12-31": "2193.00000", "2014-12-31": "2250.00000", "2013-12-31": "3220.00000", "2012-12-31": "3335.00000", "2011-12-31": "3815.00000", "2010-12-31": "8710.00000", "2009-12-31": "8261.00000", "2008-12-31": "10620.00000", "2007-12-31": "12500.00000", "2006-12-31": "15425.00000", "2005-12-31": "12592.00000"}, "Long Term Debt": {"2020-12-31": "5163.00000", "2019-12-31": "5113.00000", "2018-12-31": "5289.00000", "2017-12-31": "4419.00000", "2016-12-31": "4392.00000", "2015-12-31": "4345.00000", "2014-12-31": "3396.00000", "2013-12-31": "2457.00000", "2012-12-31": "1859.00000", "2011-12-31": "1130.00000", "2010-12-31": "2098.00000", "2009-12-31": "3365.00000", "2008-12-31": "4092.00000", "2007-12-31": "3991.00000", "2006-12-31": "2704.00000", "2005-12-31": "3806.00000"}, "Other Non-Current Liabilities": {"2020-12-31": "2363.00000", "2019-12-31": "2276.00000", "2018-12-31": "2300.00000", "2017-12-31": "2585.00000", "2016-12-31": "2355.00000", "2015-12-31": "1904.00000", "2014-12-31": "2011.00000", "2013-12-31": "2485.00000", "2012-12-31": "4195.00000", "2011-12-31": "3710.00000", "2010-12-31": "3782.00000", "2009-12-31": "4094.00000", "2008-12-31": "3562.00000", "2007-12-31": "2874.00000", "2006-12-31": "3322.00000", "2005-12-31": "2731.00000"}, "Total Long Term Liabilities": {"2020-12-31": "7928.00000", "2019-12-31": "7886.00000", "2018-12-31": "7589.00000", "2017-12-31": "7004.00000", "2016-12-31": "6747.00000", "2015-12-31": "6249.00000", "2014-12-31": "5407.00000", "2013-12-31": "4942.00000", "2012-12-31": "6054.00000", "2011-12-31": "4840.00000", "2010-12-31": "5880.00000", "2009-12-31": "7459.00000", "2008-12-31": "7654.00000", "2007-12-31": "6865.00000", "2006-12-31": "6026.00000", "2005-12-31": "6537.00000"}, "Total Liabilities": {"2020-12-31": "11417.00000", "2019-12-31": "11325.00000", "2018-12-31": "10685.00000", "2017-12-31": "9935.00000", "2016-12-31": "9415.00000", "2015-12-31": "8442.00000", "2014-12-31": "7657.00000", "2013-12-31": "8162.00000", "2012-12-31": "9389.00000", "2011-12-31": "8655.00000", "2010-12-31": "14590.00000", "2009-12-31": "15720.00000", "2008-12-31": "18274.00000", "2007-12-31": "19365.00000", "2006-12-31": "21451.00000", "2005-12-31": "19129.00000"}, "Common Stock Net": {"2020-12-31": "", "2019-12-31": "2.00000", "2018-12-31": "2.00000", "2017-12-31": "2.00000", "2016-12-31": "2.00000", "2015-12-31": "2.00000", "2014-12-31": "2.00000", "2013-12-31": "3.00000", "2012-12-31": "3.00000", "2011-12-31": "3.00000", "2010-12-31": "3.00000", "2009-12-31": "3.00000", "2008-12-31": "6831.00000", "2007-12-31": "6792.00000", "2006-12-31": "7197.00000", "2005-12-31": "7508.00000"}, "Retained Earnings (Accumulated Deficit)": {"2020-12-31": "", "2019-12-31": "1239.00000", "2018-12-31": "1051.00000", "2017-12-31": "467.00000", "2016-12-31": "1148.00000", "2015-12-31": "1716.00000", "2014-12-31": "3410.00000", "2013-12-31": "2425.00000", "2012-12-31": "1625.00000", "2011-12-31": "1016.00000", "2010-12-31": "4460.00000", "2009-12-31": "3827.00000", "2008-12-31": "3878.00000", "2007-12-31": "8579.00000", "2006-12-31": "9086.00000", "2005-12-31": "5897.00000"}, "Comprehensive Income": {"2020-12-31": "", "2019-12-31": "-2440.00000", "2018-12-31": "-2765.00000", "2017-12-31": "-2562.00000", "2016-12-31": "-2317.00000", "2015-12-31": "-1866.00000", "2014-12-31": "-1855.00000", "2013-12-31": "-2287.00000", "2012-12-31": "-3300.00000", "2011-12-31": "-2876.00000", "2010-12-31": "-2222.00000", "2009-12-31": "-2286.00000", "2008-12-31": "-2205.00000", "2007-12-31": "", "2006-12-31": "", "2005-12-31": ""}, "Other Share Holders Equity": {"2020-12-31": "", "2019-12-31": "", "2018-12-31": "", "2017-12-31": "", "2016-12-31": "", "2015-12-31": "0.00000", "2014-12-31": "0.00000", "2013-12-31": "0.00000", "2012-12-31": "0.00000", "2011-12-31": "0.00000", "2010-12-31": "0.00000", "2009-12-31": "0.00000", "2008-12-31": "0.00000", "2007-12-31": "-706.00000", "2006-12-31": "-1650.00000", "2005-12-31": "-1423.00000"}, "Share Holder Equity": {"2020-12-31": "-541.00000", "2019-12-31": "-683.00000", "2018-12-31": "-1276.00000", "2017-12-31": "-1727.00000", "2016-12-31": "-952.00000", "2015-12-31": "-96.00000", "2014-12-31": "2766.00000", "2013-12-31": "3689.00000", "2012-12-31": "3290.00000", "2011-12-31": "5274.00000", "2010-12-31": "10987.00000", "2009-12-31": "9883.00000", "2008-12-31": "9595.00000", "2007-12-31": "15447.00000", "2006-12-31": "17142.00000", "2005-12-31": "16673.00000"}, "Total Liabilities And Share Holders Equity": {"2020-12-31": "10876.00000", "2019-12-31": "10642.00000", "2018-12-31": "9409.00000", "2017-12-31": "8208.00000", "2016-12-31": "8463.00000", "2015-12-31": "8346.00000", "2014-12-31": "10423.00000", "2013-12-31": "11851.00000", "2012-12-31": "12679.00000", "2011-12-31": "13929.00000", "2010-12-31": "25577.00000", "2009-12-31": "25603.00000", "2008-12-31": "27869.00000", "2007-12-31": "34812.00000", "2006-12-31": "38593.00000", "2005-12-31": "35802.00000"}}, "balance sheet, quarterly": {"Cash On Hand": {"2020-12-31": "1254.00000", "2020-09-30": "1007.00000", "2020-06-30": "1341.00000", "2020-03-31": "1672.00000", "2019-12-31": "1001.00000", "2019-09-30": "1140.00000", "2019-06-30": "964.00000", "2019-03-31": "897.00000", "2018-12-31": "1257.00000", "2018-09-30": "851.00000", "2018-06-30": "941.00000", "2018-03-31": "858.00000", "2017-12-31": "1268.00000", "2017-09-30": "717.00000", "2017-06-30": "805.00000", "2017-03-31": "829.00000", "2016-12-31": "1030.00000", "2016-09-30": "1687.00000", "2016-06-30": "1545.00000", "2016-03-31": "1940.00000", "2015-12-31": "1980.00000", "2015-09-30": "2200.00000", "2015-06-30": "3112.00000", "2015-03-31": "3353.00000", "2014-12-31": "3954.00000", "2014-09-30": "2845.00000", "2014-06-30": "2876.00000", "2014-03-31": "3141.00000", "2013-12-31": "3225.00000", "2013-09-30": "2890.00000", "2013-06-30": "3216.00000", "2013-03-31": "3718.00000", "2012-12-31": "3603.00000", "2012-09-30": "3539.00000", "2012-06-30": "3705.00000", "2012-03-31": "3767.00000", "2011-12-31": "5091.00000", "2011-09-30": "6250.00000", "2011-06-30": "6627.00000", "2011-03-31": "6219.00000", "2010-12-31": "8863.00000", "2010-09-30": "8894.00000", "2010-06-30": "8231.00000", "2010-03-31": "8368.00000", "2009-12-31": "7963.00000", "2009-09-30": "7115.00000", "2009-06-30": "6415.00000", "2009-03-31": "5871.00000", "2008-12-31": "6979.00000", "2008-09-30": "7136.00000", "2008-06-30": "7208.00000", "2008-03-31": "7048.00000", "2007-12-31": "8606.00000", "2007-09-30": "8399.00000", "2007-06-30": "8691.00000", "2007-03-31": "8955.00000", "2006-12-31": "15640.00000", "2006-09-30": "14842.00000", "2006-06-30": "14390.00000", "2006-03-31": "14646.00000", "2005-12-31": "14785.00000", "2005-09-30": "12731.00000", "2005-06-30": "12799.00000", "2005-03-31": "11300.00000"}, "Receivables": {"2020-12-31": "1390.00000", "2020-09-30": "1155.00000", "2020-06-30": "1134.00000", "2020-03-31": "1122.00000", "2019-12-31": "1412.00000", "2019-09-30": "1295.00000", "2019-06-30": "1206.00000", "2019-03-31": "1150.00000", "2018-12-31": "1293.00000", "2018-09-30": "1179.00000", "2018-06-30": "1159.00000", "2018-03-31": "1179.00000", "2017-12-31": "1523.00000", "2017-09-30": "1382.00000", "2017-06-30": "1211.00000", "2017-03-31": "1070.00000", "2016-12-31": "1410.00000", "2016-09-30": "1164.00000", "2016-06-30": "1083.00000", "2016-03-31": "1148.00000", "2015-12-31": "1362.00000", "2015-09-30": "1222.00000", "2015-06-30": "1141.00000", "2015-03-31": "1084.00000", "2014-12-31": "1409.00000", "2014-09-30": "1162.00000", "2014-06-30": "1185.00000", "2014-03-31": "1727.00000", "2013-12-31": "1369.00000", "2013-09-30": "1823.00000", "2013-06-30": "1707.00000", "2013-03-31": "1644.00000", "2012-12-31": "1881.00000", "2012-09-30": "1704.00000", "2012-06-30": "1590.00000", "2012-03-31": "1717.00000", "2011-12-31": "1866.00000", "2011-09-30": "1535.00000", "2011-06-30": "1546.00000", "2011-03-31": "1406.00000", "2010-12-31": "1547.00000", "2010-09-30": "3236.00000", "2010-06-30": "3465.00000", "2010-03-31": "3086.00000", "2009-12-31": "2845.00000", "2009-09-30": "3402.00000", "2009-06-30": "3689.00000", "2009-03-31": "3689.00000", "2008-12-31": "3493.00000", "2008-09-30": "4330.00000", "2008-06-30": "4495.00000", "2008-03-31": "4770.00000", "2007-12-31": "5324.00000", "2007-09-30": "5165.00000", "2007-06-30": "5492.00000", "2007-03-31": "6811.00000", "2006-12-31": "7509.00000", "2006-09-30": "7135.00000", "2006-06-30": "6420.00000", "2006-03-31": "5858.00000", "2005-12-31": "5652.00000", "2005-09-30": "5660.00000", "2005-06-30": "5234.00000", "2005-03-31": "4666.00000"}, "Inventory": {"2020-12-31": "508.00000", "2020-09-30": "489.00000", "2020-06-30": "449.00000", "2020-03-31": "442.00000", "2019-12-31": "447.00000", "2019-09-30": "460.00000", "2019-06-30": "424.00000", "2019-03-31": "425.00000", "2018-12-31": "356.00000", "2018-09-30": "367.00000", "2018-06-30": "391.00000", "2018-03-31": "441.00000", "2017-12-31": "327.00000", "2017-09-30": "364.00000", "2017-06-30": "391.00000", "2017-03-31": "345.00000", "2016-12-31": "273.00000", "2016-09-30": "283.00000", "2016-06-30": "284.00000", "2016-03-31": "287.00000", "2015-12-31": "296.00000", "2015-09-30": "334.00000", "2015-06-30": "364.00000", "2015-03-31": "381.00000", "2014-12-31": "345.00000", "2014-09-30": "331.00000", "2014-06-30": "330.00000", "2014-03-31": "576.00000", "2013-12-31": "347.00000", "2013-09-30": "521.00000", "2013-06-30": "498.00000", "2013-03-31": "515.00000", "2012-12-31": "513.00000", "2012-09-30": "538.00000", "2012-06-30": "488.00000", "2012-03-31": "471.00000", "2011-12-31": "512.00000", "2011-09-30": "548.00000", "2011-06-30": "522.00000", "2011-03-31": "521.00000", "2010-12-31": "521.00000", "2010-09-30": "1354.00000", "2010-06-30": "1299.00000", "2010-03-31": "1251.00000", "2009-12-31": "1097.00000", "2009-09-30": "1523.00000", "2009-06-30": "1660.00000", "2009-03-31": "2071.00000", "2008-12-31": "2659.00000", "2008-09-30": "2649.00000", "2008-06-30": "2758.00000", "2008-03-31": "2941.00000", "2007-12-31": "2836.00000", "2007-09-30": "2995.00000", "2007-06-30": "3016.00000", "2007-03-31": "3301.00000", "2006-12-31": "3162.00000", "2006-09-30": "2716.00000", "2006-06-30": "2716.00000", "2006-03-31": "2764.00000", "2005-12-31": "2422.00000", "2005-09-30": "2302.00000", "2005-06-30": "2276.00000", "2005-03-31": "2480.00000"}, "Pre-Paid Expenses": {"2020-12-31": "", "2020-09-30": "", "2020-06-30": "", "2020-03-31": "", "2019-12-31": "", "2019-09-30": "", "2019-06-30": "", "2019-03-31": "", "2018-12-31": "", "2018-09-30": "", "2018-06-30": "", "2018-03-31": "", "2017-12-31": "", "2017-09-30": "", "2017-06-30": "", "2017-03-31": "", "2016-12-31": "", "2016-09-30": "", "2016-06-30": "", "2016-03-31": "", "2015-12-31": "", "2015-09-30": "", "2015-06-30": "", "2015-03-31": "", "2014-12-31": "", "2014-09-30": "", "2014-06-30": "", "2014-03-31": "", "2013-12-31": "", "2013-09-30": "", "2013-06-30": "", "2013-03-31": "", "2012-12-31": "", "2012-09-30": "", "2012-06-30": "", "2012-03-31": "", "2011-12-31": "", "2011-09-30": "", "2011-06-30": "", "2011-03-31": "", "2010-12-31": "", "2010-09-30": "", "2010-06-30": "", "2010-03-31": "", "2009-12-31": "", "2009-09-30": "", "2009-06-30": "", "2009-03-31": "", "2008-12-31": "", "2008-09-30": "", "2008-06-30": "", "2008-03-31": "", "2007-12-31": "", "2007-09-30": "", "2007-06-30": "", "2007-03-31": "", "2006-12-31": "", "2006-09-30": "", "2006-06-30": "", "2006-03-31": "", "2005-12-31": "", "2005-09-30": "", "2005-06-30": "", "2005-03-31": ""}, "Other Current Assets": {"2020-12-31": "1175.00000", "2020-09-30": "1320.00000", "2020-06-30": "1162.00000", "2020-03-31": "1245.00000", "2019-12-31": "1318.00000", "2019-09-30": "1259.00000", "2019-06-30": "1237.00000", "2019-03-31": "1242.00000", "2018-12-31": "1366.00000", "2018-09-30": "1267.00000", "2018-06-30": "1090.00000", "2018-03-31": "1143.00000", "2017-12-31": "832.00000", "2017-09-30": "873.00000", "2017-06-30": "804.00000", "2017-03-31": "829.00000", "2016-12-31": "755.00000", "2016-09-30": "670.00000", "2016-06-30": "635.00000", "2016-03-31": "626.00000", "2015-12-31": "981.00000", "2015-09-30": "601.00000", "2015-06-30": "593.00000", "2015-03-31": "650.00000", "2014-12-31": "740.00000", "2014-09-30": "1638.00000", "2014-06-30": "1470.00000", "2014-03-31": "713.00000", "2013-12-31": "1628.00000", "2013-09-30": "760.00000", "2013-06-30": "779.00000", "2013-03-31": "868.00000", "2012-12-31": "800.00000", "2012-09-30": "828.00000", "2012-06-30": "761.00000", "2012-03-31": "782.00000", "2011-12-31": "686.00000", "2011-09-30": "753.00000", "2011-06-30": "845.00000", "2011-03-31": "1804.00000", "2010-12-31": "5352.00000", "2010-09-30": "2659.00000", "2010-06-30": "1807.00000", "2010-03-31": "2066.00000", "2009-12-31": "3045.00000", "2009-09-30": "2177.00000", "2009-06-30": "2630.00000", "2009-03-31": "2919.00000", "2008-12-31": "3140.00000", "2008-09-30": "3799.00000", "2008-06-30": "3876.00000", "2008-03-31": "3773.00000", "2007-12-31": "3565.00000", "2007-09-30": "3233.00000", "2007-06-30": "2680.00000", "2007-03-31": "2818.00000", "2006-12-31": "2933.00000", "2006-09-30": "2884.00000", "2006-06-30": "2779.00000", "2006-03-31": "2495.00000", "2005-12-31": "2808.00000", "2005-09-30": "2163.00000", "2005-06-30": "1778.00000", "2005-03-31": "1857.00000"}, "Total Current Assets": {"2020-12-31": "4327.00000", "2020-09-30": "3971.00000", "2020-06-30": "4086.00000", "2020-03-31": "4481.00000", "2019-12-31": "4178.00000", "2019-09-30": "4154.00000", "2019-06-30": "3831.00000", "2019-03-31": "3714.00000", "2018-12-31": "4272.00000", "2018-09-30": "3664.00000", "2018-06-30": "3581.00000", "2018-03-31": "3621.00000", "2017-12-31": "3950.00000", "2017-09-30": "3336.00000", "2017-06-30": "3211.00000", "2017-03-31": "3073.00000", "2016-12-31": "3468.00000", "2016-09-30": "3804.00000", "2016-06-30": "3547.00000", "2016-03-31": "4001.00000", "2015-12-31": "4619.00000", "2015-09-30": "4787.00000", "2015-06-30": "5632.00000", "2015-03-31": "5884.00000", "2014-12-31": "6879.00000", "2014-09-30": "7168.00000", "2014-06-30": "7066.00000", "2014-03-31": "6781.00000", "2013-12-31": "7020.00000", "2013-09-30": "6580.00000", "2013-06-30": "6841.00000", "2013-03-31": "7366.00000", "2012-12-31": "7401.00000", "2012-09-30": "7271.00000", "2012-06-30": "7223.00000", "2012-03-31": "7377.00000", "2011-12-31": "8768.00000", "2011-09-30": "9715.00000", "2011-06-30": "10269.00000", "2011-03-31": "10861.00000", "2010-12-31": "17154.00000", "2010-09-30": "17373.00000", "2010-06-30": "16014.00000", "2010-03-31": "15896.00000", "2009-12-31": "16032.00000", "2009-09-30": "15325.00000", "2009-06-30": "15714.00000", "2009-03-31": "15711.00000", "2008-12-31": "17363.00000", "2008-09-30": "19868.00000", "2008-06-30": "20219.00000", "2008-03-31": "20483.00000", "2007-12-31": "22222.00000", "2007-09-30": "21665.00000", "2007-06-30": "21809.00000", "2007-03-31": "23719.00000", "2006-12-31": "30975.00000", "2006-09-30": "29599.00000", "2006-06-30": "28428.00000", "2006-03-31": "28114.00000", "2005-12-31": "28022.00000", "2005-09-30": "23822.00000", "2005-06-30": "23216.00000", "2005-03-31": "21686.00000"}, "Property, Plant, And Equipment": {"2020-12-31": "1022.00000", "2020-09-30": "976.00000", "2020-06-30": "965.00000", "2020-03-31": "932.00000", "2019-12-31": "992.00000", "2019-09-30": "963.00000", "2019-06-30": "940.00000", "2019-03-31": "937.00000", "2018-12-31": "895.00000", "2018-09-30": "892.00000", "2018-06-30": "895.00000", "2018-03-31": "900.00000", "2017-12-31": "856.00000", "2017-09-30": "889.00000", "2017-06-30": "859.00000", "2017-03-31": "820.00000", "2016-12-31": "789.00000", "2016-09-30": "780.00000", "2016-06-30": "778.00000", "2016-03-31": "997.00000", "2015-12-31": "487.00000", "2015-09-30": "467.00000", "2015-06-30": "542.00000", "2015-03-31": "530.00000", "2014-12-31": "549.00000", "2014-09-30": "664.00000", "2014-06-30": "682.00000", "2014-03-31": "795.00000", "2013-12-31": "610.00000", "2013-09-30": "841.00000", "2013-06-30": "830.00000", "2013-03-31": "825.00000", "2012-12-31": "839.00000", "2012-09-30": "860.00000", "2012-06-30": "857.00000", "2012-03-31": "874.00000", "2011-12-31": "896.00000", "2011-09-30": "889.00000", "2011-06-30": "899.00000", "2011-03-31": "915.00000", "2010-12-31": "922.00000", "2010-09-30": "1768.00000", "2010-06-30": "1968.00000", "2010-03-31": "2088.00000", "2009-12-31": "1819.00000", "2009-09-30": "2224.00000", "2009-06-30": "2280.00000", "2009-03-31": "2322.00000", "2008-12-31": "2442.00000", "2008-09-30": "2505.00000", "2008-06-30": "2575.00000", "2008-03-31": "2577.00000", "2007-12-31": "2480.00000", "2007-09-30": "2536.00000", "2007-06-30": "2586.00000", "2007-03-31": "2545.00000", "2006-12-31": "2267.00000", "2006-09-30": "2157.00000", "2006-06-30": "2084.00000", "2006-03-31": "2248.00000", "2005-12-31": "2020.00000", "2005-09-30": "2303.00000", "2005-06-30": "2270.00000", "2005-03-31": "2292.00000"}, "Long-Term Investments": {"2020-12-31": "158.00000", "2020-09-30": "154.00000", "2020-06-30": "157.00000", "2020-03-31": "154.00000", "2019-12-31": "159.00000", "2019-09-30": "159.00000", "2019-06-30": "175.00000", "2019-03-31": "163.00000", "2018-12-31": "169.00000", "2018-09-30": "176.00000", "2018-06-30": "172.00000", "2018-03-31": "174.00000", "2017-12-31": "247.00000", "2017-09-30": "249.00000", "2017-06-30": "248.00000", "2017-03-31": "237.00000", "2016-12-31": "238.00000", "2016-09-30": "238.00000", "2016-06-30": "223.00000", "2016-03-31": "228.00000", "2015-12-31": "231.00000", "2015-09-30": "292.00000", "2015-06-30": "285.00000", "2015-03-31": "285.00000", "2014-12-31": "316.00000", "2014-09-30": "240.00000", "2014-06-30": "236.00000", "2014-03-31": "260.00000", "2013-12-31": "232.00000", "2013-09-30": "259.00000", "2013-06-30": "142.00000", "2013-03-31": "148.00000", "2012-12-31": "240.00000", "2012-09-30": "162.00000", "2012-06-30": "200.00000", "2012-03-31": "168.00000", "2011-12-31": "166.00000", "2011-09-30": "193.00000", "2011-06-30": "203.00000", "2011-03-31": "195.00000", "2010-12-31": "242.00000", "2010-09-30": "409.00000", "2010-06-30": "427.00000", "2010-03-31": "524.00000", "2009-12-31": "522.00000", "2009-09-30": "566.00000", "2009-06-30": "518.00000", "2009-03-31": "755.00000", "2008-12-31": "983.00000", "2008-09-30": "1198.00000", "2008-06-30": "1301.00000", "2008-03-31": "1474.00000", "2007-12-31": "837.00000", "2007-09-30": "951.00000", "2007-06-30": "952.00000", "2007-03-31": "909.00000", "2006-12-31": "895.00000", "2006-09-30": "1545.00000", "2006-06-30": "1395.00000", "2006-03-31": "1556.00000", "2005-12-31": "1644.00000", "2005-09-30": "2477.00000", "2005-06-30": "2522.00000", "2005-03-31": "2754.00000"}, "Goodwill And Intangible Assets": {"2020-12-31": "3453.00000", "2020-09-30": "3475.00000", "2020-06-30": "3365.00000", "2020-03-31": "3317.00000", "2019-12-31": "3394.00000", "2019-09-30": "3337.00000", "2019-06-30": "3184.00000", "2019-03-31": "3276.00000", "2018-12-31": "2744.00000", "2018-09-30": "2838.00000", "2018-06-30": "2868.00000", "2018-03-31": "2971.00000", "2017-12-31": "1799.00000", "2017-09-30": "1828.00000", "2017-06-30": "1617.00000", "2017-03-31": "1615.00000", "2016-12-31": "1549.00000", "2016-09-30": "597.00000", "2016-06-30": "597.00000", "2016-03-31": "590.00000", "2015-12-31": "420.00000", "2015-09-30": "423.00000", "2015-06-30": "423.00000", "2015-03-31": "390.00000", "2014-12-31": "383.00000", "2014-09-30": "383.00000", "2014-06-30": "383.00000", "2014-03-31": "1531.00000", "2013-12-31": "361.00000", "2013-09-30": "1507.00000", "2013-06-30": "1502.00000", "2013-03-31": "1505.00000", "2012-12-31": "1510.00000", "2012-09-30": "1430.00000", "2012-06-30": "1430.00000", "2012-03-31": "1430.00000", "2011-12-31": "1428.00000", "2011-09-30": "1449.00000", "2011-06-30": "1429.00000", "2011-03-31": "1429.00000", "2010-12-31": "1429.00000", "2010-09-30": "2752.00000", "2010-06-30": "2828.00000", "2010-03-31": "2830.00000", "2009-12-31": "2714.00000", "2009-09-30": "2823.00000", "2009-06-30": "2822.00000", "2009-03-31": "2822.00000", "2008-12-31": "2837.00000", "2008-09-30": "4351.00000", "2008-06-30": "4358.00000", "2008-03-31": "4517.00000", "2007-12-31": "4499.00000", "2007-09-30": "4676.00000", "2007-06-30": "4589.00000", "2007-03-31": "4454.00000", "2006-12-31": "1706.00000", "2006-09-30": "", "2006-06-30": "", "2006-03-31": "", "2005-12-31": "", "2005-09-30": "", "2005-06-30": "", "2005-03-31": ""}, "Other Long-Term Assets": {"2020-12-31": "482.00000", "2020-09-30": "437.00000", "2020-06-30": "417.00000", "2020-03-31": "393.00000", "2019-12-31": "422.00000", "2019-09-30": "333.00000", "2019-06-30": "364.00000", "2019-03-31": "357.00000", "2018-12-31": "344.00000", "2018-09-30": "444.00000", "2018-06-30": "420.00000", "2018-03-31": "412.00000", "2017-12-31": "333.00000", "2017-09-30": "201.00000", "2017-06-30": "200.00000", "2017-03-31": "197.00000", "2016-12-31": "200.00000", "2016-09-30": "1013.00000", "2016-06-30": "1061.00000", "2016-03-31": "903.00000", "2015-12-31": "311.00000", "2015-09-30": "228.00000", "2015-06-30": "160.00000", "2015-03-31": "157.00000", "2014-12-31": "145.00000", "2014-09-30": "1599.00000", "2014-06-30": "1592.00000", "2014-03-31": "244.00000", "2013-12-31": "1638.00000", "2013-09-30": "203.00000", "2013-06-30": "315.00000", "2013-03-31": "331.00000", "2012-12-31": "273.00000", "2012-09-30": "280.00000", "2012-06-30": "293.00000", "2012-03-31": "276.00000", "2011-12-31": "296.00000", "2011-09-30": "451.00000", "2011-06-30": "734.00000", "2011-03-31": "1176.00000", "2010-12-31": "3910.00000", "2010-09-30": "1861.00000", "2010-06-30": "1693.00000", "2010-03-31": "1669.00000", "2009-12-31": "2233.00000", "2009-09-30": "1784.00000", "2009-06-30": "1676.00000", "2009-03-31": "1708.00000", "2008-12-31": "1816.00000", "2008-09-30": "2137.00000", "2008-06-30": "2212.00000", "2008-03-31": "2403.00000", "2007-12-31": "2320.00000", "2007-09-30": "2469.00000", "2007-06-30": "2520.00000", "2007-03-31": "2624.00000", "2006-12-31": "1425.00000", "2006-09-30": "3285.00000", "2006-06-30": "3106.00000", "2006-03-31": "2711.00000", "2005-12-31": "2920.00000", "2005-09-30": "1930.00000", "2005-06-30": "1921.00000", "2005-03-31": "1881.00000"}, "Total Long-Term Assets": {"2020-12-31": "6549.00000", "2020-09-30": "6390.00000", "2020-06-30": "6288.00000", "2020-03-31": "6235.00000", "2019-12-31": "6464.00000", "2019-09-30": "6219.00000", "2019-06-30": "6143.00000", "2019-03-31": "6279.00000", "2018-12-31": "5137.00000", "2018-09-30": "5299.00000", "2018-06-30": "5300.00000", "2018-03-31": "5430.00000", "2017-12-31": "4258.00000", "2017-09-30": "5282.00000", "2017-06-30": "5084.00000", "2017-03-31": "5067.00000", "2016-12-31": "4995.00000", "2016-09-30": "4815.00000", "2016-06-30": "4920.00000", "2016-03-31": "5048.00000", "2015-12-31": "3727.00000", "2015-09-30": "3299.00000", "2015-06-30": "3528.00000", "2015-03-31": "3541.00000", "2014-12-31": "3544.00000", "2014-09-30": "5027.00000", "2014-06-30": "4802.00000", "2014-03-31": "4834.00000", "2013-12-31": "4831.00000", "2013-09-30": "5478.00000", "2013-06-30": "5319.00000", "2013-03-31": "5231.00000", "2012-12-31": "5278.00000", "2012-09-30": "4749.00000", "2012-06-30": "4970.00000", "2012-03-31": "5066.00000", "2011-12-31": "5161.00000", "2011-09-30": "5056.00000", "2011-06-30": "5328.00000", "2011-03-31": "5699.00000", "2010-12-31": "8423.00000", "2010-09-30": "8552.00000", "2010-06-30": "8798.00000", "2010-03-31": "9364.00000", "2009-12-31": "9571.00000", "2009-09-30": "9724.00000", "2009-06-30": "9390.00000", "2009-03-31": "10052.00000", "2008-12-31": "10506.00000", "2008-09-30": "13251.00000", "2008-06-30": "13520.00000", "2008-03-31": "13650.00000", "2007-12-31": "12590.00000", "2007-09-30": "13104.00000", "2007-06-30": "12804.00000", "2007-03-31": "12651.00000", "2006-12-31": "7618.00000", "2006-09-30": "7809.00000", "2006-06-30": "7576.00000", "2006-03-31": "7595.00000", "2005-12-31": "7780.00000", "2005-09-30": "9640.00000", "2005-06-30": "9053.00000", "2005-03-31": "9297.00000"}, "Total Assets": {"2020-12-31": "10876.00000", "2020-09-30": "10361.00000", "2020-06-30": "10374.00000", "2020-03-31": "10716.00000", "2019-12-31": "10642.00000", "2019-09-30": "10373.00000", "2019-06-30": "9974.00000", "2019-03-31": "9993.00000", "2018-12-31": "9409.00000", "2018-09-30": "8963.00000", "2018-06-30": "8881.00000", "2018-03-31": "9051.00000", "2017-12-31": "8208.00000", "2017-09-30": "8618.00000", "2017-06-30": "8295.00000", "2017-03-31": "8140.00000", "2016-12-31": "8463.00000", "2016-09-30": "8619.00000", "2016-06-30": "8467.00000", "2016-03-31": "9049.00000", "2015-12-31": "8346.00000", "2015-09-30": "8086.00000", "2015-06-30": "9160.00000", "2015-03-31": "9425.00000", "2014-12-31": "10423.00000", "2014-09-30": "12195.00000", "2014-06-30": "11868.00000", "2014-03-31": "11615.00000", "2013-12-31": "11851.00000", "2013-09-30": "12058.00000", "2013-06-30": "12160.00000", "2013-03-31": "12597.00000", "2012-12-31": "12679.00000", "2012-09-30": "12020.00000", "2012-06-30": "12193.00000", "2012-03-31": "12443.00000", "2011-12-31": "13929.00000", "2011-09-30": "14771.00000", "2011-06-30": "15597.00000", "2011-03-31": "16560.00000", "2010-12-31": "25577.00000", "2010-09-30": "25925.00000", "2010-06-30": "24812.00000", "2010-03-31": "25260.00000", "2009-12-31": "25603.00000", "2009-09-30": "25049.00000", "2009-06-30": "25104.00000", "2009-03-31": "25763.00000", "2008-12-31": "27869.00000", "2008-09-30": "33119.00000", "2008-06-30": "33739.00000", "2008-03-31": "34133.00000", "2007-12-31": "34812.00000", "2007-09-30": "34769.00000", "2007-06-30": "34613.00000", "2007-03-31": "36370.00000", "2006-12-31": "38593.00000", "2006-09-30": "37408.00000", "2006-06-30": "36004.00000", "2006-03-31": "35709.00000", "2005-12-31": "35802.00000", "2005-09-30": "33462.00000", "2005-06-30": "32269.00000", "2005-03-31": "30983.00000"}, "Total Current Liabilities": {"2020-12-31": "3489.00000", "2020-09-30": "3312.00000", "2020-06-30": "3480.00000", "2020-03-31": "3879.00000", "2019-12-31": "3439.00000", "2019-09-30": "3656.00000", "2019-06-30": "2876.00000", "2019-03-31": "2979.00000", "2018-12-31": "3096.00000", "2018-09-30": "3088.00000", "2018-06-30": "2922.00000", "2018-03-31": "3096.00000", "2017-12-31": "2931.00000", "2017-09-30": "2563.00000", "2017-06-30": "2410.00000", "2017-03-31": "2385.00000", "2016-12-31": "2668.00000", "2016-09-30": "2161.00000", "2016-06-30": "2045.00000", "2016-03-31": "2032.00000", "2015-12-31": "2193.00000", "2015-09-30": "2029.00000", "2015-06-30": "1971.00000", "2015-03-31": "1977.00000", "2014-12-31": "2250.00000", "2014-09-30": "3024.00000", "2014-06-30": "2924.00000", "2014-03-31": "3026.00000", "2013-12-31": "3220.00000", "2013-09-30": "2840.00000", "2013-06-30": "2794.00000", "2013-03-31": "2889.00000", "2012-12-31": "3335.00000", "2012-09-30": "3125.00000", "2012-06-30": "2990.00000", "2012-03-31": "3583.00000", "2011-12-31": "3815.00000", "2011-09-30": "4169.00000", "2011-06-30": "4131.00000", "2011-03-31": "4904.00000", "2010-12-31": "8710.00000", "2010-09-30": "8709.00000", "2010-06-30": "7887.00000", "2010-03-31": "7873.00000", "2009-12-31": "8261.00000", "2009-09-30": "7600.00000", "2009-06-30": "8184.00000", "2009-03-31": "9056.00000", "2008-12-31": "10620.00000", "2008-09-30": "11873.00000", "2008-06-30": "11574.00000", "2008-03-31": "11776.00000", "2007-12-31": "12500.00000", "2007-09-30": "12901.00000", "2007-06-30": "12876.00000", "2007-03-31": "14829.00000", "2006-12-31": "15425.00000", "2006-09-30": "13591.00000", "2006-06-30": "12054.00000", "2006-03-31": "12448.00000", "2005-12-31": "12592.00000", "2005-09-30": "11358.00000", "2005-06-30": "10277.00000", "2005-03-31": "10304.00000"}, "Long Term Debt": {"2020-12-31": "5163.00000", "2020-09-30": "5162.00000", "2020-06-30": "5111.00000", "2020-03-31": "5111.00000", "2019-12-31": "5113.00000", "2019-09-30": "5112.00000", "2019-06-30": "5315.00000", "2019-03-31": "5287.00000", "2018-12-31": "5289.00000", "2018-09-30": "5095.00000", "2018-06-30": "5298.00000", "2018-03-31": "5304.00000", "2017-12-31": "4419.00000", "2017-09-30": "4423.00000", "2017-06-30": "4421.00000", "2017-03-31": "4414.00000", "2016-12-31": "4392.00000", "2016-09-30": "5044.00000", "2016-06-30": "5028.00000", "2016-03-31": "5023.00000", "2015-12-31": "4345.00000", "2015-09-30": "4386.00000", "2015-06-30": "3393.00000", "2015-03-31": "3392.00000", "2014-12-31": "3396.00000", "2014-09-30": "3401.00000", "2014-06-30": "2446.00000", "2014-03-31": "2462.00000", "2013-12-31": "2457.00000", "2013-09-30": "2458.00000", "2013-06-30": "2452.00000", "2013-03-31": "2450.00000", "2012-12-31": "1859.00000", "2012-09-30": "1860.00000", "2012-06-30": "1861.00000", "2012-03-31": "1126.00000", "2011-12-31": "1130.00000", "2011-09-30": "1538.00000", "2011-06-30": "1548.00000", "2011-03-31": "2093.00000", "2010-12-31": "2098.00000", "2010-09-30": "2864.00000", "2010-06-30": "2907.00000", "2010-03-31": "3372.00000", "2009-12-31": "3365.00000", "2009-09-30": "3901.00000", "2009-06-30": "3899.00000", "2009-03-31": "3878.00000", "2008-12-31": "4092.00000", "2008-09-30": "3988.00000", "2008-06-30": "3971.00000", "2008-03-31": "4074.00000", "2007-12-31": "3991.00000", "2007-09-30": "2628.00000", "2007-06-30": "2590.00000", "2007-03-31": "2596.00000", "2006-12-31": "2704.00000", "2006-09-30": "3780.00000", "2006-06-30": "3758.00000", "2006-03-31": "3774.00000", "2005-12-31": "3806.00000", "2005-09-30": "3975.00000", "2005-06-30": "4973.00000", "2005-03-31": "4577.00000"}, "Other Non-Current Liabilities": {"2020-12-31": "2363.00000", "2020-09-30": "2226.00000", "2020-06-30": "2213.00000", "2020-03-31": "2198.00000", "2019-12-31": "2276.00000", "2019-09-30": "2190.00000", "2019-06-30": "2233.00000", "2019-03-31": "2264.00000", "2018-12-31": "2300.00000", "2018-09-30": "2175.00000", "2018-06-30": "2153.00000", "2018-03-31": "2190.00000", "2017-12-31": "2585.00000", "2017-09-30": "2450.00000", "2017-06-30": "2440.00000", "2017-03-31": "2378.00000", "2016-12-31": "2355.00000", "2016-09-30": "2062.00000", "2016-06-30": "2072.00000", "2016-03-31": "2131.00000", "2015-12-31": "1904.00000", "2015-09-30": "1969.00000", "2015-06-30": "1973.00000", "2015-03-31": "1962.00000", "2014-12-31": "2011.00000", "2014-09-30": "2528.00000", "2014-06-30": "2329.00000", "2014-03-31": "2380.00000", "2013-12-31": "2485.00000", "2013-09-30": "4055.00000", "2013-06-30": "4095.00000", "2013-03-31": "4136.00000", "2012-12-31": "4195.00000", "2012-09-30": "3138.00000", "2012-06-30": "3469.00000", "2012-03-31": "3624.00000", "2011-12-31": "3710.00000", "2011-09-30": "2906.00000", "2011-06-30": "3094.00000", "2011-03-31": "3157.00000", "2010-12-31": "3782.00000", "2010-09-30": "3806.00000", "2010-06-30": "3798.00000", "2010-03-31": "3970.00000", "2009-12-31": "4094.00000", "2009-09-30": "3631.00000", "2009-06-30": "3398.00000", "2009-03-31": "3463.00000", "2008-12-31": "3562.00000", "2008-09-30": "2599.00000", "2008-06-30": "2990.00000", "2008-03-31": "3103.00000", "2007-12-31": "2874.00000", "2007-09-30": "4196.00000", "2007-06-30": "4184.00000", "2007-03-31": "4146.00000", "2006-12-31": "3322.00000", "2006-09-30": "2899.00000", "2006-06-30": "2915.00000", "2006-03-31": "2907.00000", "2005-12-31": "2731.00000", "2005-09-30": "2363.00000", "2005-06-30": "2368.00000", "2005-03-31": "2324.00000"}, "Total Long Term Liabilities": {"2020-12-31": "7928.00000", "2020-09-30": "7789.00000", "2020-06-30": "7709.00000", "2020-03-31": "7767.00000", "2019-12-31": "7886.00000", "2019-09-30": "7801.00000", "2019-06-30": "8052.00000", "2019-03-31": "8104.00000", "2018-12-31": "7589.00000", "2018-09-30": "7270.00000", "2018-06-30": "7451.00000", "2018-03-31": "7494.00000", "2017-12-31": "7004.00000", "2017-09-30": "6873.00000", "2017-06-30": "6861.00000", "2017-03-31": "6792.00000", "2016-12-31": "6747.00000", "2016-09-30": "7106.00000", "2016-06-30": "7100.00000", "2016-03-31": "7154.00000", "2015-12-31": "6249.00000", "2015-09-30": "6355.00000", "2015-06-30": "5366.00000", "2015-03-31": "5354.00000", "2014-12-31": "5407.00000", "2014-09-30": "5929.00000", "2014-06-30": "4775.00000", "2014-03-31": "4842.00000", "2013-12-31": "4942.00000", "2013-09-30": "6513.00000", "2013-06-30": "6547.00000", "2013-03-31": "6586.00000", "2012-12-31": "6054.00000", "2012-09-30": "4998.00000", "2012-06-30": "5330.00000", "2012-03-31": "4750.00000", "2011-12-31": "4840.00000", "2011-09-30": "4444.00000", "2011-06-30": "4642.00000", "2011-03-31": "5250.00000", "2010-12-31": "5880.00000", "2010-09-30": "6670.00000", "2010-06-30": "6705.00000", "2010-03-31": "7342.00000", "2009-12-31": "7459.00000", "2009-09-30": "7532.00000", "2009-06-30": "7297.00000", "2009-03-31": "7341.00000", "2008-12-31": "7654.00000", "2008-09-30": "6587.00000", "2008-06-30": "6961.00000", "2008-03-31": "7177.00000", "2007-12-31": "6865.00000", "2007-09-30": "6824.00000", "2007-06-30": "6774.00000", "2007-03-31": "6742.00000", "2006-12-31": "6026.00000", "2006-09-30": "6679.00000", "2006-06-30": "6673.00000", "2006-03-31": "6681.00000", "2005-12-31": "6537.00000", "2005-09-30": "6338.00000", "2005-06-30": "7341.00000", "2005-03-31": "6901.00000"}, "Total Liabilities": {"2020-12-31": "11417.00000", "2020-09-30": "11101.00000", "2020-06-30": "11189.00000", "2020-03-31": "11646.00000", "2019-12-31": "11325.00000", "2019-09-30": "11457.00000", "2019-06-30": "10928.00000", "2019-03-31": "11083.00000", "2018-12-31": "10685.00000", "2018-09-30": "10358.00000", "2018-06-30": "10373.00000", "2018-03-31": "10590.00000", "2017-12-31": "9935.00000", "2017-09-30": "9436.00000", "2017-06-30": "9271.00000", "2017-03-31": "9177.00000", "2016-12-31": "9415.00000", "2016-09-30": "9267.00000", "2016-06-30": "9145.00000", "2016-03-31": "9186.00000", "2015-12-31": "8442.00000", "2015-09-30": "8384.00000", "2015-06-30": "7337.00000", "2015-03-31": "7331.00000", "2014-12-31": "7657.00000", "2014-09-30": "8953.00000", "2014-06-30": "7699.00000", "2014-03-31": "7868.00000", "2013-12-31": "8162.00000", "2013-09-30": "9353.00000", "2013-06-30": "9341.00000", "2013-03-31": "9475.00000", "2012-12-31": "9389.00000", "2012-09-30": "8123.00000", "2012-06-30": "8320.00000", "2012-03-31": "8333.00000", "2011-12-31": "8655.00000", "2011-09-30": "8613.00000", "2011-06-30": "8773.00000", "2011-03-31": "10154.00000", "2010-12-31": "14590.00000", "2010-09-30": "15379.00000", "2010-06-30": "14592.00000", "2010-03-31": "15215.00000", "2009-12-31": "15720.00000", "2009-09-30": "15132.00000", "2009-06-30": "15481.00000", "2009-03-31": "16397.00000", "2008-12-31": "18274.00000", "2008-09-30": "18460.00000", "2008-06-30": "18535.00000", "2008-03-31": "18953.00000", "2007-12-31": "19365.00000", "2007-09-30": "19725.00000", "2007-06-30": "19650.00000", "2007-03-31": "21571.00000", "2006-12-31": "21451.00000", "2006-09-30": "20270.00000", "2006-06-30": "18727.00000", "2006-03-31": "19129.00000", "2005-12-31": "19129.00000", "2005-09-30": "17696.00000", "2005-06-30": "17618.00000", "2005-03-31": "17205.00000"}, "Common Stock Net": {"2020-12-31": "", "2020-09-30": "2.00000", "2020-06-30": "2.00000", "2020-03-31": "2.00000", "2019-12-31": "2.00000", "2019-09-30": "2.00000", "2019-06-30": "2.00000", "2019-03-31": "2.00000", "2018-12-31": "2.00000", "2018-09-30": "2.00000", "2018-06-30": "2.00000", "2018-03-31": "2.00000", "2017-12-31": "2.00000", "2017-09-30": "2.00000", "2017-06-30": "2.00000", "2017-03-31": "2.00000", "2016-12-31": "2.00000", "2016-09-30": "2.00000", "2016-06-30": "2.00000", "2016-03-31": "2.00000", "2015-12-31": "2.00000", "2015-09-30": "2.00000", "2015-06-30": "2.00000", "2015-03-31": "2.00000", "2014-12-31": "2.00000", "2014-09-30": "2.00000", "2014-06-30": "3.00000", "2014-03-31": "3.00000", "2013-12-31": "3.00000", "2013-09-30": "3.00000", "2013-06-30": "3.00000", "2013-03-31": "3.00000", "2012-12-31": "3.00000", "2012-09-30": "3.00000", "2012-06-30": "3.00000", "2012-03-31": "3.00000", "2011-12-31": "3.00000", "2011-09-30": "3.00000", "2011-06-30": "3.00000", "2011-03-31": "3.00000", "2010-12-31": "3.00000", "2010-09-30": "24.00000", "2010-06-30": "23.00000", "2010-03-31": "23.00000", "2009-12-31": "3.00000", "2009-09-30": "23.00000", "2009-06-30": "23.00000", "2009-03-31": "6879.00000", "2008-12-31": "6831.00000", "2008-09-30": "6800.00000", "2008-06-30": "6797.00000", "2008-03-31": "6767.00000", "2007-12-31": "6792.00000", "2007-09-30": "6857.00000", "2007-06-30": "6885.00000", "2007-03-31": "6949.00000", "2006-12-31": "7197.00000", "2006-09-30": "7258.00000", "2006-06-30": "7356.00000", "2006-03-31": "7415.00000", "2005-12-31": "7508.00000", "2005-09-30": "7477.00000", "2005-06-30": "7411.00000", "2005-03-31": "7361.00000"}, "Retained Earnings (Accumulated Deficit)": {"2020-12-31": "", "2020-09-30": "1008.00000", "2020-06-30": "1017.00000", "2020-03-31": "1074.00000", "2019-12-31": "1239.00000", "2019-09-30": "1220.00000", "2019-06-30": "1051.00000", "2019-03-31": "963.00000", "2018-12-31": "1051.00000", "2018-09-30": "788.00000", "2018-06-30": "627.00000", "2018-03-31": "531.00000", "2017-12-31": "467.00000", "2017-09-30": "981.00000", "2017-06-30": "945.00000", "2017-03-31": "970.00000", "2016-12-31": "1148.00000", "2016-09-30": "1096.00000", "2016-06-30": "1080.00000", "2016-03-31": "1597.00000", "2015-12-31": "1716.00000", "2015-09-30": "1689.00000", "2015-06-30": "3485.00000", "2015-03-31": "3412.00000", "2014-12-31": "3410.00000", "2014-09-30": "3284.00000", "2014-06-30": "3219.00000", "2014-03-31": "2473.00000", "2013-12-31": "2425.00000", "2013-09-30": "2162.00000", "2013-06-30": "1935.00000", "2013-03-31": "1746.00000", "2012-12-31": "1625.00000", "2012-09-30": "1361.00000", "2012-06-30": "1228.00000", "2012-03-31": "1109.00000", "2011-12-31": "1016.00000", "2011-09-30": "902.00000", "2011-06-30": "846.00000", "2011-03-31": "497.00000", "2010-12-31": "4460.00000", "2010-09-30": "4167.00000", "2010-06-30": "4058.00000", "2010-03-31": "3896.00000", "2009-12-31": "3827.00000", "2009-09-30": "3685.00000", "2009-06-30": "3673.00000", "2009-03-31": "3647.00000", "2008-12-31": "3878.00000", "2008-09-30": "7649.00000", "2008-06-30": "8159.00000", "2008-03-31": "8269.00000", "2007-12-31": "8579.00000", "2007-09-30": "8610.00000", "2007-06-30": "8665.00000", "2007-03-31": "8813.00000", "2006-12-31": "9086.00000", "2006-09-30": "8587.00000", "2006-06-30": "7743.00000", "2006-03-31": "6484.00000", "2005-12-31": "5897.00000", "2005-09-30": "4802.00000", "2005-06-30": "3150.00000", "2005-03-31": "2316.00000"}, "Comprehensive Income": {"2020-12-31": "", "2020-09-30": "-2433.00000", "2020-06-30": "-2475.00000", "2020-03-31": "-2566.00000", "2019-12-31": "-2440.00000", "2019-09-30": "-2759.00000", "2019-06-30": "-2737.00000", "2019-03-31": "-2724.00000", "2018-12-31": "-2765.00000", "2018-09-30": "-2571.00000", "2018-06-30": "-2580.00000", "2018-03-31": "-2508.00000", "2017-12-31": "-2562.00000", "2017-09-30": "-2126.00000", "2017-06-30": "-2199.00000", "2017-03-31": "-2264.00000", "2016-12-31": "-2317.00000", "2016-09-30": "-1931.00000", "2016-06-30": "-1888.00000", "2016-03-31": "-1845.00000", "2015-12-31": "-1866.00000", "2015-09-30": "-2006.00000", "2015-06-30": "-1985.00000", "2015-03-31": "-1913.00000", "2014-12-31": "-1855.00000", "2014-09-30": "-2625.00000", "2014-06-30": "-2245.00000", "2014-03-31": "-2270.00000", "2013-12-31": "-2287.00000", "2013-09-30": "-3272.00000", "2013-06-30": "-3309.00000", "2013-03-31": "-3319.00000", "2012-12-31": "-3300.00000", "2012-09-30": "-2653.00000", "2012-06-30": "-2793.00000", "2012-03-31": "-2827.00000", "2011-12-31": "-2876.00000", "2011-09-30": "-2154.00000", "2011-06-30": "-2140.00000", "2011-03-31": "-2140.00000", "2010-12-31": "-2222.00000", "2010-09-30": "-2315.00000", "2010-06-30": "-2376.00000", "2010-03-31": "-2311.00000", "2009-12-31": "-2286.00000", "2009-09-30": "-2026.00000", "2009-06-30": "-2161.00000", "2009-03-31": "-2328.00000", "2008-12-31": "-2205.00000", "2008-09-30": "", "2008-06-30": "", "2008-03-31": "", "2007-12-31": "", "2007-09-30": "", "2007-06-30": "", "2007-03-31": "", "2006-12-31": "", "2006-09-30": "", "2006-06-30": "", "2006-03-31": "", "2005-12-31": "", "2005-09-30": "", "2005-06-30": "", "2005-03-31": ""}, "Other Share Holders Equity": {"2020-12-31": "", "2020-09-30": "", "2020-06-30": "", "2020-03-31": "", "2019-12-31": "", "2019-09-30": "", "2019-06-30": "", "2019-03-31": "", "2018-12-31": "", "2018-09-30": "", "2018-06-30": "", "2018-03-31": "", "2017-12-31": "", "2017-09-30": "", "2017-06-30": "", "2017-03-31": "", "2016-12-31": "", "2016-09-30": "0.00000", "2016-06-30": "0.00000", "2016-03-31": "0.00000", "2015-12-31": "", "2015-09-30": "0.00000", "2015-06-30": "0.00000", "2015-03-31": "0.00000", "2014-12-31": "", "2014-09-30": "0.00000", "2014-06-30": "0.00000", "2014-03-31": "0.00000", "2013-12-31": "", "2013-09-30": "0.00000", "2013-06-30": "0.00000", "2013-03-31": "0.00000", "2012-12-31": "", "2012-09-30": "0.00000", "2012-06-30": "0.00000", "2012-03-31": "0.00000", "2011-12-31": "", "2011-09-30": "0.00000", "2011-06-30": "0.00000", "2011-03-31": "0.00000", "2010-12-31": "", "2010-09-30": "0.00000", "2010-06-30": "0.00000", "2010-03-31": "0.00000", "2009-12-31": "", "2009-09-30": "0.00000", "2009-06-30": "0.00000", "2009-03-31": "0.00000", "2008-12-31": "", "2008-09-30": "-716.00000", "2008-06-30": "-634.00000", "2008-03-31": "-605.00000", "2007-12-31": "-706.00000", "2007-09-30": "-1444.00000", "2007-06-30": "-1537.00000", "2007-03-31": "-1589.00000", "2006-12-31": "-1650.00000", "2006-09-30": "-1589.00000", "2006-06-30": "-1552.00000", "2006-03-31": "-1452.00000", "2005-12-31": "-1423.00000", "2005-09-30": "-1151.00000", "2005-06-30": "-395.00000", "2005-03-31": "-262.00000"}, "Share Holder Equity": {"2020-12-31": "-541.00000", "2020-09-30": "-740.00000", "2020-06-30": "-815.00000", "2020-03-31": "-930.00000", "2019-12-31": "-683.00000", "2019-09-30": "-1084.00000", "2019-06-30": "-954.00000", "2019-03-31": "-1090.00000", "2018-12-31": "-1276.00000", "2018-09-30": "-1395.00000", "2018-06-30": "-1492.00000", "2018-03-31": "-1539.00000", "2017-12-31": "-1727.00000", "2017-09-30": "-818.00000", "2017-06-30": "-976.00000", "2017-03-31": "-1037.00000", "2016-12-31": "-952.00000", "2016-09-30": "-648.00000", "2016-06-30": "-678.00000", "2016-03-31": "-137.00000", "2015-12-31": "-96.00000", "2015-09-30": "-298.00000", "2015-06-30": "1823.00000", "2015-03-31": "2094.00000", "2014-12-31": "2766.00000", "2014-09-30": "3242.00000", "2014-06-30": "4169.00000", "2014-03-31": "3747.00000", "2013-12-31": "3689.00000", "2013-09-30": "2705.00000", "2013-06-30": "2819.00000", "2013-03-31": "3122.00000", "2012-12-31": "3290.00000", "2012-09-30": "3897.00000", "2012-06-30": "3873.00000", "2012-03-31": "4110.00000", "2011-12-31": "5274.00000", "2011-09-30": "6158.00000", "2011-06-30": "6824.00000", "2011-03-31": "6406.00000", "2010-12-31": "10987.00000", "2010-09-30": "10546.00000", "2010-06-30": "10220.00000", "2010-03-31": "10045.00000", "2009-12-31": "9883.00000", "2009-09-30": "9917.00000", "2009-06-30": "9623.00000", "2009-03-31": "9366.00000", "2008-12-31": "9595.00000", "2008-09-30": "14659.00000", "2008-06-30": "15204.00000", "2008-03-31": "15180.00000", "2007-12-31": "15447.00000", "2007-09-30": "15044.00000", "2007-06-30": "14963.00000", "2007-03-31": "14799.00000", "2006-12-31": "17142.00000", "2006-09-30": "17138.00000", "2006-06-30": "17277.00000", "2006-03-31": "16580.00000", "2005-12-31": "16673.00000", "2005-09-30": "15766.00000", "2005-06-30": "14651.00000", "2005-03-31": "13778.00000"}, "Total Liabilities And Share Holders Equity": {"2020-12-31": "10876.00000", "2020-09-30": "10361.00000", "2020-06-30": "10374.00000", "2020-03-31": "10716.00000", "2019-12-31": "10642.00000", "2019-09-30": "10373.00000", "2019-06-30": "9974.00000", "2019-03-31": "9993.00000", "2018-12-31": "9409.00000", "2018-09-30": "8963.00000", "2018-06-30": "8881.00000", "2018-03-31": "9051.00000", "2017-12-31": "8208.00000", "2017-09-30": "8618.00000", "2017-06-30": "8295.00000", "2017-03-31": "8140.00000", "2016-12-31": "8463.00000", "2016-09-30": "8619.00000", "2016-06-30": "8467.00000", "2016-03-31": "9049.00000", "2015-12-31": "8346.00000", "2015-09-30": "8086.00000", "2015-06-30": "9160.00000", "2015-03-31": "9425.00000", "2014-12-31": "10423.00000", "2014-09-30": "12195.00000", "2014-06-30": "11868.00000", "2014-03-31": "11615.00000", "2013-12-31": "11851.00000", "2013-09-30": "12058.00000", "2013-06-30": "12160.00000", "2013-03-31": "12597.00000", "2012-12-31": "12679.00000", "2012-09-30": "12020.00000", "2012-06-30": "12193.00000", "2012-03-31": "12443.00000", "2011-12-31": "13929.00000", "2011-09-30": "14771.00000", "2011-06-30": "15597.00000", "2011-03-31": "16560.00000", "2010-12-31": "25577.00000", "2010-09-30": "25925.00000", "2010-06-30": "24812.00000", "2010-03-31": "25260.00000", "2009-12-31": "25603.00000", "2009-09-30": "25049.00000", "2009-06-30": "25104.00000", "2009-03-31": "25763.00000", "2008-12-31": "27869.00000", "2008-09-30": "33119.00000", "2008-06-30": "33739.00000", "2008-03-31": "34133.00000", "2007-12-31": "34812.00000", "2007-09-30": "34769.00000", "2007-06-30": "34613.00000", "2007-03-31": "36370.00000", "2006-12-31": "38593.00000", "2006-09-30": "37408.00000", "2006-06-30": "36004.00000", "2006-03-31": "35709.00000", "2005-12-31": "35802.00000", "2005-09-30": "33462.00000", "2005-06-30": "32269.00000", "2005-03-31": "30983.00000"}}, "cash flow statement": {"Net Income/Loss": {"2020-12-31": "953.00000", "2019-12-31": "868.00000", "2018-12-31": "966.00000", "2017-12-31": "-155.00000", "2016-12-31": "560.00000", "2015-12-31": "610.00000", "2014-12-31": "1299.00000", "2013-12-31": "1099.00000", "2012-12-31": "881.00000", "2011-12-31": "1152.00000", "2010-12-31": "633.00000", "2009-12-31": "-51.00000", "2008-12-31": "-4244.00000", "2007-12-31": "-49.00000", "2006-12-31": "3661.00000", "2005-12-31": "4578.00000"}, "Total Depreciation And Amortization - Cash Flow": {"2020-12-31": "409.00000", "2019-12-31": "394.00000", "2018-12-31": "360.00000", "2017-12-31": "343.00000", "2016-12-31": "295.00000", "2015-12-31": "150.00000", "2014-12-31": "173.00000", "2013-12-31": "158.00000", "2012-12-31": "151.00000", "2011-12-31": "366.00000", "2010-12-31": "353.00000", "2009-12-31": "388.00000", "2008-12-31": "686.00000", "2007-12-31": "903.00000", "2006-12-31": "558.00000", "2005-12-31": "540.00000"}, "Other Non-Cash Items": {"2020-12-31": "149.00000", "2019-12-31": "472.00000", "2018-12-31": "119.00000", "2017-12-31": "1247.00000", "2016-12-31": "371.00000", "2015-12-31": "184.00000", "2014-12-31": "-564.00000", "2013-12-31": "-425.00000", "2012-12-31": "29.00000", "2011-12-31": "-88.00000", "2010-12-31": "45.00000", "2009-12-31": "433.00000", "2008-12-31": "4270.00000", "2007-12-31": "-311.00000", "2006-12-31": "722.00000", "2005-12-31": "-784.00000"}, "Total Non-Cash Items": {"2020-12-31": "558.00000", "2019-12-31": "866.00000", "2018-12-31": "479.00000", "2017-12-31": "1590.00000", "2016-12-31": "666.00000", "2015-12-31": "334.00000", "2014-12-31": "-391.00000", "2013-12-31": "-267.00000", "2012-12-31": "180.00000", "2011-12-31": "278.00000", "2010-12-31": "398.00000", "2009-12-31": "821.00000", "2008-12-31": "4956.00000", "2007-12-31": "592.00000", "2006-12-31": "1280.00000", "2005-12-31": "-244.00000"}, "Change In Accounts Receivable": {"2020-12-31": "90.00000", "2019-12-31": "-79.00000", "2018-12-31": "62.00000", "2017-12-31": "-60.00000", "2016-12-31": "-6.00000", "2015-12-31": "21.00000", "2014-12-31": "-62.00000", "2013-12-31": "-36.00000", "2012-12-31": "81.00000", "2011-12-31": "-250.00000", "2010-12-31": "-83.00000", "2009-12-31": "102.00000", "2008-12-31": "1749.00000", "2007-12-31": "2538.00000", "2006-12-31": "-1775.00000", "2005-12-31": "-1303.00000"}, "Change In Inventories": {"2020-12-31": "-14.00000", "2019-12-31": "-74.00000", "2018-12-31": "71.00000", "2017-12-31": "-46.00000", "2016-12-31": "6.00000", "2015-12-31": "16.00000", "2014-12-31": "-5.00000", "2013-12-31": "-8.00000", "2012-12-31": "-2.00000", "2011-12-31": "-14.00000", "2010-12-31": "-111.00000", "2009-12-31": "111.00000", "2008-12-31": "-129.00000", "2007-12-31": "556.00000", "2006-12-31": "-718.00000", "2005-12-31": "-19.00000"}, "Change In Accounts Payable": {"2020-12-31": "", "2019-12-31": "", "2018-12-31": "", "2017-12-31": "", "2016-12-31": "", "2015-12-31": "", "2014-12-31": "", "2013-12-31": "", "2012-12-31": "", "2011-12-31": "", "2010-12-31": "", "2009-12-31": "", "2008-12-31": "", "2007-12-31": "", "2006-12-31": "", "2005-12-31": ""}, "Change In Assets/Liabilities": {"2020-12-31": "142.00000", "2019-12-31": "44.00000", "2018-12-31": "-774.00000", "2017-12-31": "-143.00000", "2016-12-31": "-302.00000", "2015-12-31": "14.00000", "2014-12-31": "-1406.00000", "2013-12-31": "-1.00000", "2012-12-31": "-360.00000", "2011-12-31": "-127.00000", "2010-12-31": "-367.00000", "2009-12-31": "265.00000", "2008-12-31": "-941.00000", "2007-12-31": "-549.00000", "2006-12-31": "-603.00000", "2005-12-31": "-1109.00000"}, "Total Change In Assets/Liabilities": {"2020-12-31": "102.00000", "2019-12-31": "89.00000", "2018-12-31": "-370.00000", "2017-12-31": "-89.00000", "2016-12-31": "-61.00000", "2015-12-31": "77.00000", "2014-12-31": "-1545.00000", "2013-12-31": "-277.00000", "2012-12-31": "-387.00000", "2011-12-31": "-582.00000", "2010-12-31": "-228.00000", "2009-12-31": "-143.00000", "2008-12-31": "-1037.00000", "2007-12-31": "242.00000", "2006-12-31": "-1442.00000", "2005-12-31": "-26.00000"}, "Cash Flow From Operating Activities": {"2020-12-31": "1613.00000", "2019-12-31": "1823.00000", "2018-12-31": "1075.00000", "2017-12-31": "1346.00000", "2016-12-31": "1165.00000", "2015-12-31": "1021.00000", "2014-12-31": "-637.00000", "2013-12-31": "555.00000", "2012-12-31": "674.00000", "2011-12-31": "848.00000", "2010-12-31": "803.00000", "2009-12-31": "627.00000", "2008-12-31": "-325.00000", "2007-12-31": "785.00000", "2006-12-31": "3499.00000", "2005-12-31": "4308.00000"}, "Net Change In Property, Plant, And Equipment": {"2020-12-31": "-161.00000", "2019-12-31": "-241.00000", "2018-12-31": "-197.00000", "2017-12-31": "-227.00000", "2016-12-31": "-198.00000", "2015-12-31": "-172.00000", "2014-12-31": "-148.00000", "2013-12-31": "-103.00000", "2012-12-31": "-130.00000", "2011-12-31": "-180.00000", "2010-12-31": "-165.00000", "2009-12-31": "-135.00000", "2008-12-31": "-278.00000", "2007-12-31": "-361.00000", "2006-12-31": "-564.00000", "2005-12-31": "-445.00000"}, "Net Change In Intangible Assets": {"2020-12-31": "", "2019-12-31": "", "2018-12-31": "", "2017-12-31": "", "2016-12-31": "", "2015-12-31": "", "2014-12-31": "", "2013-12-31": "", "2012-12-31": "", "2011-12-31": "", "2010-12-31": "", "2009-12-31": "", "2008-12-31": "", "2007-12-31": "", "2006-12-31": "", "2005-12-31": ""}, "Net Acquisitions/Divestitures": {"2020-12-31": "-276.00000", "2019-12-31": "-693.00000", "2018-12-31": "-1069.00000", "2017-12-31": "-221.00000", "2016-12-31": "-804.00000", "2015-12-31": "-356.00000", "2014-12-31": "-47.00000", "2013-12-31": "4.00000", "2012-12-31": "25.00000", "2011-12-31": "1092.00000", "2010-12-31": "241.00000", "2009-12-31": "340.00000", "2008-12-31": "-162.00000", "2007-12-31": "-4157.00000", "2006-12-31": "933.00000", "2005-12-31": "1226.00000"}, "Net Change In Short-term Investments": {"2020-12-31": "", "2019-12-31": "", "2018-12-31": "", "2017-12-31": "", "2016-12-31": "", "2015-12-31": "", "2014-12-31": "", "2013-12-31": "2133.00000", "2012-12-31": "1075.00000", "2011-12-31": "1514.00000", "2010-12-31": "447.00000", "2009-12-31": "-736.00000", "2008-12-31": "1248.00000", "2007-12-31": "6897.00000", "2006-12-31": "-1813.00000", "2005-12-31": "-3149.00000"}, "Net Change In Long-Term Investments": {"2020-12-31": "", "2019-12-31": "", "2018-12-31": "", "2017-12-31": "", "2016-12-31": "", "2015-12-31": "", "2014-12-31": "3403.00000", "2013-12-31": "", "2012-12-31": "", "2011-12-31": "", "2010-12-31": "", "2009-12-31": "", "2008-12-31": "", "2007-12-31": "", "2006-12-31": "", "2005-12-31": ""}, "Net Change In Investments - Total": {"2020-12-31": "", "2019-12-31": "", "2018-12-31": "", "2017-12-31": "", "2016-12-31": "", "2015-12-31": "", "2014-12-31": "3403.00000", "2013-12-31": "2133.00000", "2012-12-31": "1075.00000", "2011-12-31": "1514.00000", "2010-12-31": "447.00000", "2009-12-31": "-736.00000", "2008-12-31": "1248.00000", "2007-12-31": "6897.00000", "2006-12-31": "-1813.00000", "2005-12-31": "-3149.00000"}, "Investing Activities - Other": {"2020-12-31": "", "2019-12-31": "", "2018-12-31": "", "2017-12-31": "", "2016-12-31": "", "2015-12-31": "", "2014-12-31": "", "2013-12-31": "", "2012-12-31": "", "2011-12-31": "", "2010-12-31": "", "2009-12-31": "", "2008-12-31": "113.00000", "2007-12-31": "", "2006-12-31": "", "2005-12-31": ""}, "Cash Flow From Investing Activities": {"2020-12-31": "-437.00000", "2019-12-31": "-934.00000", "2018-12-31": "-1266.00000", "2017-12-31": "-448.00000", "2016-12-31": "-1002.00000", "2015-12-31": "-528.00000", "2014-12-31": "3208.00000", "2013-12-31": "2034.00000", "2012-12-31": "970.00000", "2011-12-31": "2426.00000", "2010-12-31": "523.00000", "2009-12-31": "-531.00000", "2008-12-31": "921.00000", "2007-12-31": "2379.00000", "2006-12-31": "-1444.00000", "2005-12-31": "-2368.00000"}, "Net Long-Term Debt": {"2020-12-31": "-22.00000", "2019-12-31": "-235.00000", "2018-12-31": "767.00000", "2017-12-31": "-11.00000", "2016-12-31": "-13.00000", "2015-12-31": "967.00000", "2014-12-31": "910.00000", "2013-12-31": "589.00000", "2012-12-31": "334.00000", "2011-12-31": "-1219.00000", "2010-12-31": "-1011.00000", "2009-12-31": "-132.00000", "2008-12-31": "-225.00000", "2007-12-31": "29.00000", "2006-12-31": "-18.00000", "2005-12-31": "-1132.00000"}, "Net Current Debt": {"2020-12-31": "", "2019-12-31": "", "2018-12-31": "", "2017-12-31": "", "2016-12-31": "", "2015-12-31": "", "2014-12-31": "", "2013-12-31": "", "2012-12-31": "", "2011-12-31": "", "2010-12-31": "-5.00000", "2009-12-31": "-86.00000", "2008-12-31": "-50.00000", "2007-12-31": "-242.00000", "2006-12-31": "66.00000", "2005-12-31": "11.00000"}, "Debt Issuance/Retirement Net - Total": {"2020-12-31": "-22.00000", "2019-12-31": "-235.00000", "2018-12-31": "767.00000", "2017-12-31": "-11.00000", "2016-12-31": "-13.00000", "2015-12-31": "967.00000", "2014-12-31": "910.00000", "2013-12-31": "589.00000", "2012-12-31": "334.00000", "2011-12-31": "-1219.00000", "2010-12-31": "-1016.00000", "2009-12-31": "-218.00000", "2008-12-31": "-275.00000", "2007-12-31": "-213.00000", "2006-12-31": "48.00000", "2005-12-31": "-1121.00000"}, "Net Common Equity Issued/Repurchased": {"2020-12-31": "-504.00000", "2019-12-31": "-201.00000", "2018-12-31": "36.00000", "2017-12-31": "-401.00000", "2016-12-31": "-749.00000", "2015-12-31": "-3093.00000", "2014-12-31": "-2459.00000", "2013-12-31": "-1529.00000", "2012-12-31": "-2305.00000", "2011-12-31": "-918.00000", "2010-12-31": "179.00000", "2009-12-31": "116.00000", "2008-12-31": "7.00000", "2007-12-31": "-2595.00000", "2006-12-31": "-2908.00000", "2005-12-31": "325.00000"}, "Net Total Equity Issued/Repurchased": {"2020-12-31": "-504.00000", "2019-12-31": "-201.00000", "2018-12-31": "36.00000", "2017-12-31": "-401.00000", "2016-12-31": "-749.00000", "2015-12-31": "-3093.00000", "2014-12-31": "-2459.00000", "2013-12-31": "-1529.00000", "2012-12-31": "-2305.00000", "2011-12-31": "-918.00000", "2010-12-31": "179.00000", "2009-12-31": "116.00000", "2008-12-31": "7.00000", "2007-12-31": "-2595.00000", "2006-12-31": "-2908.00000", "2005-12-31": "325.00000"}, "Total Common And Preferred Stock Dividends Paid": {"2020-12-31": "-440.00000", "2019-12-31": "-382.00000", "2018-12-31": "-338.00000", "2017-12-31": "-308.00000", "2016-12-31": "-280.00000", "2015-12-31": "-277.00000", "2014-12-31": "-318.00000", "2013-12-31": "-292.00000", "2012-12-31": "-270.00000", "2011-12-31": "-72.00000", "2010-12-31": "", "2009-12-31": "-114.00000", "2008-12-31": "-453.00000", "2007-12-31": "-468.00000", "2006-12-31": "-443.00000", "2005-12-31": "-394.00000"}, "Financial Activities - Other": {"2020-12-31": "", "2019-12-31": "-326.00000", "2018-12-31": "-245.00000", "2017-12-31": "-2.00000", "2016-12-31": "", "2015-12-31": "5.00000", "2014-12-31": "104.00000", "2013-12-31": "390.00000", "2012-12-31": "164.00000", "2011-12-31": "-3319.00000", "2010-12-31": "797.00000", "2009-12-31": "-61.00000", "2008-12-31": "571.00000", "2007-12-31": "-25.00000", "2006-12-31": "142.00000", "2005-12-31": "283.00000"}, "Cash Flow From Financial Activities": {"2020-12-31": "-966.00000", "2019-12-31": "-1144.00000", "2018-12-31": "220.00000", "2017-12-31": "-722.00000", "2016-12-31": "-1042.00000", "2015-12-31": "-2398.00000", "2014-12-31": "-1763.00000", "2013-12-31": "-842.00000", "2012-12-31": "-2077.00000", "2011-12-31": "-5528.00000", "2010-12-31": "-40.00000", "2009-12-31": "-277.00000", "2008-12-31": "-150.00000", "2007-12-31": "-3301.00000", "2006-12-31": "-3161.00000", "2005-12-31": "-907.00000"}, "Net Cash Flow": {"2020-12-31": "253.00000", "2019-12-31": "-256.00000", "2018-12-31": "-11.00000", "2017-12-31": "238.00000", "2016-12-31": "-950.00000", "2015-12-31": "-1974.00000", "2014-12-31": "729.00000", "2013-12-31": "1757.00000", "2012-12-31": "-413.00000", "2011-12-31": "-2327.00000", "2010-12-31": "1339.00000", "2009-12-31": "-195.00000", "2008-12-31": "312.00000", "2007-12-31": "-64.00000", "2006-12-31": "-958.00000", "2005-12-31": "928.00000"}, "Stock-Based Compensation": {"2020-12-31": "129.00000", "2019-12-31": "118.00000", "2018-12-31": "73.00000", "2017-12-31": "66.00000", "2016-12-31": "68.00000", "2015-12-31": "78.00000", "2014-12-31": "94.00000", "2013-12-31": "120.00000", "2012-12-31": "146.00000", "2011-12-31": "168.00000", "2010-12-31": "144.00000", "2009-12-31": "137.00000", "2008-12-31": "236.00000", "2007-12-31": "315.00000", "2006-12-31": "276.00000", "2005-12-31": "14.00000"}, "Common Stock Dividends Paid": {"2020-12-31": "-440.00000", "2019-12-31": "-382.00000", "2018-12-31": "-338.00000", "2017-12-31": "-308.00000", "2016-12-31": "-280.00000", "2015-12-31": "-277.00000", "2014-12-31": "-318.00000", "2013-12-31": "-292.00000", "2012-12-31": "-270.00000", "2011-12-31": "-72.00000", "2010-12-31": "0.00000", "2009-12-31": "-114.00000", "2008-12-31": "-453.00000", "2007-12-31": "-468.00000", "2006-12-31": "-443.00000", "2005-12-31": "-394.00000"}}, "cash flow statement, quarterly": {"Net Income/Loss": {"2020-12-31": 416, "2020-09-30": 205, "2020-06-30": 135, "2020-03-31": "197.00000", "2019-12-31": 243, "2019-09-30": 267, "2019-06-30": 207, "2019-03-31": "151.00000", "2018-12-31": 420, "2018-09-30": 249, "2018-06-30": 180, "2018-03-31": "117.00000", "2017-12-31": -829, "2017-09-30": 464, "2017-06-30": 133, "2017-03-31": "77.00000", "2016-12-31": 243, "2016-09-30": 192, "2016-06-30": 108, "2016-03-31": "17.00000", "2015-12-31": 279, "2015-09-30": 114, "2015-06-30": 143, "2015-03-31": "74.00000", "2014-12-31": 201, "2014-09-30": 147, "2014-06-30": 824, "2014-03-31": "127.00000", "2013-12-31": 337, "2013-09-30": 308, "2013-06-30": 262, "2013-03-31": "192.00000", "2012-12-31": 336, "2012-09-30": 206, "2012-06-30": 182, "2012-03-31": "157.00000", "2011-12-31": 178, "2011-09-30": 128, "2011-06-30": 349, "2011-03-31": "497.00000", "2010-12-31": 292, "2010-09-30": 110, "2010-06-30": 162, "2010-03-31": "69.00000", "2009-12-31": 142, "2009-09-30": 12, "2009-06-30": 26, "2009-03-31": "-231.00000", "2008-12-31": -3657, "2008-09-30": -397, "2008-06-30": 0, "2008-03-31": "-190.00000", "2007-12-31": 100, "2007-09-30": 60, "2007-06-30": -28, "2007-03-31": "-181.00000", "2006-12-31": 623, "2006-09-30": 968, "2006-06-30": 1384, "2006-03-31": "686.00000", "2005-12-31": 1202, "2005-09-30": 1751, "2005-06-30": 933, "2005-03-31": "692.00000"}, "Total Depreciation And Amortization - Cash Flow": {"2020-12-31": 109, "2020-09-30": 103, "2020-06-30": 98, "2020-03-31": "99.00000", "2019-12-31": 104, "2019-09-30": 99, "2019-06-30": 96, "2019-03-31": "95.00000", "2018-12-31": 93, "2018-09-30": 89, "2018-06-30": 96, "2018-03-31": "82.00000", "2017-12-31": 343, "2017-09-30": -166, "2017-06-30": 86, "2017-03-31": "80.00000", "2016-12-31": 75, "2016-09-30": 76, "2016-06-30": 82, "2016-03-31": "62.00000", "2015-12-31": 37, "2015-09-30": 32, "2015-06-30": 40, "2015-03-31": "41.00000", "2014-12-31": 42, "2014-09-30": 45, "2014-06-30": 46, "2014-03-31": "40.00000", "2013-12-31": 42, "2013-09-30": 40, "2013-06-30": 24, "2013-03-31": "52.00000", "2012-12-31": 0, "2012-09-30": 45, "2012-06-30": 53, "2012-03-31": "53.00000", "2011-12-31": 93, "2011-09-30": 92, "2011-06-30": 90, "2011-03-31": "91.00000", "2010-12-31": 96, "2010-09-30": 85, "2010-06-30": 85, "2010-03-31": "87.00000", "2009-12-31": -99, "2009-09-30": 105, "2009-06-30": 192, "2009-03-31": "190.00000", "2008-12-31": 62, "2008-09-30": 208, "2008-06-30": 212, "2008-03-31": "204.00000", "2007-12-31": 221, "2007-09-30": 236, "2007-06-30": 227, "2007-03-31": "219.00000", "2006-12-31": 155, "2006-09-30": 142, "2006-06-30": 134, "2006-03-31": "127.00000", "2005-12-31": 132, "2005-09-30": 137, "2005-06-30": 123, "2005-03-31": "148.00000"}, "Other Non-Cash Items": {"2020-12-31": -7, "2020-09-30": 124, "2020-06-30": 40, "2020-03-31": "-8.00000", "2019-12-31": 272, "2019-09-30": 81, "2019-06-30": 88, "2019-03-31": "31.00000", "2018-12-31": 13, "2018-09-30": 44, "2018-06-30": 46, "2018-03-31": "16.00000", "2017-12-31": 1025, "2017-09-30": 82, "2017-06-30": 78, "2017-03-31": "62.00000", "2016-12-31": 119, "2016-09-30": 91, "2016-06-30": 77, "2016-03-31": "84.00000", "2015-12-31": 14, "2015-09-30": 130, "2015-06-30": 27, "2015-03-31": "13.00000", "2014-12-31": 151, "2014-09-30": 43, "2014-06-30": -735, "2014-03-31": "-23.00000", "2013-12-31": -46, "2013-09-30": -164, "2013-06-30": -241, "2013-03-31": "26.00000", "2012-12-31": -289, "2012-09-30": 148, "2012-06-30": 114, "2012-03-31": "56.00000", "2011-12-31": 70, "2011-09-30": 104, "2011-06-30": -25, "2011-03-31": "-237.00000", "2010-12-31": -111, "2010-09-30": 25, "2010-06-30": 92, "2010-03-31": "39.00000", "2009-12-31": 639, "2009-09-30": -191, "2009-06-30": 206, "2009-03-31": "-221.00000", "2008-12-31": 4013, "2008-09-30": 506, "2008-06-30": -29, "2008-03-31": "-220.00000", "2007-12-31": -79, "2007-09-30": -95, "2007-06-30": -105, "2007-03-31": "-32.00000", "2006-12-31": 180, "2006-09-30": 134, "2006-06-30": 240, "2006-03-31": "168.00000", "2005-12-31": 229, "2005-09-30": -973, "2005-06-30": -59, "2005-03-31": "19.00000"}, "Total Non-Cash Items": {"2020-12-31": 102, "2020-09-30": 227, "2020-06-30": 138, "2020-03-31": "91.00000", "2019-12-31": 376, "2019-09-30": 180, "2019-06-30": 184, "2019-03-31": "126.00000", "2018-12-31": 106, "2018-09-30": 133, "2018-06-30": 142, "2018-03-31": "98.00000", "2017-12-31": 1368, "2017-09-30": -84, "2017-06-30": 164, "2017-03-31": "142.00000", "2016-12-31": 194, "2016-09-30": 167, "2016-06-30": 159, "2016-03-31": "146.00000", "2015-12-31": 51, "2015-09-30": 162, "2015-06-30": 67, "2015-03-31": "54.00000", "2014-12-31": 193, "2014-09-30": 88, "2014-06-30": -689, "2014-03-31": "17.00000", "2013-12-31": -4, "2013-09-30": -124, "2013-06-30": -217, "2013-03-31": "78.00000", "2012-12-31": -289, "2012-09-30": 193, "2012-06-30": 167, "2012-03-31": "109.00000", "2011-12-31": 163, "2011-09-30": 196, "2011-06-30": 65, "2011-03-31": "-146.00000", "2010-12-31": -15, "2010-09-30": 110, "2010-06-30": 177, "2010-03-31": "126.00000", "2009-12-31": 540, "2009-09-30": -86, "2009-06-30": 398, "2009-03-31": "-31.00000", "2008-12-31": 4075, "2008-09-30": 714, "2008-06-30": 183, "2008-03-31": "-16.00000", "2007-12-31": 142, "2007-09-30": 141, "2007-06-30": 122, "2007-03-31": "187.00000", "2006-12-31": 335, "2006-09-30": 276, "2006-06-30": 374, "2006-03-31": "295.00000", "2005-12-31": 361, "2005-09-30": -836, "2005-06-30": 64, "2005-03-31": "167.00000"}, "Change In Accounts Receivable": {"2020-12-31": -222, "2020-09-30": 26, "2020-06-30": 11, "2020-03-31": "275.00000", "2019-12-31": -109, "2019-09-30": -80, "2019-06-30": -58, "2019-03-31": "168.00000", "2018-12-31": -124, "2018-09-30": -20, "2018-06-30": 11, "2018-03-31": "195.00000", "2017-12-31": -141, "2017-09-30": -170, "2017-06-30": -117, "2017-03-31": "368.00000", "2016-12-31": -251, "2016-09-30": -82, "2016-06-30": 50, "2016-03-31": "277.00000", "2015-12-31": -146, "2015-09-30": -88, "2015-06-30": -54, "2015-03-31": "309.00000", "2014-12-31": -264, "2014-09-30": 12, "2014-06-30": 30, "2014-03-31": "160.00000", "2013-12-31": -55, "2013-09-30": -59, "2013-06-30": -122, "2013-03-31": "200.00000", "2012-12-31": -108, "2012-09-30": -73, "2012-06-30": 121, "2012-03-31": "141.00000", "2011-12-31": -332, "2011-09-30": -6, "2011-06-30": -87, "2011-03-31": "175.00000", "2010-12-31": -3, "2010-09-30": -48, "2010-06-30": -227, "2010-03-31": "195.00000", "2009-12-31": -22, "2009-09-30": 327, "2009-06-30": 1, "2009-03-31": "-204.00000", "2008-12-31": 705, "2008-09-30": 171, "2008-06-30": 246, "2008-03-31": "627.00000", "2007-12-31": -216, "2007-09-30": 338, "2007-06-30": 1321, "2007-03-31": "1095.00000", "2006-12-31": -321, "2006-09-30": -678, "2006-06-30": -759, "2006-03-31": "-17.00000", "2005-12-31": -245, "2005-09-30": -369, "2005-06-30": -517, "2005-03-31": "-172.00000"}, "Change In Inventories": {"2020-12-31": -16, "2020-09-30": -1, "2020-06-30": 1, "2020-03-31": "2.00000", "2019-12-31": 14, "2019-09-30": -27, "2019-06-30": 2, "2019-03-31": "-63.00000", "2018-12-31": 10, "2018-09-30": 24, "2018-06-30": 46, "2018-03-31": "-9.00000", "2017-12-31": 37, "2017-09-30": 29, "2017-06-30": -43, "2017-03-31": "-69.00000", "2016-12-31": 6, "2016-09-30": 2, "2016-06-30": 2, "2016-03-31": "-4.00000", "2015-12-31": 37, "2015-09-30": 4, "2015-06-30": 19, "2015-03-31": "-44.00000", "2014-12-31": -17, "2014-09-30": -5, "2014-06-30": 29, "2014-03-31": "-12.00000", "2013-12-31": 1, "2013-09-30": -23, "2013-06-30": 19, "2013-03-31": "-5.00000", "2012-12-31": 49, "2012-09-30": -43, "2012-06-30": -17, "2012-03-31": "9.00000", "2011-12-31": 24, "2011-09-30": -26, "2011-06-30": -2, "2011-03-31": "-10.00000", "2010-12-31": -21, "2010-09-30": -54, "2010-06-30": -21, "2010-03-31": "-15.00000", "2009-12-31": -944, "2009-09-30": 65, "2009-06-30": 408, "2009-03-31": "582.00000", "2008-12-31": -83, "2008-09-30": -183, "2008-06-30": 183, "2008-03-31": "-46.00000", "2007-12-31": 100, "2007-09-30": 25, "2007-06-30": 285, "2007-03-31": "146.00000", "2006-12-31": -446, "2006-09-30": 14, "2006-06-30": -48, "2006-03-31": "-238.00000", "2005-12-31": -228, "2005-09-30": -36, "2005-06-30": 180, "2005-03-31": "65.00000"}, "Change In Accounts Payable": {"2020-12-31": 0, "2020-09-30": 0, "2020-06-30": 0, "2020-03-31": "", "2019-12-31": 0, "2019-09-30": 0, "2019-06-30": 0, "2019-03-31": "", "2018-12-31": 0, "2018-09-30": 0, "2018-06-30": 0, "2018-03-31": "", "2017-12-31": 0, "2017-09-30": 0, "2017-06-30": 0, "2017-03-31": "", "2016-12-31": 0, "2016-09-30": 0, "2016-06-30": 0, "2016-03-31": "", "2015-12-31": 0, "2015-09-30": 0, "2015-06-30": 0, "2015-03-31": "", "2014-12-31": 0, "2014-09-30": 0, "2014-06-30": 0, "2014-03-31": "", "2013-12-31": 0, "2013-09-30": 0, "2013-06-30": 0, "2013-03-31": "", "2012-12-31": 0, "2012-09-30": 0, "2012-06-30": 0, "2012-03-31": "", "2011-12-31": 0, "2011-09-30": 0, "2011-06-30": 0, "2011-03-31": "", "2010-12-31": 0, "2010-09-30": 0, "2010-06-30": 0, "2010-03-31": "", "2009-12-31": 0, "2009-09-30": 0, "2009-06-30": 0, "2009-03-31": "", "2008-12-31": 0, "2008-09-30": 0, "2008-06-30": 0, "2008-03-31": "", "2007-12-31": 0, "2007-09-30": 0, "2007-06-30": 0, "2007-03-31": "", "2006-12-31": 0, "2006-09-30": 0, "2006-06-30": 0, "2006-03-31": "", "2005-12-31": 0, "2005-09-30": 0, "2005-06-30": 0, "2005-03-31": ""}, "Change In Assets/Liabilities": {"2020-12-31": 161, "2020-09-30": -140, "2020-06-30": 77, "2020-03-31": "44.00000", "2019-12-31": -70, "2019-09-30": -16, "2019-06-30": 0, "2019-03-31": "130.00000", "2018-12-31": -41, "2018-09-30": -218, "2018-06-30": 36, "2018-03-31": "-551.00000", "2017-12-31": -12, "2017-09-30": -131, "2017-06-30": 69, "2017-03-31": "-69.00000", "2016-12-31": -144, "2016-09-30": -69, "2016-06-30": -29, "2016-03-31": "-60.00000", "2015-12-31": 15, "2015-09-30": 13, "2015-06-30": -24, "2015-03-31": "10.00000", "2014-12-31": -863, "2014-09-30": -486, "2014-06-30": 48, "2014-03-31": "-105.00000", "2013-12-31": 32, "2013-09-30": -5, "2013-06-30": 51, "2013-03-31": "-79.00000", "2012-12-31": 5, "2012-09-30": -201, "2012-06-30": -66, "2012-03-31": "-98.00000", "2011-12-31": -28, "2011-09-30": 77, "2011-06-30": -114, "2011-03-31": "-62.00000", "2010-12-31": -72, "2010-09-30": -135, "2010-06-30": -41, "2010-03-31": "-119.00000", "2009-12-31": -196, "2009-09-30": 71, "2009-06-30": 165, "2009-03-31": "225.00000", "2008-12-31": -214, "2008-09-30": -396, "2008-06-30": -249, "2008-03-31": "-82.00000", "2007-12-31": -461, "2007-09-30": -527, "2007-06-30": 207, "2007-03-31": "232.00000", "2006-12-31": -173, "2006-09-30": -410, "2006-06-30": 69, "2006-03-31": "-89.00000", "2005-12-31": -711, "2005-09-30": -377, "2005-06-30": -9, "2005-03-31": "-12.00000"}, "Total Change In Assets/Liabilities": {"2020-12-31": 186, "2020-09-30": -40, "2020-06-30": -64, "2020-03-31": "20.00000", "2019-12-31": 176, "2019-09-30": 79, "2019-06-30": -140, "2019-03-31": "-26.00000", "2018-12-31": 286, "2018-09-30": -44, "2018-06-30": 103, "2018-03-31": "-715.00000", "2017-12-31": 222, "2017-09-30": -110, "2017-06-30": -124, "2017-03-31": "-77.00000", "2016-12-31": 76, "2016-09-30": -11, "2016-06-30": 24, "2016-03-31": "-150.00000", "2015-12-31": 84, "2015-09-30": 25, "2015-06-30": -60, "2015-03-31": "28.00000", "2014-12-31": -1046, "2014-09-30": -350, "2014-06-30": -17, "2014-03-31": "-132.00000", "2013-12-31": 247, "2013-09-30": -109, "2013-06-30": -114, "2013-03-31": "-301.00000", "2012-12-31": 123, "2012-09-30": -217, "2012-06-30": -96, "2012-03-31": "-197.00000", "2011-12-31": -297, "2011-09-30": 153, "2011-06-30": -320, "2011-03-31": "-118.00000", "2010-12-31": 55, "2010-09-30": 89, "2010-06-30": -236, "2010-03-31": "-136.00000", "2009-12-31": 722, "2009-09-30": 161, "2009-06-30": -274, "2009-03-31": "-752.00000", "2008-12-31": -784, "2008-09-30": -137, "2008-06-30": 21, "2008-03-31": "-137.00000", "2007-12-31": 228, "2007-09-30": 141, "2007-06-30": -129, "2007-03-31": "2.00000", "2006-12-31": -248, "2006-09-30": 346, "2006-06-30": -1269, "2006-03-31": "-271.00000", "2005-12-31": 237, "2005-09-30": 254, "2005-06-30": -96, "2005-03-31": "-421.00000"}, "Cash Flow From Operating Activities": {"2020-12-31": 704, "2020-09-30": 392, "2020-06-30": 209, "2020-03-31": "308.00000", "2019-12-31": 795, "2019-09-30": 526, "2019-06-30": 251, "2019-03-31": "251.00000", "2018-12-31": 812, "2018-09-30": 338, "2018-06-30": 425, "2018-03-31": "-500.00000", "2017-12-31": 761, "2017-09-30": 270, "2017-06-30": 173, "2017-03-31": "142.00000", "2016-12-31": 513, "2016-09-30": 348, "2016-06-30": 291, "2016-03-31": "13.00000", "2015-12-31": 414, "2015-09-30": 301, "2015-06-30": 150, "2015-03-31": "156.00000", "2014-12-31": -652, "2014-09-30": -115, "2014-06-30": 118, "2014-03-31": "12.00000", "2013-12-31": 580, "2013-09-30": 75, "2013-06-30": -69, "2013-03-31": "-31.00000", "2012-12-31": 170, "2012-09-30": 182, "2012-06-30": 253, "2012-03-31": "69.00000", "2011-12-31": 44, "2011-09-30": 477, "2011-06-30": 94, "2011-03-31": "233.00000", "2010-12-31": 332, "2010-09-30": 309, "2010-06-30": 103, "2010-03-31": "59.00000", "2009-12-31": 1404, "2009-09-30": 87, "2009-06-30": 150, "2009-03-31": "-1014.00000", "2008-12-31": -366, "2008-09-30": 180, "2008-06-30": 204, "2008-03-31": "-343.00000", "2007-12-31": 470, "2007-09-30": 342, "2007-06-30": -35, "2007-03-31": "8.00000", "2006-12-31": 710, "2006-09-30": 1590, "2006-06-30": 489, "2006-03-31": "710.00000", "2005-12-31": 1800, "2005-09-30": 1169, "2005-06-30": 901, "2005-03-31": "438.00000"}, "Net Change In Property, Plant, And Equipment": {"2020-12-31": -66, "2020-09-30": -49, "2020-06-30": -54, "2020-03-31": "8.00000", "2019-12-31": -52, "2019-09-30": -60, "2019-06-30": -63, "2019-03-31": "-66.00000", "2018-12-31": -69, "2018-09-30": -46, "2018-06-30": -41, "2018-03-31": "-41.00000", "2017-12-31": -21, "2017-09-30": -85, "2017-06-30": -53, "2017-03-31": "-68.00000", "2016-12-31": -55, "2016-09-30": -46, "2016-06-30": -46, "2016-03-31": "-51.00000", "2015-12-31": -43, "2015-09-30": -49, "2015-06-30": -48, "2015-03-31": "-32.00000", "2014-12-31": -48, "2014-09-30": -42, "2014-06-30": -41, "2014-03-31": "-17.00000", "2013-12-31": -8, "2013-09-30": -31, "2013-06-30": -18, "2013-03-31": "-46.00000", "2012-12-31": 1, "2012-09-30": -39, "2012-06-30": -43, "2012-03-31": "-49.00000", "2011-12-31": -83, "2011-09-30": -41, "2011-06-30": -30, "2011-03-31": "-26.00000", "2010-12-31": -81, "2010-09-30": -37, "2010-06-30": -37, "2010-03-31": "-10.00000", "2009-12-31": 1, "2009-09-30": -5, "2009-06-30": -63, "2009-03-31": "-68.00000", "2008-12-31": -12, "2008-09-30": -40, "2008-06-30": -120, "2008-03-31": "-106.00000", "2007-12-31": -91, "2007-09-30": -73, "2007-06-30": -159, "2007-03-31": "-38.00000", "2006-12-31": -231, "2006-09-30": -139, "2006-06-30": -89, "2006-03-31": "-105.00000", "2005-12-31": -95, "2005-09-30": -140, "2005-06-30": -112, "2005-03-31": "-98.00000"}, "Net Change In Intangible Assets": {"2020-12-31": 0, "2020-09-30": 0, "2020-06-30": 0, "2020-03-31": "", "2019-12-31": 0, "2019-09-30": 0, "2019-06-30": 0, "2019-03-31": "", "2018-12-31": 0, "2018-09-30": 0, "2018-06-30": 0, "2018-03-31": "", "2017-12-31": 0, "2017-09-30": 0, "2017-06-30": 0, "2017-03-31": "", "2016-12-31": 0, "2016-09-30": 0, "2016-06-30": 0, "2016-03-31": "", "2015-12-31": 0, "2015-09-30": 0, "2015-06-30": 0, "2015-03-31": "", "2014-12-31": 0, "2014-09-30": 0, "2014-06-30": 0, "2014-03-31": "", "2013-12-31": 0, "2013-09-30": 0, "2013-06-30": 0, "2013-03-31": "", "2012-12-31": 0, "2012-09-30": 0, "2012-06-30": 0, "2012-03-31": "", "2011-12-31": 0, "2011-09-30": 0, "2011-06-30": 0, "2011-03-31": "", "2010-12-31": 0, "2010-09-30": 0, "2010-06-30": 0, "2010-03-31": "", "2009-12-31": 0, "2009-09-30": 0, "2009-06-30": 0, "2009-03-31": "", "2008-12-31": 0, "2008-09-30": 0, "2008-06-30": 0, "2008-03-31": "", "2007-12-31": 0, "2007-09-30": 0, "2007-06-30": 0, "2007-03-31": "", "2006-12-31": 0, "2006-09-30": 0, "2006-06-30": 0, "2006-03-31": "", "2005-12-31": 0, "2005-09-30": 0, "2005-06-30": 0, "2005-03-31": ""}, "Net Acquisitions/Divestitures": {"2020-12-31": -2, "2020-09-30": -179, "2020-06-30": -61, "2020-03-31": "-34.00000", "2019-12-31": -80, "2019-09-30": -252, "2019-06-30": 5, "2019-03-31": "-366.00000", "2018-12-31": -1, "2018-09-30": 6, "2018-06-30": -26, "2018-03-31": "-1048.00000", "2017-12-31": -12, "2017-09-30": -141, "2017-06-30": -15, "2017-03-31": "-53.00000", "2016-12-31": -226, "2016-09-30": -11, "2016-06-30": 5, "2016-03-31": "-572.00000", "2015-12-31": -356, "2015-09-30": -18, "2015-06-30": 4, "2015-03-31": "14.00000", "2014-12-31": -49, "2014-09-30": -8, "2014-06-30": 3, "2014-03-31": "7.00000", "2013-12-31": -24, "2013-09-30": 15, "2013-06-30": -2, "2013-03-31": "15.00000", "2012-12-31": 2, "2012-09-30": 22, "2012-06-30": -37, "2012-03-31": "38.00000", "2011-12-31": 54, "2011-09-30": -38, "2011-06-30": 1024, "2011-03-31": "52.00000", "2010-12-31": 10, "2010-09-30": -2, "2010-06-30": 218, "2010-03-31": "15.00000", "2009-12-31": 64, "2009-09-30": 71, "2009-06-30": 83, "2009-03-31": "122.00000", "2008-12-31": -65, "2008-09-30": 6, "2008-06-30": 17, "2008-03-31": "-120.00000", "2007-12-31": 251, "2007-09-30": -232, "2007-06-30": -95, "2007-03-31": "-4081.00000", "2006-12-31": 782, "2006-09-30": 162, "2006-06-30": -89, "2006-03-31": "78.00000", "2005-12-31": 267, "2005-09-30": 75, "2005-06-30": 567, "2005-03-31": "317.00000"}, "Net Change In Short-term Investments": {"2020-12-31": 0, "2020-09-30": 0, "2020-06-30": 0, "2020-03-31": "", "2019-12-31": 0, "2019-09-30": 0, "2019-06-30": 0, "2019-03-31": "", "2018-12-31": 0, "2018-09-30": 0, "2018-06-30": 0, "2018-03-31": "", "2017-12-31": 0, "2017-09-30": 0, "2017-06-30": 0, "2017-03-31": "", "2016-12-31": 0, "2016-09-30": 0, "2016-06-30": 0, "2016-03-31": "", "2015-12-31": 0, "2015-09-30": 0, "2015-06-30": 0, "2015-03-31": "", "2014-12-31": 0, "2014-09-30": 0, "2014-06-30": 0, "2014-03-31": "", "2013-12-31": 1167, "2013-09-30": 590, "2013-06-30": 489, "2013-03-31": "-113.00000", "2012-12-31": -375, "2012-09-30": 173, "2012-06-30": 114, "2012-03-31": "1163.00000", "2011-12-31": 1283, "2011-09-30": -41, "2011-06-30": -969, "2011-03-31": "1241.00000", "2010-12-31": 423, "2010-09-30": 295, "2010-06-30": -151, "2010-03-31": "-120.00000", "2009-12-31": -1022, "2009-09-30": -564, "2009-06-30": -675, "2009-03-31": "1525.00000", "2008-12-31": 249, "2008-09-30": 195, "2008-06-30": 26, "2008-03-31": "778.00000", "2007-12-31": 186, "2007-09-30": -192, "2007-06-30": 297, "2007-03-31": "6606.00000", "2006-12-31": -732, "2006-09-30": -1103, "2006-06-30": -543, "2006-03-31": "565.00000", "2005-12-31": -1136, "2005-09-30": -1231, "2005-06-30": -1139, "2005-03-31": "357.00000"}, "Net Change In Long-Term Investments": {"2020-12-31": 0, "2020-09-30": 0, "2020-06-30": 0, "2020-03-31": "", "2019-12-31": 0, "2019-09-30": 0, "2019-06-30": 0, "2019-03-31": "", "2018-12-31": 0, "2018-09-30": 0, "2018-06-30": 0, "2018-03-31": "", "2017-12-31": 0, "2017-09-30": 0, "2017-06-30": 0, "2017-03-31": "", "2016-12-31": 0, "2016-09-30": 0, "2016-06-30": 0, "2016-03-31": "", "2015-12-31": 0, "2015-09-30": 0, "2015-06-30": 0, "2015-03-31": "", "2014-12-31": 3403, "2014-09-30": 0, "2014-06-30": 0, "2014-03-31": "", "2013-12-31": 0, "2013-09-30": 0, "2013-06-30": 0, "2013-03-31": "", "2012-12-31": 0, "2012-09-30": 0, "2012-06-30": 0, "2012-03-31": "", "2011-12-31": 0, "2011-09-30": 0, "2011-06-30": 0, "2011-03-31": "", "2010-12-31": 0, "2010-09-30": 0, "2010-06-30": 0, "2010-03-31": "", "2009-12-31": 0, "2009-09-30": 0, "2009-06-30": 0, "2009-03-31": "", "2008-12-31": 0, "2008-09-30": 0, "2008-06-30": 0, "2008-03-31": "", "2007-12-31": 0, "2007-09-30": 0, "2007-06-30": 0, "2007-03-31": "", "2006-12-31": 0, "2006-09-30": 0, "2006-06-30": 0, "2006-03-31": "", "2005-12-31": 0, "2005-09-30": 0, "2005-06-30": 0, "2005-03-31": ""}, "Net Change In Investments - Total": {"2020-12-31": 0, "2020-09-30": 0, "2020-06-30": 0, "2020-03-31": "", "2019-12-31": 0, "2019-09-30": 0, "2019-06-30": 0, "2019-03-31": "", "2018-12-31": 0, "2018-09-30": 0, "2018-06-30": 0, "2018-03-31": "", "2017-12-31": 0, "2017-09-30": 0, "2017-06-30": 0, "2017-03-31": "", "2016-12-31": 0, "2016-09-30": 0, "2016-06-30": 0, "2016-03-31": "", "2015-12-31": 0, "2015-09-30": 0, "2015-06-30": 0, "2015-03-31": "", "2014-12-31": 3403, "2014-09-30": 0, "2014-06-30": 0, "2014-03-31": "", "2013-12-31": 1167, "2013-09-30": 590, "2013-06-30": 489, "2013-03-31": "-113.00000", "2012-12-31": -375, "2012-09-30": 173, "2012-06-30": 114, "2012-03-31": "1163.00000", "2011-12-31": 1283, "2011-09-30": -41, "2011-06-30": -969, "2011-03-31": "1241.00000", "2010-12-31": 423, "2010-09-30": 295, "2010-06-30": -151, "2010-03-31": "-120.00000", "2009-12-31": -1022, "2009-09-30": -564, "2009-06-30": -675, "2009-03-31": "1525.00000", "2008-12-31": 249, "2008-09-30": 195, "2008-06-30": 26, "2008-03-31": "778.00000", "2007-12-31": 186, "2007-09-30": -192, "2007-06-30": 297, "2007-03-31": "6606.00000", "2006-12-31": -732, "2006-09-30": -1103, "2006-06-30": -543, "2006-03-31": "565.00000", "2005-12-31": -1136, "2005-09-30": -1231, "2005-06-30": -1139, "2005-03-31": "357.00000"}, "Investing Activities - Other": {"2020-12-31": 0, "2020-09-30": 0, "2020-06-30": 0, "2020-03-31": "", "2019-12-31": 0, "2019-09-30": 0, "2019-06-30": 0, "2019-03-31": "", "2018-12-31": 0, "2018-09-30": 0, "2018-06-30": 0, "2018-03-31": "", "2017-12-31": 0, "2017-09-30": 0, "2017-06-30": 0, "2017-03-31": "", "2016-12-31": 0, "2016-09-30": 0, "2016-06-30": 0, "2016-03-31": "", "2015-12-31": 0, "2015-09-30": 0, "2015-06-30": 0, "2015-03-31": "", "2014-12-31": 0, "2014-09-30": 0, "2014-06-30": 0, "2014-03-31": "", "2013-12-31": 0, "2013-09-30": 0, "2013-06-30": 0, "2013-03-31": "", "2012-12-31": 0, "2012-09-30": 0, "2012-06-30": 0, "2012-03-31": "", "2011-12-31": 0, "2011-09-30": 0, "2011-06-30": 0, "2011-03-31": "", "2010-12-31": 0, "2010-09-30": 0, "2010-06-30": 0, "2010-03-31": "", "2009-12-31": 0, "2009-09-30": 0, "2009-06-30": 0, "2009-03-31": "", "2008-12-31": 1, "2008-09-30": 30, "2008-06-30": 81, "2008-03-31": "1.00000", "2007-12-31": 0, "2007-09-30": 0, "2007-06-30": 0, "2007-03-31": "", "2006-12-31": 0, "2006-09-30": 0, "2006-06-30": 0, "2006-03-31": "", "2005-12-31": 0, "2005-09-30": 0, "2005-06-30": 0, "2005-03-31": ""}, "Cash Flow From Investing Activities": {"2020-12-31": -68, "2020-09-30": -228, "2020-06-30": -115, "2020-03-31": "-26.00000", "2019-12-31": -132, "2019-09-30": -312, "2019-06-30": -58, "2019-03-31": "-432.00000", "2018-12-31": -70, "2018-09-30": -40, "2018-06-30": -67, "2018-03-31": "-1089.00000", "2017-12-31": -33, "2017-09-30": -226, "2017-06-30": -68, "2017-03-31": "-121.00000", "2016-12-31": -281, "2016-09-30": -57, "2016-06-30": -41, "2016-03-31": "-623.00000", "2015-12-31": -399, "2015-09-30": -67, "2015-06-30": -44, "2015-03-31": "-18.00000", "2014-12-31": 3306, "2014-09-30": -50, "2014-06-30": -38, "2014-03-31": "-10.00000", "2013-12-31": 1135, "2013-09-30": 574, "2013-06-30": 469, "2013-03-31": "-144.00000", "2012-12-31": -372, "2012-09-30": 156, "2012-06-30": 34, "2012-03-31": "1152.00000", "2011-12-31": 1254, "2011-09-30": -120, "2011-06-30": 25, "2011-03-31": "1267.00000", "2010-12-31": 352, "2010-09-30": 256, "2010-06-30": 30, "2010-03-31": "-115.00000", "2009-12-31": -957, "2009-09-30": -498, "2009-06-30": -655, "2009-03-31": "1579.00000", "2008-12-31": 173, "2008-09-30": 191, "2008-06-30": 4, "2008-03-31": "553.00000", "2007-12-31": 346, "2007-09-30": -497, "2007-06-30": 43, "2007-03-31": "2487.00000", "2006-12-31": -181, "2006-09-30": -1080, "2006-06-30": -721, "2006-03-31": "538.00000", "2005-12-31": -964, "2005-09-30": -1296, "2005-06-30": -684, "2005-03-31": "576.00000"}, "Net Long-Term Debt": {"2020-12-31": -3, "2020-09-30": -11, "2020-06-30": -4, "2020-03-31": "-4.00000", "2019-12-31": -604, "2019-09-30": 390, "2019-06-30": -13, "2019-03-31": "-8.00000", "2018-12-31": -116, "2018-09-30": -215, "2018-06-30": -148, "2018-03-31": "1246.00000", "2017-12-31": -3, "2017-09-30": -9, "2017-06-30": 2, "2017-03-31": "-1.00000", "2016-12-31": -683, "2016-09-30": -1, "2016-06-30": -1, "2016-03-31": "672.00000", "2015-12-31": -6, "2015-09-30": 975, "2015-06-30": -1, "2015-03-31": "-1.00000", "2014-12-31": -4, "2014-09-30": 912, "2014-06-30": -1, "2014-03-31": "3.00000", "2013-12-31": -1, "2013-09-30": -1, "2013-06-30": -1, "2013-03-31": "592.00000", "2012-12-31": -1, "2012-09-30": -1, "2012-06-30": 337, "2012-03-31": "-1.00000", "2011-12-31": -602, "2011-09-30": -1, "2011-06-30": -616, "2011-03-31": "", "2010-12-31": -527, "2010-09-30": -3, "2010-06-30": -480, "2010-03-31": "-1.00000", "2009-12-31": -2, "2009-09-30": -1, "2009-06-30": 0, "2009-03-31": "-129.00000", "2008-12-31": -111, "2008-09-30": 0, "2008-06-30": 0, "2008-03-31": "-114.00000", "2007-12-31": 196, "2007-09-30": 5, "2007-06-30": -9, "2007-03-31": "-163.00000", "2006-12-31": -13, "2006-09-30": -2, "2006-06-30": -1, "2006-03-31": "-2.00000", "2005-12-31": -1, "2005-09-30": -1131, "2005-06-30": 0, "2005-03-31": ""}, "Net Current Debt": {"2020-12-31": -200, "2020-09-30": -300, "2020-06-30": -300, "2020-03-31": "800.00000", "2019-12-31": 0, "2019-09-30": 0, "2019-06-30": 0, "2019-03-31": "", "2018-12-31": 0, "2018-09-30": 0, "2018-06-30": 0, "2018-03-31": "", "2017-12-31": 0, "2017-09-30": 0, "2017-06-30": 0, "2017-03-31": "", "2016-12-31": 0, "2016-09-30": 0, "2016-06-30": 0, "2016-03-31": "", "2015-12-31": 0, "2015-09-30": 0, "2015-06-30": 0, "2015-03-31": "", "2014-12-31": 0, "2014-09-30": 0, "2014-06-30": 0, "2014-03-31": "", "2013-12-31": 0, "2013-09-30": 0, "2013-06-30": 0, "2013-03-31": "", "2012-12-31": 0, "2012-09-30": 0, "2012-06-30": 0, "2012-03-31": "", "2011-12-31": 0, "2011-09-30": 0, "2011-06-30": 0, "2011-03-31": "", "2010-12-31": 0, "2010-09-30": 0, "2010-06-30": -1, "2010-03-31": "-4.00000", "2009-12-31": -15, "2009-09-30": -17, "2009-06-30": -23, "2009-03-31": "-31.00000", "2008-12-31": -13, "2008-09-30": 44, "2008-06-30": -27, "2008-03-31": "-54.00000", "2007-12-31": -80, "2007-09-30": -259, "2007-06-30": 38, "2007-03-31": "59.00000", "2006-12-31": 3, "2006-09-30": 21, "2006-06-30": 20, "2006-03-31": "22.00000", "2005-12-31": -14, "2005-09-30": 9, "2005-06-30": 20, "2005-03-31": "-4.00000"}, "Debt Issuance/Retirement Net - Total": {"2020-12-31": -203, "2020-09-30": -311, "2020-06-30": -304, "2020-03-31": "796.00000", "2019-12-31": -604, "2019-09-30": 390, "2019-06-30": -13, "2019-03-31": "-8.00000", "2018-12-31": -116, "2018-09-30": -215, "2018-06-30": -148, "2018-03-31": "1246.00000", "2017-12-31": -3, "2017-09-30": -9, "2017-06-30": 2, "2017-03-31": "-1.00000", "2016-12-31": -683, "2016-09-30": -1, "2016-06-30": -1, "2016-03-31": "672.00000", "2015-12-31": -6, "2015-09-30": 975, "2015-06-30": -1, "2015-03-31": "-1.00000", "2014-12-31": -4, "2014-09-30": 912, "2014-06-30": -1, "2014-03-31": "3.00000", "2013-12-31": -1, "2013-09-30": -1, "2013-06-30": -1, "2013-03-31": "592.00000", "2012-12-31": -1, "2012-09-30": -1, "2012-06-30": 337, "2012-03-31": "-1.00000", "2011-12-31": -602, "2011-09-30": -1, "2011-06-30": -616, "2011-03-31": "", "2010-12-31": -527, "2010-09-30": -3, "2010-06-30": -481, "2010-03-31": "-5.00000", "2009-12-31": -17, "2009-09-30": -18, "2009-06-30": -23, "2009-03-31": "-160.00000", "2008-12-31": -124, "2008-09-30": 44, "2008-06-30": -27, "2008-03-31": "-168.00000", "2007-12-31": 116, "2007-09-30": -254, "2007-06-30": 29, "2007-03-31": "-104.00000", "2006-12-31": -10, "2006-09-30": 19, "2006-06-30": 19, "2006-03-31": "20.00000", "2005-12-31": -15, "2005-09-30": -1122, "2005-06-30": 20, "2005-03-31": "-4.00000"}, "Net Common Equity Issued/Repurchased": {"2020-12-31": -122, "2020-09-30": -95, "2020-06-30": -39, "2020-03-31": "-248.00000", "2019-12-31": -113, "2019-09-30": 12, "2019-06-30": 0, "2019-03-31": "-100.00000", "2018-12-31": -37, "2018-09-30": 80, "2018-06-30": 6, "2018-03-31": "-13.00000", "2017-12-31": -104, "2017-09-30": -67, "2017-06-30": -74, "2017-03-31": "-156.00000", "2016-12-31": -101, "2016-09-30": -69, "2016-06-30": -555, "2016-03-31": "-24.00000", "2015-12-31": -166, "2015-09-30": -2025, "2015-06-30": -290, "2015-03-31": "-612.00000", "2014-12-31": -1430, "2014-09-30": -641, "2014-06-30": -345, "2014-03-31": "-43.00000", "2013-12-31": -305, "2013-09-30": -416, "2013-06-30": -491, "2013-03-31": "-317.00000", "2012-12-31": -272, "2012-09-30": -292, "2012-06-30": -406, "2012-03-31": "-1335.00000", "2011-12-31": -322, "2011-09-30": -724, "2011-06-30": 58, "2011-03-31": "70.00000", "2010-12-31": 27, "2010-09-30": 84, "2010-06-30": 5, "2010-03-31": "63.00000", "2009-12-31": 6, "2009-09-30": 54, "2009-06-30": 0, "2009-03-31": "56.00000", "2008-12-31": 59, "2008-09-30": 4, "2008-06-30": 76, "2008-03-31": "-132.00000", "2007-12-31": -406, "2007-09-30": -41, "2007-06-30": 166, "2007-03-31": "-2314.00000", "2006-12-31": -497, "2006-09-30": -1094, "2006-06-30": -574, "2006-03-31": "-743.00000", "2005-12-31": 3, "2005-09-30": 137, "2005-06-30": 127, "2005-03-31": "58.00000"}, "Net Total Equity Issued/Repurchased": {"2020-12-31": -122, "2020-09-30": -95, "2020-06-30": -39, "2020-03-31": "-248.00000", "2019-12-31": -113, "2019-09-30": 12, "2019-06-30": 0, "2019-03-31": "-100.00000", "2018-12-31": -37, "2018-09-30": 80, "2018-06-30": 6, "2018-03-31": "-13.00000", "2017-12-31": -104, "2017-09-30": -67, "2017-06-30": -74, "2017-03-31": "-156.00000", "2016-12-31": -101, "2016-09-30": -69, "2016-06-30": -555, "2016-03-31": "-24.00000", "2015-12-31": -166, "2015-09-30": -2025, "2015-06-30": -290, "2015-03-31": "-612.00000", "2014-12-31": -1430, "2014-09-30": -641, "2014-06-30": -345, "2014-03-31": "-43.00000", "2013-12-31": -305, "2013-09-30": -416, "2013-06-30": -491, "2013-03-31": "-317.00000", "2012-12-31": -272, "2012-09-30": -292, "2012-06-30": -406, "2012-03-31": "-1335.00000", "2011-12-31": -322, "2011-09-30": -724, "2011-06-30": 58, "2011-03-31": "70.00000", "2010-12-31": 27, "2010-09-30": 84, "2010-06-30": 5, "2010-03-31": "63.00000", "2009-12-31": 6, "2009-09-30": 54, "2009-06-30": 0, "2009-03-31": "56.00000", "2008-12-31": 59, "2008-09-30": 4, "2008-06-30": 76, "2008-03-31": "-132.00000", "2007-12-31": -406, "2007-09-30": -41, "2007-06-30": 166, "2007-03-31": "-2314.00000", "2006-12-31": -497, "2006-09-30": -1094, "2006-06-30": -574, "2006-03-31": "-743.00000", "2005-12-31": 3, "2005-09-30": 137, "2005-06-30": 127, "2005-03-31": "58.00000"}, "Total Common And Preferred Stock Dividends Paid": {"2020-12-31": -109, "2020-09-30": -109, "2020-06-30": -113, "2020-03-31": "-109.00000", "2019-12-31": -98, "2019-09-30": -94, "2019-06-30": -97, "2019-03-31": "-93.00000", "2018-12-31": -85, "2018-09-30": -84, "2018-06-30": -85, "2018-03-31": "-84.00000", "2017-12-31": -76, "2017-09-30": -76, "2017-06-30": -79, "2017-03-31": "-77.00000", "2016-12-31": -67, "2016-09-30": -70, "2016-06-30": -72, "2016-03-31": "-71.00000", "2015-12-31": -59, "2015-09-30": -70, "2015-06-30": -73, "2015-03-31": "-75.00000", "2014-12-31": -82, "2014-09-30": -78, "2014-06-30": -79, "2014-03-31": "-79.00000", "2013-12-31": -80, "2013-09-30": -69, "2013-06-30": -71, "2013-03-31": "-72.00000", "2012-12-31": -73, "2012-09-30": -63, "2012-06-30": -64, "2012-03-31": "-70.00000", "2011-12-31": -72, "2011-09-30": 0, "2011-06-30": 0, "2011-03-31": "", "2010-12-31": 0, "2010-09-30": 0, "2010-06-30": 0, "2010-03-31": "", "2009-12-31": 0, "2009-09-30": 0, "2009-06-30": 0, "2009-03-31": "-114.00000", "2008-12-31": -113, "2008-09-30": -113, "2008-06-30": -113, "2008-03-31": "-114.00000", "2007-12-31": -114, "2007-09-30": -115, "2007-06-30": -120, "2007-03-31": "-119.00000", "2006-12-31": -121, "2006-09-30": -123, "2006-06-30": -99, "2006-03-31": "-100.00000", "2005-12-31": -100, "2005-09-30": -98, "2005-06-30": -98, "2005-03-31": "-98.00000"}, "Financial Activities - Other": {"2020-12-31": 0, "2020-09-30": 0, "2020-06-30": 0, "2020-03-31": "", "2019-12-31": 0, "2019-09-30": -326, "2019-06-30": 0, "2019-03-31": "", "2018-12-31": -76, "2018-09-30": -169, "2018-06-30": 0, "2018-03-31": "", "2017-12-31": -2, "2017-09-30": 0, "2017-06-30": 0, "2017-03-31": "", "2016-12-31": 0, "2016-09-30": 0, "2016-06-30": 0, "2016-03-31": "", "2015-12-31": 4, "2015-09-30": 0, "2015-06-30": 0, "2015-03-31": "1.00000", "2014-12-31": 27, "2014-09-30": -29, "2014-06-30": 75, "2014-03-31": "31.00000", "2013-12-31": 156, "2013-09-30": 79, "2013-06-30": 146, "2013-03-31": "9.00000", "2012-12-31": 231, "2012-09-30": 0, "2012-06-30": -62, "2012-03-31": "-5.00000", "2011-12-31": -185, "2011-09-30": -15, "2011-06-30": -128, "2011-03-31": "-2991.00000", "2010-12-31": 153, "2010-09-30": 113, "2010-06-30": 133, "2010-03-31": "398.00000", "2009-12-31": -610, "2009-09-30": 543, "2009-06-30": 6, "2009-03-31": "", "2008-12-31": 596, "2008-09-30": -18, "2008-06-30": -6, "2008-03-31": "-1.00000", "2007-12-31": 12, "2007-09-30": 8, "2007-06-30": -53, "2007-03-31": "8.00000", "2006-12-31": 27, "2006-09-30": 41, "2006-06-30": 78, "2006-03-31": "-4.00000", "2005-12-31": 225, "2005-09-30": -48, "2005-06-30": 106, "2005-03-31": ""}, "Cash Flow From Financial Activities": {"2020-12-31": -434, "2020-09-30": -515, "2020-06-30": -456, "2020-03-31": "439.00000", "2019-12-31": -815, "2019-09-30": -18, "2019-06-30": -110, "2019-03-31": "-201.00000", "2018-12-31": -314, "2018-09-30": -388, "2018-06-30": -227, "2018-03-31": "1149.00000", "2017-12-31": -185, "2017-09-30": -152, "2017-06-30": -151, "2017-03-31": "-234.00000", "2016-12-31": -851, "2016-09-30": -140, "2016-06-30": -628, "2016-03-31": "577.00000", "2015-12-31": -227, "2015-09-30": -1120, "2015-06-30": -364, "2015-03-31": "-687.00000", "2014-12-31": -1489, "2014-09-30": 164, "2014-06-30": -350, "2014-03-31": "-88.00000", "2013-12-31": -230, "2013-09-30": -407, "2013-06-30": -417, "2013-03-31": "212.00000", "2012-12-31": -115, "2012-09-30": -356, "2012-06-30": -195, "2012-03-31": "-1411.00000", "2011-12-31": -1181, "2011-09-30": -740, "2011-06-30": -686, "2011-03-31": "-2921.00000", "2010-12-31": -347, "2010-09-30": 194, "2010-06-30": -343, "2010-03-31": "456.00000", "2009-12-31": -621, "2009-09-30": 579, "2009-06-30": -17, "2009-03-31": "-218.00000", "2008-12-31": 418, "2008-09-30": -83, "2008-06-30": -70, "2008-03-31": "-415.00000", "2007-12-31": -392, "2007-09-30": -402, "2007-06-30": 22, "2007-03-31": "-2529.00000", "2006-12-31": -601, "2006-09-30": -1157, "2006-06-30": -576, "2006-03-31": "-827.00000", "2005-12-31": 113, "2005-09-30": -1131, "2005-06-30": 155, "2005-03-31": "-44.00000"}, "Net Cash Flow": {"2020-12-31": 247, "2020-09-30": -334, "2020-06-30": -331, "2020-03-31": "671.00000", "2019-12-31": -139, "2019-09-30": 176, "2019-06-30": 67, "2019-03-31": "-360.00000", "2018-12-31": 406, "2018-09-30": -90, "2018-06-30": 83, "2018-03-31": "-410.00000", "2017-12-31": 551, "2017-09-30": -88, "2017-06-30": -24, "2017-03-31": "-201.00000", "2016-12-31": -657, "2016-09-30": 142, "2016-06-30": -395, "2016-03-31": "-40.00000", "2015-12-31": -220, "2015-09-30": -912, "2015-06-30": -241, "2015-03-31": "-601.00000", "2014-12-31": 1109, "2014-09-30": -31, "2014-06-30": -265, "2014-03-31": "-84.00000", "2013-12-31": 1504, "2013-09-30": 264, "2013-06-30": -13, "2013-03-31": "2.00000", "2012-12-31": -311, "2012-09-30": 7, "2012-06-30": 52, "2012-03-31": "-161.00000", "2011-12-31": 96, "2011-09-30": -418, "2011-06-30": -561, "2011-03-31": "-1444.00000", "2010-12-31": 360, "2010-09-30": 955, "2010-06-30": -295, "2010-03-31": "319.00000", "2009-12-31": -181, "2009-09-30": 169, "2009-06-30": -384, "2009-03-31": "201.00000", "2008-12-31": 90, "2008-09-30": 217, "2008-06-30": 64, "2008-03-31": "-59.00000", "2007-12-31": 437, "2007-09-30": -455, "2007-06-30": 33, "2007-03-31": "-79.00000", "2006-12-31": 66, "2006-09-30": -651, "2006-06-30": -799, "2006-03-31": "426.00000", "2005-12-31": 918, "2005-09-30": -1300, "2005-06-30": 360, "2005-03-31": "950.00000"}, "Stock-Based Compensation": {"2020-12-31": 29, "2020-09-30": 31, "2020-06-30": 31, "2020-03-31": "38.00000", "2019-12-31": 31, "2019-09-30": 30, "2019-06-30": 30, "2019-03-31": "27.00000", "2018-12-31": 20, "2018-09-30": 19, "2018-06-30": 17, "2018-03-31": "17.00000", "2017-12-31": 17, "2017-09-30": 16, "2017-06-30": 16, "2017-03-31": "17.00000", "2016-12-31": 16, "2016-09-30": 17, "2016-06-30": 18, "2016-03-31": "17.00000", "2015-12-31": 20, "2015-09-30": 18, "2015-06-30": 19, "2015-03-31": "21.00000", "2014-12-31": 20, "2014-09-30": 20, "2014-06-30": 26, "2014-03-31": "28.00000", "2013-12-31": 29, "2013-09-30": 29, "2013-06-30": 17, "2013-03-31": "45.00000", "2012-12-31": 7, "2012-09-30": 44, "2012-06-30": 52, "2012-03-31": "43.00000", "2011-12-31": 45, "2011-09-30": 45, "2011-06-30": 39, "2011-03-31": "39.00000", "2010-12-31": 36, "2010-09-30": 39, "2010-06-30": 36, "2010-03-31": "33.00000", "2009-12-31": -62, "2009-09-30": 49, "2009-06-30": 74, "2009-03-31": "76.00000", "2008-12-31": 16, "2008-09-30": 54, "2008-06-30": 88, "2008-03-31": "78.00000", "2007-12-31": 78, "2007-09-30": 80, "2007-06-30": 84, "2007-03-31": "73.00000", "2006-12-31": 68, "2006-09-30": 68, "2006-06-30": 65, "2006-03-31": "75.00000", "2005-12-31": 14, "2005-09-30": 0, "2005-06-30": -3, "2005-03-31": "3.00000"}, "Common Stock Dividends Paid": {"2020-12-31": -109, "2020-09-30": -109, "2020-06-30": -113, "2020-03-31": "-109.00000", "2019-12-31": -98, "2019-09-30": -94, "2019-06-30": -97, "2019-03-31": "-93.00000", "2018-12-31": -85, "2018-09-30": -84, "2018-06-30": -85, "2018-03-31": "-84.00000", "2017-12-31": -76, "2017-09-30": -76, "2017-06-30": -79, "2017-03-31": "-77.00000", "2016-12-31": -67, "2016-09-30": -70, "2016-06-30": -72, "2016-03-31": "-71.00000", "2015-12-31": -59, "2015-09-30": -70, "2015-06-30": -73, "2015-03-31": "-75.00000", "2014-12-31": -82, "2014-09-30": -78, "2014-06-30": -79, "2014-03-31": "-79.00000", "2013-12-31": -80, "2013-09-30": -69, "2013-06-30": -71, "2013-03-31": "-72.00000", "2012-12-31": -73, "2012-09-30": -63, "2012-06-30": -64, "2012-03-31": "-70.00000", "2011-12-31": -72, "2011-09-30": 0, "2011-06-30": 0, "2011-03-31": "", "2010-12-31": 0, "2010-09-30": 0, "2010-06-30": 0, "2010-03-31": "", "2009-12-31": 0, "2009-09-30": 0, "2009-06-30": 0, "2009-03-31": "-114.00000", "2008-12-31": -113, "2008-09-30": -113, "2008-06-30": -113, "2008-03-31": "-114.00000", "2007-12-31": -114, "2007-09-30": -115, "2007-06-30": -120, "2007-03-31": "-119.00000", "2006-12-31": -121, "2006-09-30": -123, "2006-06-30": -99, "2006-03-31": "-100.00000", "2005-12-31": -100, "2005-09-30": -98, "2005-06-30": -98, "2005-03-31": "-98.00000"}}, "financial ratios": {"Current Ratio": {"2019-12-31": "1.21490", "2018-12-31": "1.37980", "2017-12-31": "1.34770", "2016-12-31": "1.29990", "2015-12-31": "2.10620", "2014-12-31": "3.05730", "2013-12-31": "2.18010", "2012-12-31": "2.21920", "2011-12-31": "2.29830", "2010-12-31": "1.96950", "2009-12-31": "1.94070", "2008-12-31": "1.63490", "2007-12-31": "1.77780", "2006-12-31": "2.00810", "2005-12-31": "2.22540"}, "Long-term Debt / Capital": {"2019-12-31": "1.15420", "2018-12-31": "1.31800", "2017-12-31": "1.64150", "2016-12-31": "1.27670", "2015-12-31": "1.02260", "2014-12-31": "0.55110", "2013-12-31": "0.39980", "2012-12-31": "0.36100", "2011-12-31": "0.17650", "2010-12-31": "0.16030", "2009-12-31": "0.25400", "2008-12-31": "0.29900", "2007-12-31": "0.20530", "2006-12-31": "0.13620", "2005-12-31": "0.18580"}, "Debt/Equity Ratio": {"2019-12-31": "-7.50950", "2018-12-31": "-4.16930", "2017-12-31": "-2.58890", "2016-12-31": "-4.61760", "2015-12-31": "-45.30210", "2014-12-31": "1.22920", "2013-12-31": "0.66710", "2012-12-31": "0.56630", "2011-12-31": "0.29110", "2010-12-31": "0.24600", "2009-12-31": "0.39470", "2008-12-31": "0.43610", "2007-12-31": "0.27990", "2006-12-31": "0.25650", "2005-12-31": "0.25510"}, "Gross Margin": {"2019-12-31": "49.84150", "2018-12-31": "47.39210", "2017-12-31": "47.39810", "2016-12-31": "47.51570", "2015-12-31": "47.74360", "2014-12-31": "48.13810", "2013-12-31": "49.92770", "2012-12-31": "50.94910", "2011-12-31": "50.54250", "2010-12-31": "50.04600", "2009-12-31": "50.05040", "2008-12-31": "27.63150", "2007-12-31": "27.17490", "2006-12-31": "29.70340", "2005-12-31": "32.36760"}, "Operating Margin": {"2019-12-31": "20.04560", "2018-12-31": "17.09110", "2017-12-31": "20.12540", "2016-12-31": "17.35670", "2015-12-31": "17.45390", "2014-12-31": "-17.10590", "2013-12-31": "15.20800", "2012-12-31": "14.67540", "2011-12-31": "10.45960", "2010-12-31": "9.85950", "2009-12-31": "8.16180", "2008-12-31": "-10.12390", "2007-12-31": "-1.51000", "2006-12-31": "9.55030", "2005-12-31": "13.04160"}, "EBIT Margin": {"2019-12-31": "20.04560", "2018-12-31": "17.09110", "2017-12-31": "20.12540", "2016-12-31": "17.35670", "2015-12-31": "17.45390", "2014-12-31": "-17.10590", "2013-12-31": "15.20800", "2012-12-31": "14.67540", "2011-12-31": "10.45960", "2010-12-31": "9.85950", "2009-12-31": "8.16180", "2008-12-31": "-10.12390", "2007-12-31": "-1.51000", "2006-12-31": "9.55030", "2005-12-31": "13.04160"}, "EBITDA Margin": {"2019-12-31": "25.04120", "2018-12-31": "21.99370", "2017-12-31": "25.50160", "2016-12-31": "22.24250", "2015-12-31": "20.08780", "2014-12-31": "-14.16430", "2013-12-31": "17.74530", "2012-12-31": "17.08410", "2011-12-31": "14.92140", "2010-12-31": "14.49390", "2009-12-31": "13.74690", "2008-12-31": "-7.39180", "2007-12-31": "0.95570", "2006-12-31": "10.85260", "2005-12-31": "14.57090"}, "Pre-Tax Profit Margin": {"2019-12-31": "12.69180", "2018-12-31": "15.00750", "2017-12-31": "16.86520", "2016-12-31": "13.97810", "2015-12-31": "16.10180", "2014-12-31": "-19.74150", "2013-12-31": "14.13200", "2012-12-31": "14.05330", "2011-12-31": "8.99670", "2010-12-31": "8.71730", "2009-12-31": "9.11180", "2008-12-31": "-11.36250", "2007-12-31": "-1.02670", "2006-12-31": "10.75920", "2005-12-31": "18.15920"}, "Net Profit Margin": {"2019-12-31": "11.00550", "2018-12-31": "13.15540", "2017-12-31": "-2.42950", "2016-12-31": "9.27460", "2015-12-31": "10.71120", "2014-12-31": "22.08810", "2013-12-31": "17.64900", "2012-12-31": "14.05330", "2011-12-31": "14.11680", "2010-12-31": "8.31040", "2009-12-31": "-0.73410", "2008-12-31": "-16.90230", "2007-12-31": "-0.13380", "2006-12-31": "8.54440", "2005-12-31": "12.96520"}, "Asset Turnover": {"2019-12-31": "0.74110", "2018-12-31": "0.78040", "2017-12-31": "0.77730", "2016-12-31": "0.71350", "2015-12-31": "0.68240", "2014-12-31": "0.56420", "2013-12-31": "0.52540", "2012-12-31": "0.49440", "2011-12-31": "0.58890", "2010-12-31": "0.29780", "2009-12-31": "0.27130", "2008-12-31": "0.90100", "2007-12-31": "1.05200", "2006-12-31": "1.11020", "2005-12-31": "0.98630"}, "Inventory Turnover Ratio": {"2019-12-31": "8.85010", "2018-12-31": "10.85110", "2017-12-31": "10.26300", "2016-12-31": "11.60810", "2015-12-31": "10.05410", "2014-12-31": "8.84060", "2013-12-31": "8.98560", "2012-12-31": "5.99420", "2011-12-31": "7.92380", "2010-12-31": "7.30330", "2009-12-31": "3.16320", "2008-12-31": "6.83380", "2007-12-31": "9.40410", "2006-12-31": "9.52560", "2005-12-31": "9.86000"}, "Receiveable Turnover": {"2019-12-31": "5.58570", "2018-12-31": "5.67900", "2017-12-31": "4.18910", "2016-12-31": "4.28230", "2015-12-31": "4.18140", "2014-12-31": "4.17390", "2013-12-31": "4.54860", "2012-12-31": "3.33280", "2011-12-31": "4.39600", "2010-12-31": "4.92370", "2009-12-31": "2.44180", "2008-12-31": "7.18840", "2007-12-31": "6.87870", "2006-12-31": "5.70610", "2005-12-31": "6.24730"}, "Days Sales In Receivables": {"2019-12-31": "65.34550", "2018-12-31": "64.27140", "2017-12-31": "87.13090", "2016-12-31": "85.23520", "2015-12-31": "87.29240", "2014-12-31": "87.44860", "2013-12-31": "80.24490", "2012-12-31": "109.51750", "2011-12-31": "83.02940", "2010-12-31": "74.13090", "2009-12-31": "149.47820", "2008-12-31": "50.77640", "2007-12-31": "53.06260", "2006-12-31": "63.96680", "2005-12-31": "58.42480"}, "ROE - Return On Equity": {"2019-12-31": "-127.52560", "2018-12-31": "-75.94040", "2017-12-31": "8.74350", "2016-12-31": "-59.03360", "2015-12-31": "-669.79160", "2014-12-31": "-25.16270", "2013-12-31": "25.45410", "2012-12-31": "20.36470", "2011-12-31": "14.05010", "2010-12-31": "2.37550", "2009-12-31": "4.50270", "2008-12-31": "-46.24280", "2007-12-31": "-0.58910", "2006-12-31": "19.02350", "2005-12-31": "27.10370"}, "Return On Tangible Equity": {"2019-12-31": "-21.36380", "2018-12-31": "-24.10450", "2017-12-31": "4.28250", "2016-12-31": "-22.47100", "2015-12-31": "-124.61240", "2014-12-31": "-29.20690", "2013-12-31": "28.21510", "2012-12-31": "37.64050", "2011-12-31": "19.26680", "2010-12-31": "2.73070", "2009-12-31": "6.20730", "2008-12-31": "-65.65550", "2007-12-31": "-0.83120", "2006-12-31": "21.12590", "2005-12-31": "27.10370"}, "ROA - Return On Assets": {"2019-12-31": "8.18460", "2018-12-31": "10.29870", "2017-12-31": "-1.83970", "2016-12-31": "6.64070", "2015-12-31": "7.70430", "2014-12-31": "-6.67750", "2013-12-31": "7.92340", "2012-12-31": "5.28430", "2011-12-31": "5.31980", "2010-12-31": "1.02040", "2009-12-31": "1.73810", "2008-12-31": "-15.92090", "2007-12-31": "-0.26140", "2006-12-31": "8.44970", "2005-12-31": "12.62220"}, "ROI - Return On Investment": {"2019-12-31": "19.66140", "2018-12-31": "24.14650", "2017-12-31": "-5.60920", "2016-12-31": "16.33720", "2015-12-31": "15.13300", "2014-12-31": "-11.29500", "2013-12-31": "15.27820", "2012-12-31": "13.01220", "2011-12-31": "11.57090", "2010-12-31": "1.99470", "2009-12-31": "3.35900", "2008-12-31": "-32.41760", "2007-12-31": "-0.46820", "2006-12-31": "16.43150", "2005-12-31": "22.06650"}, "Book Value Per Share": {"2019-12-31": "-4.00590", "2018-12-31": "-7.80430", "2017-12-31": "-10.71340", "2016-12-31": "-5.78020", "2015-12-31": "-0.55080", "2014-12-31": "12.58420", "2013-12-31": "14.49510", "2012-12-31": "11.91600", "2011-12-31": "16.54330", "2010-12-31": "32.67020", "2009-12-31": "29.92130", "2008-12-31": "29.49480", "2007-12-31": "47.76480", "2006-12-31": "50.03670", "2005-12-31": "46.64990"}, "Operating Cash Flow Per Share": {"2019-12-31": 4.1316, "2018-12-31": -2.0127, "2017-12-31": 1.5325, "2016-12-31": 1.6707, "2015-12-31": 7.6531, "2014-12-31": -4.6454, "2013-12-31": -0.2145, "2012-12-31": -0.23, "2011-12-31": 0.1213, "2010-12-31": 0.4744, "2009-12-31": 2.9049, "2008-12-31": -3.3796, "2007-12-31": -7.4025, "2006-12-31": -2.1521, "2005-12-31": 11.9299}, "Free Cash Flow Per Share": {"2019-12-31": 3.9044, "2018-12-31": -1.7645, "2017-12-31": 1.2828, "2016-12-31": 1.3793, "2015-12-31": 7.4034, "2014-12-31": -4.8673, "2013-12-31": -0.1582, "2012-12-31": -0.1372, "2011-12-31": 0.0794, "2010-12-31": 0.3956, "2009-12-31": 3.3548, "2008-12-31": -3.1464, "2007-12-31": -6.9188, "2006-12-31": -2.4958, "2005-12-31": 10.6976}}, "financial ratios, quarterly": {"Current Ratio": {"2020-09-30": "1.19900", "2020-06-30": "1.17410", "2020-03-31": "1.15520", "2019-12-31": "1.21490", "2019-09-30": "1.13620", "2019-06-30": "1.33210", "2019-03-31": "1.24670", "2018-12-31": "1.37980", "2018-09-30": "1.18650", "2018-06-30": "1.22550", "2018-03-31": "1.16960", "2017-12-31": "1.34770", "2017-09-30": "1.30160", "2017-06-30": "1.33240", "2017-03-31": "1.28850", "2016-12-31": "1.29990", "2016-09-30": "1.76030", "2016-06-30": "1.73450", "2016-03-31": "1.96900", "2015-12-31": "2.10620", "2015-09-30": "2.35930", "2015-06-30": "2.85740", "2015-03-31": "2.97620", "2014-12-31": "3.05730", "2014-09-30": "2.37040", "2014-06-30": "2.41660", "2014-03-31": "2.24090", "2013-12-31": "2.18010", "2013-09-30": "2.31690", "2013-06-30": "2.44850", "2013-03-31": "2.54970", "2012-12-31": "2.21920", "2012-09-30": "2.32670", "2012-06-30": "2.41570", "2012-03-31": "2.05890", "2011-12-31": "2.29830", "2011-09-30": "2.33030", "2011-06-30": "2.48580", "2011-03-31": "2.21470", "2010-12-31": "1.96950", "2010-09-30": "1.99480", "2010-06-30": "2.03040", "2010-03-31": "2.01910", "2009-12-31": "1.94070", "2009-09-30": "2.01640", "2009-06-30": "1.92010", "2009-03-31": "1.73490", "2008-12-31": "1.63490", "2008-09-30": "1.67340", "2008-06-30": "1.74690", "2008-03-31": "1.73940", "2007-12-31": "1.77780", "2007-09-30": "1.67930", "2007-06-30": "1.69380", "2007-03-31": "1.59950", "2006-12-31": "2.00810", "2006-09-30": "2.17780", "2006-06-30": "2.35840", "2006-03-31": "2.25850", "2005-12-31": "2.22540", "2005-09-30": "2.09740", "2005-06-30": "2.25900", "2005-03-31": "2.10460"}, "Long-term Debt / Capital": {"2020-09-30": "1.16730", "2020-06-30": "1.18970", "2020-03-31": "1.22240", "2019-12-31": "1.15420", "2019-09-30": "1.26910", "2019-06-30": "1.21880", "2019-03-31": "1.25970", "2018-12-31": "1.31800", "2018-09-30": "1.37700", "2018-06-30": "1.39200", "2018-03-31": "1.40880", "2017-12-31": "1.64150", "2017-09-30": "1.22690", "2017-06-30": "1.28330", "2017-03-31": "1.30710", "2016-12-31": "1.27670", "2016-09-30": "1.14740", "2016-06-30": "1.15590", "2016-03-31": "1.02800", "2015-12-31": "1.02260", "2015-09-30": "1.07290", "2015-06-30": "0.65050", "2015-03-31": "0.61830", "2014-12-31": "0.55110", "2014-09-30": "0.51200", "2014-06-30": "0.36980", "2014-03-31": "0.39650", "2013-12-31": "0.39980", "2013-09-30": "0.47610", "2013-06-30": "0.46520", "2013-03-31": "0.43970", "2012-12-31": "0.36100", "2012-09-30": "0.32310", "2012-06-30": "0.32460", "2012-03-31": "0.21500", "2011-12-31": "0.17650", "2011-09-30": "0.19980", "2011-06-30": "0.18490", "2011-03-31": "0.24630", "2010-12-31": "0.16030", "2010-09-30": "0.21360", "2010-06-30": "0.22150", "2010-03-31": "0.25130", "2009-12-31": "0.25400", "2009-09-30": "0.28230", "2009-06-30": "0.28830", "2009-03-31": "0.29280", "2008-12-31": "0.29900", "2008-09-30": "0.21390", "2008-06-30": "0.20710", "2008-03-31": "0.21160", "2007-12-31": "0.20530", "2007-09-30": "0.14870", "2007-06-30": "0.14760", "2007-03-31": "0.14920", "2006-12-31": "0.13620", "2006-09-30": "0.18070", "2006-06-30": "0.17870", "2006-03-31": "0.18540", "2005-12-31": "0.18580", "2005-09-30": "0.20140", "2005-06-30": "0.25340", "2005-03-31": "0.24940"}, "Debt/Equity Ratio": {"2020-09-30": "-7.26220", "2020-06-30": "-6.90550", "2020-03-31": "-6.37100", "2019-12-31": "-7.50950", "2019-09-30": "-5.28510", "2019-06-30": "-5.60060", "2019-03-31": "-4.87610", "2018-12-31": "-4.16930", "2018-09-30": "-3.89390", "2018-06-30": "-3.78350", "2018-03-31": "-3.76610", "2017-12-31": "-2.58890", "2017-09-30": "-5.46450", "2017-06-30": "-4.57680", "2017-03-31": "-4.29890", "2016-12-31": "-4.61760", "2016-09-30": "-7.79170", "2016-06-30": "-7.42330", "2016-03-31": "-36.69340", "2015-12-31": "-45.30210", "2015-09-30": "-14.73150", "2015-06-30": "1.86340", "2015-03-31": "1.62180", "2014-12-31": "1.22920", "2014-09-30": "1.05030", "2014-06-30": "0.58770", "2014-03-31": "0.65810", "2013-12-31": "0.66710", "2013-09-30": "0.91020", "2013-06-30": "0.87120", "2013-03-31": "0.78600", "2012-12-31": "0.56630", "2012-09-30": "0.47830", "2012-06-30": "0.48150", "2012-03-31": "0.37230", "2011-12-31": "0.29110", "2011-09-30": "0.34800", "2011-06-30": "0.31570", "2011-03-31": "0.42120", "2010-12-31": "0.24600", "2010-09-30": "0.32200", "2010-06-30": "0.33640", "2010-03-31": "0.38870", "2009-12-31": "0.39470", "2009-09-30": "0.39580", "2009-06-30": "0.40930", "2009-03-31": "0.42080", "2008-12-31": "0.43610", "2008-09-30": "0.28490", "2008-06-30": "0.27070", "2008-03-31": "0.27980", "2007-12-31": "0.27990", "2007-09-30": "0.27590", "2007-06-30": "0.29170", "2007-03-31": "0.29410", "2006-12-31": "0.25650", "2006-09-30": "0.25020", "2006-06-30": "0.24590", "2006-03-31": "0.25600", "2005-12-31": "0.25510", "2005-09-30": "0.27390", "2005-06-30": "0.36240", "2005-03-31": "0.38390"}, "Gross Margin": {"2020-09-30": "48.66170", "2020-06-30": "47.34240", "2020-03-31": "47.55290", "2019-12-31": "51.34680", "2019-09-30": "50.50150", "2019-06-30": "50.05380", "2019-03-31": "46.65060", "2018-12-31": "48.29120", "2018-09-30": "48.38880", "2018-06-30": "46.70450", "2018-03-31": "45.57220", "2017-12-31": "49.56570", "2017-09-30": "48.26750", "2017-06-30": "46.09220", "2017-03-31": "44.49650", "2016-12-31": "49.33620", "2016-09-30": "49.73890", "2016-06-30": "47.27270", "2016-03-31": "42.07880", "2015-12-31": "49.82160", "2015-09-30": "48.17160", "2015-06-30": "47.36840", "2015-03-31": "44.80790", "2014-12-31": "50.05480", "2014-09-30": "47.70200", "2014-06-30": "47.09260", "2014-03-31": "46.98700", "2013-12-31": "51.53230", "2013-09-30": "50.42850", "2013-06-30": "50.10020", "2013-03-31": "48.40350", "2012-12-31": "50.34820", "2012-09-30": "50.48770", "2012-06-30": "49.34820", "2012-03-31": "49.74440", "2011-12-31": "50.43480", "2011-09-30": "50.59950", "2011-06-30": "50.75610", "2011-03-31": "50.38170", "2010-12-31": "50.66400", "2010-09-30": "50.52410", "2010-06-30": "49.84500", "2010-03-31": "49.02300", "2009-12-31": "36.10530", "2009-09-30": "33.18730", "2009-06-30": "31.10790", "2009-03-31": "27.85330", "2008-12-31": "29.73660", "2008-09-30": "24.10430", "2008-06-30": "28.76760", "2008-03-31": "28.79970", "2007-12-31": "26.33220", "2007-09-30": "28.43040", "2007-06-30": "28.09210", "2007-03-31": "26.01510", "2006-12-31": "25.97330", "2006-09-30": "31.78350", "2006-06-30": "31.02590", "2006-03-31": "30.50580", "2005-12-31": "31.60670", "2005-09-30": "32.37180", "2005-06-30": "32.79020", "2005-03-31": "32.54500"}, "Operating Margin": {"2020-09-30": "18.84370", "2020-06-30": "13.47340", "2020-03-31": "15.64960", "2019-12-31": "24.83170", "2019-09-30": "20.71210", "2019-06-30": "18.76340", "2019-03-31": "13.82020", "2018-12-31": "22.94720", "2018-09-30": "15.78950", "2018-06-30": "15.51140", "2018-03-31": "11.64850", "2017-12-31": "25.70260", "2017-09-30": "21.09420", "2017-06-30": "17.43490", "2017-03-31": "13.50510", "2016-12-31": "20.33990", "2016-09-30": "22.25850", "2016-06-30": "15.66430", "2016-03-31": "8.38220", "2015-12-31": "23.18670", "2015-09-30": "16.24470", "2015-06-30": "18.56730", "2015-03-31": "9.73020", "2014-12-31": "-79.93420", "2014-09-30": "14.41500", "2014-06-30": "9.90670", "2014-03-31": "8.71340", "2013-12-31": "22.74190", "2013-09-30": "16.21620", "2013-06-30": "13.56050", "2013-03-31": "10.94780", "2012-12-31": "17.32900", "2012-09-30": "15.04880", "2012-06-30": "12.94230", "2012-03-31": "11.86090", "2011-12-31": "12.00000", "2011-09-30": "12.18230", "2011-06-30": "8.01410", "2011-03-31": "9.21480", "2010-12-31": "12.73980", "2010-09-30": "11.05870", "2010-06-30": "8.31610", "2010-03-31": "6.89660", "2009-12-31": "1.83870", "2009-09-30": "-0.25370", "2009-06-30": "0.18190", "2009-03-31": "-8.35970", "2008-12-31": "-23.47250", "2008-09-30": "-6.04280", "2008-06-30": "0.06190", "2008-03-31": "-3.61170", "2007-12-31": "-0.19700", "2007-09-30": "-0.11350", "2007-06-30": "-1.80940", "2007-03-31": "-3.88000", "2006-12-31": "6.37270", "2006-09-30": "9.12950", "2006-06-30": "14.06650", "2006-03-31": "8.83640", "2005-12-31": "17.04350", "2005-09-30": "11.93630", "2005-06-30": "11.39390", "2005-03-31": "10.59920"}, "EBIT Margin": {"2020-09-30": "18.84370", "2020-06-30": "13.47340", "2020-03-31": "15.64960", "2019-12-31": "24.83170", "2019-09-30": "20.71210", "2019-06-30": "18.76340", "2019-03-31": "13.82020", "2018-12-31": "22.94720", "2018-09-30": "15.78950", "2018-06-30": "15.51140", "2018-03-31": "11.64850", "2017-12-31": "25.70260", "2017-09-30": "21.09420", "2017-06-30": "17.43490", "2017-03-31": "13.50510", "2016-12-31": "20.33990", "2016-09-30": "22.25850", "2016-06-30": "15.66430", "2016-03-31": "8.38220", "2015-12-31": "23.18670", "2015-09-30": "16.24470", "2015-06-30": "18.56730", "2015-03-31": "9.73020", "2014-12-31": "-79.93420", "2014-09-30": "14.41500", "2014-06-30": "9.90670", "2014-03-31": "8.71340", "2013-12-31": "22.74190", "2013-09-30": "16.21620", "2013-06-30": "13.56050", "2013-03-31": "10.94780", "2012-12-31": "17.32900", "2012-09-30": "15.04880", "2012-06-30": "12.94230", "2012-03-31": "11.86090", "2011-12-31": "12.00000", "2011-09-30": "12.18230", "2011-06-30": "8.01410", "2011-03-31": "9.21480", "2010-12-31": "12.73980", "2010-09-30": "11.05870", "2010-06-30": "8.31610", "2010-03-31": "6.89660", "2009-12-31": "1.83870", "2009-09-30": "-0.25370", "2009-06-30": "0.18190", "2009-03-31": "-8.35970", "2008-12-31": "-23.47250", "2008-09-30": "-6.04280", "2008-06-30": "0.06190", "2008-03-31": "-3.61170", "2007-12-31": "-0.19700", "2007-09-30": "-0.11350", "2007-06-30": "-1.80940", "2007-03-31": "-3.88000", "2006-12-31": "6.37270", "2006-09-30": "9.12950", "2006-06-30": "14.06650", "2006-03-31": "8.83640", "2005-12-31": "17.04350", "2005-09-30": "11.93630", "2005-06-30": "11.39390", "2005-03-31": "10.59920"}, "EBITDA Margin": {"2020-09-30": "", "2020-06-30": "", "2020-03-31": "", "2019-12-31": "", "2019-09-30": "", "2019-06-30": "", "2019-03-31": "", "2018-12-31": "", "2018-09-30": "", "2018-06-30": "", "2018-03-31": "", "2017-12-31": "", "2017-09-30": "", "2017-06-30": "", "2017-03-31": "", "2016-12-31": "", "2016-09-30": "", "2016-06-30": "", "2016-03-31": "", "2015-12-31": "", "2015-09-30": "", "2015-06-30": "", "2015-03-31": "", "2014-12-31": "", "2014-09-30": "", "2014-06-30": "", "2014-03-31": "", "2013-12-31": "", "2013-09-30": "", "2013-06-30": "", "2013-03-31": "", "2012-12-31": "", "2012-09-30": "", "2012-06-30": "", "2012-03-31": "", "2011-12-31": "", "2011-09-30": "", "2011-06-30": "", "2011-03-31": "", "2010-12-31": "", "2010-09-30": "", "2010-06-30": "", "2010-03-31": "", "2009-12-31": "", "2009-09-30": "", "2009-06-30": "", "2009-03-31": "", "2008-12-31": "", "2008-09-30": "", "2008-06-30": "", "2008-03-31": "", "2007-12-31": "", "2007-09-30": "", "2007-06-30": "", "2007-03-31": "", "2006-12-31": "", "2006-09-30": "", "2006-06-30": "", "2006-03-31": "", "2005-12-31": "", "2005-09-30": "", "2005-06-30": "", "2005-03-31": ""}, "Pre-Tax Profit Margin": {"2020-09-30": "13.43680", "2020-06-30": "10.87760", "2020-03-31": "13.53470", "2019-12-31": "8.12290", "2019-09-30": "17.45240", "2019-06-30": "14.78500", "2019-03-31": "11.16480", "2018-12-31": "20.63920", "2018-09-30": "14.50050", "2018-06-30": "12.89770", "2018-03-31": "9.53680", "2017-12-31": "23.76090", "2017-09-30": "17.38600", "2017-06-30": "13.69410", "2017-03-31": "9.36770", "2016-12-31": "19.22460", "2016-09-30": "19.12530", "2016-06-30": "11.67830", "2016-03-31": "1.84410", "2015-12-31": "22.41380", "2015-09-30": "13.85370", "2015-06-30": "15.71640", "2015-03-31": "10.46610", "2014-12-31": "-82.18200", "2014-09-30": "10.51530", "2014-06-30": "7.03520", "2014-03-31": "7.24760", "2013-12-31": "20.64520", "2013-09-30": "16.54580", "2013-06-30": "11.22250", "2013-03-31": "10.39030", "2012-12-31": "16.67350", "2012-09-30": "15.04880", "2012-06-30": "11.17320", "2012-03-31": "12.47440", "2011-12-31": "11.60870", "2011-09-30": "11.41490", "2011-06-30": "3.07460", "2011-03-31": "9.37840", "2010-12-31": "11.51010", "2010-09-30": "10.06290", "2010-06-30": "6.66320", "2010-03-31": "6.26440", "2009-12-31": "2.50730", "2009-09-30": "-2.42160", "2009-06-30": "0.60030", "2009-03-31": "-8.08040", "2008-12-31": "-24.15920", "2008-09-30": "-7.94120", "2008-06-30": "-0.71760", "2008-03-31": "-3.45060", "2007-12-31": "0.48720", "2007-09-30": "0.09080", "2007-06-30": "-1.19100", "2007-03-31": "-3.46660", "2006-12-31": "5.78880", "2006-09-30": "10.89310", "2006-06-30": "15.92420", "2006-03-31": "10.90760", "2005-12-31": "16.75470", "2005-09-30": "24.97790", "2005-06-30": "16.54380", "2005-03-31": "13.31950"}, "Net Profit Margin": {"2020-09-30": "10.97430", "2020-06-30": "8.34360", "2020-03-31": "11.90330", "2019-12-31": "10.22730", "2019-09-30": "13.39020", "2019-06-30": "11.12900", "2019-03-31": "9.11290", "2018-12-31": "18.73060", "2018-09-30": "13.26530", "2018-06-30": "10.22730", "2018-03-31": "7.97000", "2017-12-31": "-29.38170", "2017-09-30": "12.88750", "2017-06-30": "8.75080", "2017-03-31": "6.01090", "2016-12-31": "12.95810", "2016-09-30": "12.53260", "2016-06-30": "7.48250", "2016-03-31": "1.42500", "2015-12-31": "16.58740", "2015-09-30": "8.08720", "2015-06-30": "10.38010", "2015-03-31": "6.05070", "2014-12-31": "11.01970", "2014-09-30": "10.23680", "2014-06-30": "59.15290", "2014-03-31": "10.34200", "2013-12-31": "27.58070", "2013-09-30": "20.23730", "2013-06-30": "17.23450", "2013-03-31": "9.73140", "2012-12-31": "13.76490", "2012-09-30": "9.56800", "2012-06-30": "8.47300", "2012-03-31": "8.02660", "2011-12-31": "8.00000", "2011-09-30": "6.13910", "2011-06-30": "17.59070", "2011-03-31": "27.09920", "2010-12-31": "14.36300", "2010-09-30": "5.76520", "2010-06-30": "8.36780", "2010-03-31": "3.96550", "2009-12-31": "2.96700", "2009-09-30": "0.27680", "2009-06-30": "0.47300", "2009-03-31": "-4.30090", "2008-12-31": "-51.24720", "2008-09-30": "-5.30750", "2008-06-30": "0.04950", "2008-03-31": "-2.60470", "2007-12-31": "1.03670", "2007-09-30": "0.68100", "2007-06-30": "-0.32070", "2007-03-31": "-1.91880", "2006-12-31": "5.27250", "2006-09-30": "9.12950", "2006-06-30": "12.79110", "2006-03-31": "7.13990", "2005-12-31": "11.97330", "2005-09-30": "19.35230", "2005-06-30": "11.09660", "2005-03-31": "8.47940"}, "Asset Turnover": {"2020-09-30": "0.18030", "2020-06-30": "0.15600", "2020-03-31": "0.15440", "2019-12-31": "0.22330", "2019-09-30": "0.19220", "2019-06-30": "0.18650", "2019-03-31": "0.16580", "2018-12-31": "0.23950", "2018-09-30": "0.20770", "2018-06-30": "0.19820", "2018-03-31": "0.16220", "2017-12-31": "0.23840", "2017-09-30": "0.19090", "2017-06-30": "0.18050", "2017-03-31": "0.15740", "2016-12-31": "0.22250", "2016-09-30": "0.17770", "2016-06-30": "0.16890", "2016-03-31": "0.13180", "2015-12-31": "0.20150", "2015-09-30": "0.17590", "2015-06-30": "0.14930", "2015-03-31": "0.12980", "2014-12-31": "0.17500", "2014-09-30": "0.11780", "2014-06-30": "0.11740", "2014-03-31": "0.10570", "2013-12-31": "0.10460", "2013-09-30": "0.12580", "2013-06-30": "0.12310", "2013-03-31": "0.15660", "2012-12-31": "0.19250", "2012-09-30": "0.17910", "2012-06-30": "0.17620", "2012-03-31": "0.15720", "2011-12-31": "0.16510", "2011-09-30": "0.14120", "2011-06-30": "0.12720", "2011-03-31": "0.11070", "2010-12-31": "0.07950", "2010-09-30": "0.07360", "2010-06-30": "0.07800", "2010-03-31": "0.06890", "2009-12-31": "0.18690", "2009-09-30": "0.17310", "2009-06-30": "0.21900", "2009-03-31": "0.20850", "2008-12-31": "0.25610", "2008-09-30": "0.22590", "2008-06-30": "0.23950", "2008-03-31": "0.21820", "2007-12-31": "0.27710", "2007-09-30": "0.25340", "2007-06-30": "0.25230", "2007-03-31": "0.25940", "2006-12-31": "0.30620", "2006-09-30": "0.28340", "2006-06-30": "0.30050", "2006-03-31": "0.26910", "2005-12-31": "0.28040", "2005-09-30": "0.27040", "2005-06-30": "0.26060", "2005-03-31": "0.26340"}, "Inventory Turnover Ratio": {"2020-09-30": "1.96110", "2020-06-30": "1.89760", "2020-03-31": "1.96380", "2019-12-31": "2.58610", "2019-09-30": "2.14570", "2019-06-30": "2.19100", "2019-03-31": "2.08000", "2018-12-31": "3.27250", "2018-09-30": "2.61850", "2018-06-30": "2.39900", "2018-03-31": "1.81180", "2017-12-31": "3.01830", "2017-09-30": "2.33790", "2017-06-30": "2.06390", "2017-03-31": "2.06090", "2016-12-31": "3.49450", "2016-09-30": "2.72080", "2016-06-30": "2.65490", "2016-03-31": "2.40770", "2015-12-31": "2.85140", "2015-09-30": "2.20660", "2015-06-30": "1.97800", "2015-03-31": "1.77170", "2014-12-31": "2.64060", "2014-09-30": "2.26890", "2014-06-30": "2.23330", "2014-03-31": "1.13020", "2013-12-31": "1.73200", "2013-09-30": "1.44340", "2013-06-30": "1.50000", "2013-03-31": "1.97670", "2012-12-31": "2.36260", "2012-09-30": "1.98140", "2012-06-30": "2.22950", "2012-03-31": "2.08700", "2011-12-31": "2.22660", "2011-09-30": "1.87960", "2011-06-30": "1.87160", "2011-03-31": "1.74660", "2010-12-31": "1.92510", "2010-09-30": "0.69720", "2010-06-30": "0.74750", "2010-03-31": "0.70900", "2009-12-31": "2.78760", "2009-09-30": "1.90220", "2009-06-30": "2.28130", "2009-03-31": "1.87110", "2008-12-31": "1.88570", "2008-09-30": "2.14310", "2008-06-30": "2.08740", "2008-03-31": "1.80310", "2007-12-31": "2.50560", "2007-09-30": "2.10550", "2007-06-30": "2.08190", "2007-03-31": "2.11420", "2006-12-31": "2.76630", "2006-09-30": "2.66310", "2006-06-30": "2.74780", "2006-03-31": "2.41570", "2005-12-31": "2.83480", "2005-09-30": "2.65810", "2005-06-30": "2.48290", "2005-03-31": "2.21980"}, "Receiveable Turnover": {"2020-09-30": "1.61730", "2020-06-30": "1.42680", "2020-03-31": "1.47500", "2019-12-31": "1.68270", "2019-09-30": "1.53980", "2019-06-30": "1.54230", "2019-03-31": "1.44090", "2018-12-31": "1.74250", "2018-09-30": "1.57930", "2018-06-30": "1.51860", "2018-03-31": "1.24510", "2017-12-31": "1.28500", "2017-09-30": "1.19030", "2017-06-30": "1.23620", "2017-03-31": "1.19720", "2016-12-31": "1.33550", "2016-09-30": "1.31620", "2016-06-30": "1.32040", "2016-03-31": "1.03920", "2015-12-31": "1.23490", "2015-09-30": "1.16370", "2015-06-30": "1.19890", "2015-03-31": "1.12820", "2014-12-31": "1.29450", "2014-09-30": "1.23580", "2014-06-30": "1.17550", "2014-03-31": "0.71110", "2013-12-31": "0.90580", "2013-09-30": "0.83210", "2013-06-30": "0.87700", "2013-03-31": "1.20010", "2012-12-31": "1.29770", "2012-09-30": "1.26350", "2012-06-30": "1.35090", "2012-03-31": "1.13920", "2011-12-31": "1.23260", "2011-09-30": "1.35830", "2011-06-30": "1.28330", "2011-03-31": "1.30440", "2010-12-31": "1.31420", "2010-09-30": "0.58960", "2010-06-30": "0.55870", "2010-03-31": "0.56380", "2009-12-31": "1.68230", "2009-09-30": "1.27450", "2009-06-30": "1.49010", "2009-03-31": "1.45600", "2008-12-31": "2.04290", "2008-09-30": "1.72750", "2008-06-30": "1.79800", "2008-03-31": "1.56140", "2007-12-31": "1.81180", "2007-09-30": "1.70590", "2007-06-30": "1.58990", "2007-03-31": "1.38500", "2006-12-31": "1.57360", "2006-09-30": "1.48610", "2006-06-30": "1.68540", "2006-03-31": "1.64020", "2005-12-31": "1.77620", "2005-09-30": "1.59860", "2005-06-30": "1.60640", "2005-03-31": "1.74900"}, "Days Sales In Receivables": {"2020-09-30": "55.64780", "2020-06-30": "63.07790", "2020-03-31": "61.01510", "2019-12-31": "53.48490", "2019-09-30": "58.45040", "2019-06-30": "58.35480", "2019-03-31": "62.46230", "2018-12-31": "51.65110", "2018-09-30": "56.98710", "2018-06-30": "59.26700", "2018-03-31": "72.28200", "2017-12-31": "70.04090", "2017-09-30": "75.61090", "2017-06-30": "72.80560", "2017-03-31": "75.17560", "2016-12-31": "67.39250", "2016-09-30": "68.38120", "2016-06-30": "68.16080", "2016-03-31": "86.60520", "2015-12-31": "72.87750", "2015-09-30": "77.34180", "2015-06-30": "75.06580", "2015-03-31": "79.77110", "2014-12-31": "69.52300", "2014-09-30": "72.82730", "2014-06-30": "76.56140", "2014-03-31": "126.57170", "2013-12-31": "99.36290", "2013-09-30": "108.15430", "2013-06-30": "102.62530", "2013-03-31": "74.99240", "2012-12-31": "69.35270", "2012-09-30": "71.23080", "2012-06-30": "66.62010", "2012-03-31": "79.00310", "2011-12-31": "73.01740", "2011-09-30": "66.25900", "2011-06-30": "70.13110", "2011-03-31": "68.99670", "2010-12-31": "68.48500", "2010-09-30": "152.64150", "2010-06-30": "161.07950", "2010-03-31": "159.62070", "2009-12-31": "53.49980", "2009-09-30": "70.61350", "2009-06-30": "60.39840", "2009-03-31": "61.81530", "2008-12-31": "44.05410", "2008-09-30": "52.09890", "2008-06-30": "50.05570", "2008-03-31": "57.63960", "2007-12-31": "49.67450", "2007-09-30": "52.75790", "2007-06-30": "56.60560", "2007-03-31": "64.98360", "2006-12-31": "57.19450", "2006-09-30": "60.56310", "2006-06-30": "53.40110", "2006-03-31": "54.87300", "2005-12-31": "50.67040", "2005-09-30": "56.29970", "2005-06-30": "56.02520", "2005-03-31": "51.45690"}, "ROE - Return On Equity": {"2020-09-30": "-27.83780", "2020-06-30": "-16.68710", "2020-03-31": "-21.29030", "2019-12-31": "-35.57830", "2019-09-30": "-24.72330", "2019-06-30": "-21.80290", "2019-03-31": "-13.94500", "2018-12-31": "-33.15050", "2018-09-30": "-17.77780", "2018-06-30": "-12.13140", "2018-03-31": "-7.60230", "2017-12-31": "33.23680", "2017-09-30": "-26.03910", "2017-06-30": "-13.52460", "2017-03-31": "-7.52170", "2016-12-31": "-25.63030", "2016-09-30": "-29.78400", "2016-06-30": "-15.92920", "2016-03-31": "-12.40880", "2015-12-31": "-289.58330", "2015-09-30": "-42.28190", "2015-06-30": "8.28310", "2015-03-31": "4.20250", "2014-12-31": "-33.47800", "2014-09-30": "2.06660", "2014-06-30": "1.87100", "2014-03-31": "2.26850", "2013-12-31": "6.99380", "2013-09-30": "9.68580", "2013-06-30": "8.05250", "2013-03-31": "6.14990", "2012-12-31": "10.21280", "2012-09-30": "5.28610", "2012-06-30": "4.57010", "2012-03-31": "3.86860", "2011-12-31": "3.24230", "2011-09-30": "2.51710", "2011-06-30": "0.70340", "2011-03-31": "5.72900", "2010-12-31": "1.53820", "2010-09-30": "-0.10430", "2010-06-30": "0.06850", "2010-03-31": "0.95570", "2009-12-31": "0.50590", "2009-09-30": "-0.80670", "2009-06-30": "0.36370", "2009-03-31": "-3.07500", "2008-12-31": "-38.10320", "2008-09-30": "-2.66730", "2008-06-30": "-0.01970", "2008-03-31": "-1.25160", "2007-12-31": "0.80920", "2007-09-30": "0.26590", "2007-06-30": "-0.25400", "2007-03-31": "-1.47310", "2006-12-31": "3.08600", "2006-09-30": "4.24200", "2006-06-30": "7.80810", "2006-03-31": "3.95660", "2005-12-31": "7.05930", "2005-09-30": "11.02370", "2005-06-30": "6.27260", "2005-03-31": "5.02250"}, "Return On Tangible Equity": {"2020-09-30": "-4.88730", "2020-06-30": "-3.25360", "2020-03-31": "-4.66210", "2019-12-31": "-5.96030", "2019-09-30": "-6.06200", "2019-06-30": "-5.02660", "2019-03-31": "-3.48140", "2018-12-31": "-10.52240", "2018-09-30": "-5.85870", "2018-06-30": "-4.15140", "2018-03-31": "-2.59420", "2017-12-31": "16.27910", "2017-09-30": "-8.04990", "2017-06-30": "-5.09060", "2017-03-31": "-2.94120", "2016-12-31": "-9.75610", "2016-09-30": "-15.50200", "2016-06-30": "-8.47060", "2016-03-31": "-2.33840", "2015-12-31": "-53.87600", "2015-09-30": "-17.47570", "2015-06-30": "10.78570", "2015-03-31": "5.16430", "2014-12-31": "-38.85860", "2014-09-30": "2.34350", "2014-06-30": "2.06020", "2014-03-31": "3.83570", "2013-12-31": "7.75240", "2013-09-30": "21.86980", "2013-06-30": "17.23610", "2013-03-31": "11.87380", "2012-12-31": "18.87640", "2012-09-30": "8.35020", "2012-06-30": "7.24520", "2012-03-31": "5.93280", "2011-12-31": "4.44620", "2011-09-30": "3.29160", "2011-06-30": "0.88970", "2011-03-31": "7.37390", "2010-12-31": "1.76820", "2010-09-30": "-0.14110", "2010-06-30": "0.09470", "2010-03-31": "1.33060", "2009-12-31": "0.69740", "2009-09-30": "-1.12770", "2009-06-30": "0.51460", "2009-03-31": "-4.40100", "2008-12-31": "-54.09890", "2008-09-30": "-3.79320", "2008-06-30": "-0.02770", "2008-03-31": "-1.78190", "2007-12-31": "1.14180", "2007-09-30": "0.38580", "2007-06-30": "-0.36630", "2007-03-31": "-2.10730", "2006-12-31": "3.42710", "2006-09-30": "4.24200", "2006-06-30": "7.80810", "2006-03-31": "3.95660", "2005-12-31": "7.05930", "2005-09-30": "11.02370", "2005-06-30": "6.27260", "2005-03-31": "5.02250"}, "ROA - Return On Assets": {"2020-09-30": "1.98820", "2020-06-30": "1.31100", "2020-03-31": "1.84770", "2019-12-31": "2.28340", "2019-09-30": "2.58360", "2019-06-30": "2.08540", "2019-03-31": "1.52110", "2018-12-31": "4.49570", "2018-09-30": "2.76690", "2018-06-30": "2.03810", "2018-03-31": "1.29270", "2017-12-31": "-6.99320", "2017-09-30": "2.47160", "2017-06-30": "1.59130", "2017-03-31": "0.95820", "2016-12-31": "2.88310", "2016-09-30": "2.23920", "2016-06-30": "1.27550", "2016-03-31": "0.18790", "2015-12-31": "3.33090", "2015-09-30": "1.55820", "2015-06-30": "1.64850", "2015-03-31": "0.93370", "2014-12-31": "-8.88420", "2014-09-30": "0.54940", "2014-06-30": "0.65720", "2014-03-31": "0.73180", "2013-12-31": "2.17700", "2013-09-30": "2.17280", "2013-06-30": "1.86680", "2013-03-31": "1.52420", "2012-12-31": "2.65010", "2012-09-30": "1.71380", "2012-06-30": "1.45170", "2012-03-31": "1.27780", "2011-12-31": "1.22770", "2011-09-30": "1.04940", "2011-06-30": "0.30780", "2011-03-31": "2.21620", "2010-12-31": "0.66070", "2010-09-30": "-0.04240", "2010-06-30": "0.02820", "2010-03-31": "0.38000", "2009-12-31": "0.19530", "2009-09-30": "-0.31940", "2009-06-30": "0.13940", "2009-03-31": "-1.11790", "2008-12-31": "-13.11850", "2008-09-30": "-1.18060", "2008-06-30": "-0.00890", "2008-03-31": "-0.55660", "2007-12-31": "0.35910", "2007-09-30": "0.11500", "2007-06-30": "-0.10980", "2007-03-31": "-0.59940", "2006-12-31": "1.37070", "2006-09-30": "1.94340", "2006-06-30": "3.74680", "2006-03-31": "1.83710", "2005-12-31": "3.28750", "2005-09-30": "5.19400", "2005-06-30": "2.84790", "2005-03-31": "2.23350"}, "ROI - Return On Investment": {"2020-09-30": "4.65850", "2020-06-30": "3.16570", "2020-03-31": "4.73570", "2019-12-31": "5.48530", "2019-09-30": "6.65340", "2019-06-30": "4.76950", "2019-03-31": "3.62160", "2018-12-31": "10.54070", "2018-09-30": "6.70270", "2018-06-30": "4.75560", "2018-03-31": "3.10760", "2017-12-31": "-21.32240", "2017-09-30": "5.90850", "2017-06-30": "3.83160", "2017-03-31": "2.30970", "2016-12-31": "7.09300", "2016-09-30": "4.39040", "2016-06-30": "2.48280", "2016-03-31": "0.34790", "2015-12-31": "6.54270", "2015-09-30": "3.08220", "2015-06-30": "2.89490", "2015-03-31": "1.60410", "2014-12-31": "-15.02760", "2014-09-30": "1.00860", "2014-06-30": "1.17910", "2014-03-31": "1.36900", "2013-12-31": "4.19790", "2013-09-30": "5.07460", "2013-06-30": "4.30660", "2013-03-31": "3.44580", "2012-12-31": "6.52550", "2012-09-30": "3.57830", "2012-06-30": "3.08690", "2012-03-31": "3.03670", "2011-12-31": "2.67020", "2011-09-30": "2.01400", "2011-06-30": "0.57330", "2011-03-31": "4.31820", "2010-12-31": "1.29160", "2010-09-30": "-0.08200", "2010-06-30": "0.05330", "2010-03-31": "0.71550", "2009-12-31": "0.37740", "2009-09-30": "-0.57900", "2009-06-30": "0.25880", "2009-03-31": "-2.17460", "2008-12-31": "-26.71150", "2008-09-30": "-2.09690", "2008-06-30": "-0.01560", "2008-03-31": "-0.98680", "2007-12-31": "0.64310", "2007-09-30": "0.22630", "2007-06-30": "-0.21650", "2007-03-31": "-1.25320", "2006-12-31": "2.66550", "2006-09-30": "3.47550", "2006-06-30": "6.41310", "2006-03-31": "3.22300", "2005-12-31": "5.74740", "2005-09-30": "8.80400", "2005-06-30": "4.68300", "2005-03-31": "3.77010"}, "Book Value Per Share": {"2020-09-30": "-4.36840", "2020-06-30": "-4.79690", "2020-03-31": "-5.47060", "2019-12-31": "-4.00590", "2019-09-30": "-6.33920", "2019-06-30": "-5.77830", "2019-03-31": "-6.61410", "2018-12-31": "-7.80430", "2018-09-30": "-8.53210", "2018-06-30": "-9.19290", "2018-03-31": "-9.49410", "2017-12-31": "-10.71340", "2017-09-30": "-5.04940", "2017-06-30": "-5.99880", "2017-03-31": "-6.34250", "2016-12-31": "-5.78020", "2016-09-30": "-3.90360", "2016-06-30": "-4.06720", "2016-03-31": "-0.78470", "2015-12-31": "-0.55080", "2015-09-30": "-1.68740", "2015-06-30": "8.81530", "2015-03-31": "9.92890", "2014-12-31": "12.58420", "2014-09-30": "13.46910", "2014-06-30": "16.61620", "2014-03-31": "14.74040", "2013-12-31": "14.49510", "2013-09-30": "10.45610", "2013-06-30": "10.60170", "2013-03-31": "11.49060", "2012-12-31": "11.91600", "2012-09-30": "13.89310", "2012-06-30": "13.52780", "2012-03-31": "14.07050", "2011-12-31": "16.54330", "2011-09-30": "18.91860", "2011-06-30": "19.88920", "2011-03-31": "18.86890", "2010-12-31": "32.67020", "2010-09-30": "31.41220", "2010-06-30": "30.64340", "2010-03-31": "30.24570", "2009-12-31": "29.92130", "2009-09-30": "30.03080", "2009-06-30": "29.33730", "2009-03-31": "28.59110", "2008-12-31": "29.49480", "2008-09-30": "45.26420", "2008-06-30": "46.96570", "2008-03-31": "47.10360", "2007-12-31": "47.76480", "2007-09-30": "46.08700", "2007-06-30": "45.65290", "2007-03-31": "44.74290", "2006-12-31": "50.03670", "2006-09-30": "49.60910", "2006-06-30": "49.34810", "2006-03-31": "46.97570", "2005-12-31": "46.64990", "2005-09-30": "44.29460", "2005-06-30": "41.52370", "2005-03-31": "39.31860"}, "Operating Cash Flow Per Share": {"2020-09-30": 2.2611, "2020-06-30": 1.2271, "2020-03-31": "1.75100", "2019-12-31": 4.5539, "2019-09-30": 2.977, "2019-06-30": 1.4131, "2019-03-31": "1.43760", "2018-12-31": 4.7262, "2018-09-30": 1.9606, "2018-06-30": 2.494, "2018-03-31": "-2.93080", "2017-12-31": 4.8012, "2017-09-30": 1.5976, "2017-06-30": 1.0281, "2017-03-31": "0.83580", "2016-12-31": 2.8859, "2016-09-30": 2.1052, "2016-06-30": 1.6657, "2016-03-31": "0.07340", "2015-12-31": 2.0441, "2015-09-30": 1.5548, "2015-06-30": 0.7443, "2015-03-31": "0.71630", "2014-12-31": -2.654, "2014-09-30": -0.447, "2014-06-30": 0.4609, "2014-03-31": "0.04650", "2013-12-31": 2.146, "2013-09-30": 0.2698, "2013-06-30": -0.2536, "2013-03-31": "-0.11040", "2012-12-31": 0.6162, "2012-09-30": 0.6662, "2012-06-30": 0.8703, "2012-03-31": "0.21720", "2011-12-31": 0.1281, "2011-09-30": 1.4299, "2011-06-30": 0.2614, "2011-03-31": "0.67690", "2010-12-31": 0.9652, "2010-09-30": 0.9304, "2010-06-30": 0.303, "2010-03-31": "0.17640", "2009-12-31": 4.2479, "2009-09-30": 0.257, "2009-06-30": 0.49, "2009-03-31": "-3.11150", "2008-12-31": -1.1268, "2008-09-30": 0.5552, "2008-06-30": 0.6349, "2008-03-31": "-1.06350", "2007-12-31": 1.4245, "2007-09-30": 1.0331, "2007-06-30": -0.1059, "2007-03-31": "0.02360", "2006-12-31": 1.8978, "2006-09-30": 4.5531, "2006-06-30": 1.3812, "2006-03-31": "1.94570", "2005-12-31": 4.8859, "2005-09-30": 3.1486, "2005-06-30": 2.5097, "2005-03-31": "1.23240"}, "Free Cash Flow Per Share": {"2020-09-30": 1.9785, "2020-06-30": 0.9166, "2020-03-31": "1.79650", "2019-12-31": 4.2529, "2019-09-30": 2.6381, "2019-06-30": 1.0585, "2019-03-31": "1.05960", "2018-12-31": 4.3225, "2018-09-30": 1.6966, "2018-06-30": 2.2568, "2018-03-31": "-3.17120", "2017-12-31": 4.6266, "2017-09-30": 1.0947, "2017-06-30": 0.7123, "2017-03-31": "0.43560", "2016-12-31": 2.5852, "2016-09-30": 1.817, "2016-06-30": 1.3989, "2016-03-31": "-0.21470", "2015-12-31": 1.8325, "2015-09-30": 1.2958, "2015-06-30": 0.5095, "2015-03-31": "0.56930", "2014-12-31": -2.8538, "2014-09-30": -0.6235, "2014-06-30": 0.3004, "2014-03-31": "-0.01940", "2013-12-31": 2.1233, "2013-09-30": 0.1447, "2013-06-30": -0.3227, "2013-03-31": "-0.27430", "2012-12-31": 0.615, "2012-09-30": 0.521, "2012-06-30": 0.7138, "2012-03-31": "0.06300", "2011-12-31": -0.1161, "2011-09-30": 1.3049, "2011-06-30": 0.1762, "2011-03-31": "0.60140", "2010-12-31": 0.7287, "2010-09-30": 0.818, "2010-06-30": 0.1938, "2010-03-31": "0.14650", "2009-12-31": 4.2562, "2009-09-30": 0.2407, "2009-06-30": 0.3012, "2009-03-31": "-3.32020", "2008-12-31": -1.1609, "2008-09-30": 0.4306, "2008-06-30": 0.2666, "2008-03-31": "-1.39210", "2007-12-31": 1.1472, "2007-09-30": 0.8184, "2007-06-30": -0.5941, "2007-03-31": "-0.08850", "2006-12-31": 1.2627, "2006-09-30": 4.1505, "2006-06-30": 1.1307, "2006-03-31": "1.65790", "2005-12-31": 4.631, "2005-09-30": 2.7739, "2005-06-30": 2.1985, "2005-03-31": "0.95670"}}, "revenue": {"Motorola Solutions Annual Revenue (Millions of US $)": {"2020": "$7,414", "2019": "$7,887", "2018": "$7,343", "2017": "$6,380", "2016": "$6,038", "2015": "$5,695", "2014": "$5,881", "2013": "$6,227", "2012": "$6,269", "2011": "$8,203", "2010": "$7,617", "2009": "$6,947", "2008": "$25,109", "2007": "$36,622", "2006": "$42,847", "2005": "$35,310"}, "Motorola Solutions Quarterly Revenue (Millions of US $)": {"2020-12-31": "$2,273", "2020-09-30": "$1,868", "2020-06-30": "$1,618", "2020-03-31": "$1,655", "2019-12-31": "$2,376", "2019-09-30": "$1,994", "2019-06-30": "$1,860", "2019-03-31": "$1,657", "2018-12-31": "$2,253", "2018-09-30": "$1,862", "2018-06-30": "$1,760", "2018-03-31": "$1,468", "2017-12-31": "$1,957", "2017-09-30": "$1,645", "2017-06-30": "$1,497", "2017-03-31": "$1,281", "2016-12-31": "$1,883", "2016-09-30": "$1,532", "2016-06-30": "$1,430", "2016-03-31": "$1,193", "2015-12-31": "$1,682", "2015-09-30": "$1,422", "2015-06-30": "$1,368", "2015-03-31": "$1,223", "2014-12-31": "$1,824", "2014-09-30": "$1,436", "2014-06-30": "$1,393", "2014-03-31": "$1,228", "2013-12-31": "$1,240", "2013-09-30": "$1,517", "2013-06-30": "$1,497", "2013-03-31": "$1,973", "2012-12-31": "$2,441", "2012-09-30": "$2,153", "2012-06-30": "$2,148", "2012-03-31": "$1,956", "2011-12-31": "$2,300", "2011-09-30": "$2,085", "2011-06-30": "$1,984", "2011-03-31": "$1,834", "2010-12-31": "$2,033", "2010-09-30": "$1,908", "2010-06-30": "$1,936", "2010-03-31": "$1,740", "2009-12-31": "$4,786", "2009-09-30": "$4,336", "2009-06-30": "$5,497", "2009-03-31": "$5,371", "2008-12-31": "$7,136", "2008-09-30": "$7,480", "2008-06-30": "$8,082", "2008-03-31": "$7,448", "2007-12-31": "$9,646", "2007-09-30": "$8,811", "2007-06-30": "$8,732", "2007-03-31": "$9,433", "2006-12-31": "$11,816", "2006-09-30": "$10,603", "2006-06-30": "$10,820", "2006-03-31": "$9,608", "2005-12-31": "$10,039", "2005-09-30": "$9,048", "2005-06-30": "$8,408", "2005-03-31": "$8,161"}}, "gross-profit": {"Motorola Solutions Annual Gross Profit (Millions of US $)": {"2020": "$3,608", "2019": "$3,931", "2018": "$3,480", "2017": "$3,024", "2016": "$2,869", "2015": "$2,719", "2014": "$2,831", "2013": "$3,109", "2012": "$3,194", "2011": "$4,146", "2010": "$3,812", "2009": "$3,477", "2008": "$6,938", "2007": "$9,952", "2006": "$12,727", "2005": "$11,429"}, "Motorola Solutions Quarterly Gross Profit (Millions of US $)": {"2020-12-31": "$1,146", "2020-09-30": "$909", "2020-06-30": "$766", "2020-03-31": "$787", "2019-12-31": "$1,220", "2019-09-30": "$1,007", "2019-06-30": "$931", "2019-03-31": "$773", "2018-12-31": "$1,088", "2018-09-30": "$901", "2018-06-30": "$822", "2018-03-31": "$669", "2017-12-31": "$970", "2017-09-30": "$794", "2017-06-30": "$690", "2017-03-31": "$570", "2016-12-31": "$929", "2016-09-30": "$762", "2016-06-30": "$676", "2016-03-31": "$502", "2015-12-31": "$838", "2015-09-30": "$685", "2015-06-30": "$648", "2015-03-31": "$548", "2014-12-31": "$913", "2014-09-30": "$685", "2014-06-30": "$656", "2014-03-31": "$577", "2013-12-31": "$639", "2013-09-30": "$765", "2013-06-30": "$750", "2013-03-31": "$955", "2012-12-31": "$1,229", "2012-09-30": "$1,087", "2012-06-30": "$1,060", "2012-03-31": "$973", "2011-12-31": "$1,160", "2011-09-30": "$1,055", "2011-06-30": "$1,007", "2011-03-31": "$924", "2010-12-31": "$1,030", "2010-09-30": "$964", "2010-06-30": "$965", "2010-03-31": "$853", "2009-12-31": "$1,728", "2009-09-30": "$1,439", "2009-06-30": "$1,710", "2009-03-31": "$1,496", "2008-12-31": "$2,122", "2008-09-30": "$1,803", "2008-06-30": "$2,325", "2008-03-31": "$2,145", "2007-12-31": "$2,540", "2007-09-30": "$2,505", "2007-06-30": "$2,453", "2007-03-31": "$2,454", "2006-12-31": "$3,069", "2006-09-30": "$3,370", "2006-06-30": "$3,357", "2006-03-31": "$2,931", "2005-12-31": "$3,173", "2005-09-30": "$2,929", "2005-06-30": "$2,757", "2005-03-31": "$2,656"}}, "operating-income": {"Motorola Solutions Annual Operating Income (Millions of US $)": {"2020": "$1,383", "2019": "$1,581", "2018": "$1,255", "2017": "$1,284", "2016": "$1,048", "2015": "$994", "2014": "$-1,006", "2013": "$947", "2012": "$920", "2011": "$858", "2010": "$751", "2009": "$567", "2008": "$-2,542", "2007": "$-553", "2006": "$4,092", "2005": "$4,605"}, "Motorola Solutions Quarterly Operating Income (Millions of US $)": {"2020-12-31": "$555", "2020-09-30": "$352", "2020-06-30": "$218", "2020-03-31": "$259", "2019-12-31": "$590", "2019-09-30": "$413", "2019-06-30": "$349", "2019-03-31": "$229", "2018-12-31": "$517", "2018-09-30": "$294", "2018-06-30": "$273", "2018-03-31": "$171", "2017-12-31": "$503", "2017-09-30": "$347", "2017-06-30": "$261", "2017-03-31": "$173", "2016-12-31": "$383", "2016-09-30": "$341", "2016-06-30": "$224", "2016-03-31": "$100", "2015-12-31": "$390", "2015-09-30": "$231", "2015-06-30": "$254", "2015-03-31": "$119", "2014-12-31": "$-1,458", "2014-09-30": "$207", "2014-06-30": "$138", "2014-03-31": "$107", "2013-12-31": "$282", "2013-09-30": "$246", "2013-06-30": "$203", "2013-03-31": "$216", "2012-12-31": "$423", "2012-09-30": "$324", "2012-06-30": "$278", "2012-03-31": "$232", "2011-12-31": "$276", "2011-09-30": "$254", "2011-06-30": "$159", "2011-03-31": "$169", "2010-12-31": "$259", "2010-09-30": "$211", "2010-06-30": "$161", "2010-03-31": "$120", "2009-12-31": "$88", "2009-09-30": "$-11", "2009-06-30": "$10", "2009-03-31": "$-449", "2008-12-31": "$-1,675", "2008-09-30": "$-452", "2008-06-30": "$5", "2008-03-31": "$-269", "2007-12-31": "$-19", "2007-09-30": "$-10", "2007-06-30": "$-158", "2007-03-31": "$-366", "2006-12-31": "$753", "2006-09-30": "$968", "2006-06-30": "$1,522", "2006-03-31": "$849", "2005-12-31": "$1,711", "2005-09-30": "$1,080", "2005-06-30": "$958", "2005-03-31": "$865"}}, "ebitda": {"Motorola Solutions Annual EBITDA (Millions of US $)": {"2019": "$1,975", "2018": "$1,615", "2017": "$1,627", "2016": "$1,343", "2015": "$1,144", "2014": "$-833", "2013": "$1,105", "2012": "$1,071", "2011": "$1,224", "2010": "$1,104", "2009": "$955", "2008": "$-1,856", "2007": "$350", "2006": "$4,650", "2005": "$5,145"}, "Motorola Solutions Quarterly EBITDA (Millions of US $)": {"2020-09-30": "$455", "2020-06-30": "$316", "2020-03-31": "$358", "2019-12-31": "$694", "2019-09-30": "$512", "2019-06-30": "$445", "2019-03-31": "$324", "2018-12-31": "$610", "2018-09-30": "$383", "2018-06-30": "$369", "2018-03-31": "$253", "2017-12-31": "$503", "2017-09-30": "$347", "2017-06-30": "$347", "2017-03-31": "$253", "2016-12-31": "$458", "2016-09-30": "$417", "2016-06-30": "$306", "2016-03-31": "$162", "2015-12-31": "$427", "2015-09-30": "$263", "2015-06-30": "$294", "2015-03-31": "$160", "2014-12-31": "$-1,416", "2014-09-30": "$252", "2014-06-30": "$184", "2014-03-31": "$147", "2013-12-31": "$324", "2013-09-30": "$286", "2013-06-30": "$227", "2013-03-31": "$268", "2012-12-31": "$423", "2012-09-30": "$369", "2012-06-30": "$331", "2012-03-31": "$285", "2011-12-31": "$369", "2011-09-30": "$346", "2011-06-30": "$249", "2011-03-31": "$260", "2010-12-31": "$355", "2010-09-30": "$296", "2010-06-30": "$246", "2010-03-31": "$207", "2009-12-31": "$-11", "2009-09-30": "$94", "2009-06-30": "$202", "2009-03-31": "$-259", "2008-12-31": "$-1,613", "2008-09-30": "$-244", "2008-06-30": "$217", "2008-03-31": "$-65", "2007-12-31": "$202", "2007-09-30": "$226", "2007-06-30": "$69", "2007-03-31": "$-147", "2006-12-31": "$908", "2006-09-30": "$1,110", "2006-06-30": "$1,656", "2006-03-31": "$976", "2005-12-31": "$1,843", "2005-09-30": "$1,217", "2005-06-30": "$1,081", "2005-03-31": "$1,013"}}, "net-income": {"Motorola Solutions Annual Net Income (Millions of US $)": {"2020": "$949", "2019": "$868", "2018": "$966", "2017": "$-155", "2016": "$560", "2015": "$610", "2014": "$1,299", "2013": "$1,099", "2012": "$881", "2011": "$1,158", "2010": "$633", "2009": "$-51", "2008": "$-4,244", "2007": "$-49", "2006": "$3,661", "2005": "$4,578"}, "Motorola Solutions Quarterly Net Income (Millions of US $)": {"2020-12-31": "$412", "2020-09-30": "$205", "2020-06-30": "$135", "2020-03-31": "$197", "2019-12-31": "$243", "2019-09-30": "$267", "2019-06-30": "$207", "2019-03-31": "$151", "2018-12-31": "$422", "2018-09-30": "$247", "2018-06-30": "$180", "2018-03-31": "$117", "2017-12-31": "$-575", "2017-09-30": "$212", "2017-06-30": "$131", "2017-03-31": "$77", "2016-12-31": "$244", "2016-09-30": "$192", "2016-06-30": "$107", "2016-03-31": "$17", "2015-12-31": "$279", "2015-09-30": "$115", "2015-06-30": "$142", "2015-03-31": "$74", "2014-12-31": "$201", "2014-09-30": "$147", "2014-06-30": "$824", "2014-03-31": "$127", "2013-12-31": "$342", "2013-09-30": "$307", "2013-06-30": "$258", "2013-03-31": "$192", "2012-12-31": "$336", "2012-09-30": "$206", "2012-06-30": "$182", "2012-03-31": "$157", "2011-12-31": "$184", "2011-09-30": "$128", "2011-06-30": "$349", "2011-03-31": "$497", "2010-12-31": "$292", "2010-09-30": "$110", "2010-06-30": "$162", "2010-03-31": "$69", "2009-12-31": "$142", "2009-09-30": "$12", "2009-06-30": "$26", "2009-03-31": "$-231", "2008-12-31": "$-3,657", "2008-09-30": "$-397", "2008-06-30": "$4", "2008-03-31": "$-194", "2007-12-31": "$100", "2007-09-30": "$60", "2007-06-30": "$-28", "2007-03-31": "$-181", "2006-12-31": "$623", "2006-09-30": "$968", "2006-06-30": "$1,384", "2006-03-31": "$686", "2005-12-31": "$1,202", "2005-09-30": "$1,751", "2005-06-30": "$933", "2005-03-31": "$692"}}, "eps-earnings-per-share-diluted": {"Motorola Solutions Annual EPS": {"2020": "$5.45", "2019": "$4.95", "2018": "$5.62", "2017": "$-0.95", "2016": "$3.24", "2015": "$3.02", "2014": "$5.29", "2013": "$4.06", "2012": "$2.96", "2011": "$3.41", "2010": "$1.87", "2009": "$-0.16", "2008": "$-13.11", "2007": "$-0.14", "2006": "$10.22", "2005": "$12.67"}, "Motorola Solutions Quarterly EPS": {"2020-12-31": "$2.37", "2020-09-30": "$1.18", "2020-06-30": "$0.78", "2020-03-31": "$1.12", "2019-12-31": "$1.40", "2019-09-30": "$1.51", "2019-06-30": "$1.18", "2019-03-31": "$0.86", "2018-12-31": "$2.45", "2018-09-30": "$1.43", "2018-06-30": "$1.05", "2018-03-31": "$0.69", "2017-12-31": "$-3.43", "2017-09-30": "$1.25", "2017-06-30": "$0.78", "2017-03-31": "$0.45", "2016-12-31": "$1.40", "2016-09-30": "$1.13", "2016-06-30": "$0.61", "2016-03-31": "$0.10", "2015-12-31": "$1.43", "2015-09-30": "$0.57", "2015-06-30": "$0.68", "2015-03-31": "$0.34", "2014-12-31": "$0.99", "2014-09-30": "$0.59", "2014-06-30": "$3.22", "2014-03-31": "$0.49", "2013-12-31": "$1.28", "2013-09-30": "$1.16", "2013-06-30": "$0.94", "2013-03-31": "$0.68", "2012-12-31": "$1.18", "2012-09-30": "$0.72", "2012-06-30": "$0.61", "2012-03-31": "$0.49", "2011-12-31": "$0.59", "2011-09-30": "$0.38", "2011-06-30": "$1.00", "2011-03-31": "$1.44", "2010-12-31": "$0.85", "2010-09-30": "$0.33", "2010-06-30": "$0.48", "2010-03-31": "$0.21", "2009-12-31": "$0.43", "2009-09-30": "$0.07", "2009-06-30": "$0.07", "2009-03-31": "$-0.70", "2008-12-31": "$-11.27", "2008-09-30": "$-1.26", "2008-06-30": "$0.00", "2008-03-31": "$-0.63", "2007-12-31": "$0.28", "2007-09-30": "$0.21", "2007-06-30": "$-0.07", "2007-03-31": "$-0.56", "2006-12-31": "$1.75", "2006-09-30": "$2.73", "2006-06-30": "$3.85", "2006-03-31": "$1.89", "2005-12-31": "$3.29", "2005-09-30": "$4.83", "2005-06-30": "$2.59", "2005-03-31": "$1.96"}}, "shares-outstanding": {"Motorola Solutions Annual Shares Outstanding (Millions of Shares)": {"2020": "174", "2019": "176", "2018": "172", "2017": "163", "2016": "173", "2015": "202", "2014": "246", "2013": "271", "2012": "297", "2011": "340", "2010": "338", "2009": "330", "2008": "324", "2007": "330", "2006": "358", "2005": "361"}, "Motorola Solutions Quarterly Shares Outstanding (Millions of Shares)": {"2020-12-31": "174", "2020-09-30": "174", "2020-06-30": "174", "2020-03-31": "176", "2019-12-31": "176", "2019-09-30": "176", "2019-06-30": "176", "2019-03-31": "175", "2018-12-31": "172", "2018-09-30": "173", "2018-06-30": "172", "2018-03-31": "171", "2017-12-31": "163", "2017-09-30": "169", "2017-06-30": "169", "2017-03-31": "170", "2016-12-31": "173", "2016-09-30": "170", "2016-06-30": "175", "2016-03-31": "177", "2015-12-31": "202", "2015-09-30": "201", "2015-06-30": "210", "2015-03-31": "218", "2014-12-31": "246", "2014-09-30": "248", "2014-06-30": "256", "2014-03-31": "258", "2013-12-31": "271", "2013-09-30": "265", "2013-06-30": "275", "2013-03-31": "281", "2012-12-31": "284", "2012-09-30": "287", "2012-06-30": "296", "2012-03-31": "318", "2011-12-31": "340", "2011-09-30": "340", "2011-06-30": "349", "2011-03-31": "344", "2010-12-31": "338", "2010-09-30": "334", "2010-06-30": "338", "2010-03-31": "335", "2009-12-31": "333", "2009-09-30": "329", "2009-06-30": "330", "2009-03-31": "326", "2008-12-31": "325", "2008-09-30": "324", "2008-06-30": "324", "2008-03-31": "323", "2007-12-31": "330", "2007-09-30": "331", "2007-06-30": "328", "2007-03-31": "339", "2006-12-31": "358", "2006-09-30": "354", "2006-06-30": "360", "2006-03-31": "365", "2005-12-31": "366", "2005-09-30": "364", "2005-06-30": "358", "2005-03-31": "355"}}, "total-assets": {"Motorola Solutions Annual Total Assets (Millions of US $)": {"2019": "$10,642", "2018": "$9,409", "2017": "$8,208", "2016": "$8,463", "2015": "$8,346", "2014": "$10,423", "2013": "$11,851", "2012": "$12,679", "2011": "$13,929", "2010": "$25,577", "2009": "$25,603", "2008": "$27,869", "2007": "$34,812", "2006": "$38,593", "2005": "$35,802"}, "Motorola Solutions Quarterly Total Assets (Millions of US $)": {"2020-09-30": "$10,361", "2020-06-30": "$10,374", "2020-03-31": "$10,716", "2019-12-31": "$10,642", "2019-09-30": "$10,373", "2019-06-30": "$9,974", "2019-03-31": "$9,993", "2018-12-31": "$9,409", "2018-09-30": "$8,963", "2018-06-30": "$8,881", "2018-03-31": "$9,051", "2017-12-31": "$8,208", "2017-09-30": "$8,618", "2017-06-30": "$8,295", "2017-03-31": "$8,140", "2016-12-31": "$8,463", "2016-09-30": "$8,619", "2016-06-30": "$8,467", "2016-03-31": "$9,049", "2015-12-31": "$8,346", "2015-09-30": "$8,086", "2015-06-30": "$9,160", "2015-03-31": "$9,425", "2014-12-31": "$10,423", "2014-09-30": "$12,195", "2014-06-30": "$11,868", "2014-03-31": "$11,615", "2013-12-31": "$11,851", "2013-09-30": "$12,058", "2013-06-30": "$12,160", "2013-03-31": "$12,597", "2012-12-31": "$12,679", "2012-09-30": "$12,020", "2012-06-30": "$12,193", "2012-03-31": "$12,443", "2011-12-31": "$13,929", "2011-09-30": "$14,771", "2011-06-30": "$15,597", "2011-03-31": "$16,560", "2010-12-31": "$25,577", "2010-09-30": "$25,925", "2010-06-30": "$24,812", "2010-03-31": "$25,260", "2009-12-31": "$25,603", "2009-09-30": "$25,049", "2009-06-30": "$25,104", "2009-03-31": "$25,763", "2008-12-31": "$27,869", "2008-09-30": "$33,119", "2008-06-30": "$33,739", "2008-03-31": "$34,133", "2007-12-31": "$34,812", "2007-09-30": "$34,769", "2007-06-30": "$34,613", "2007-03-31": "$36,370", "2006-12-31": "$38,593", "2006-09-30": "$37,408", "2006-06-30": "$36,004", "2006-03-31": "$35,709", "2005-12-31": "$35,802", "2005-09-30": "$33,462", "2005-06-30": "$32,269", "2005-03-31": "$30,983"}}, "cash-on-hand": {"Motorola Solutions Annual Cash on Hand (Millions of US $)": {"2019": "$1,001", "2018": "$1,257", "2017": "$1,268", "2016": "$1,030", "2015": "$1,980", "2014": "$3,954", "2013": "$3,225", "2012": "$3,603", "2011": "$5,091", "2010": "$8,863", "2009": "$7,963", "2008": "$6,979", "2007": "$8,606", "2006": "$15,640", "2005": "$14,785"}, "Motorola Solutions Quarterly Cash on Hand (Millions of US $)": {"2020-09-30": "$1,007", "2020-06-30": "$1,341", "2020-03-31": "$1,672", "2019-12-31": "$1,001", "2019-09-30": "$1,140", "2019-06-30": "$964", "2019-03-31": "$897", "2018-12-31": "$1,257", "2018-09-30": "$851", "2018-06-30": "$941", "2018-03-31": "$858", "2017-12-31": "$1,268", "2017-09-30": "$717", "2017-06-30": "$805", "2017-03-31": "$829", "2016-12-31": "$1,030", "2016-09-30": "$1,687", "2016-06-30": "$1,545", "2016-03-31": "$1,940", "2015-12-31": "$1,980", "2015-09-30": "$2,200", "2015-06-30": "$3,112", "2015-03-31": "$3,353", "2014-12-31": "$3,954", "2014-09-30": "$2,845", "2014-06-30": "$2,876", "2014-03-31": "$3,141", "2013-12-31": "$3,225", "2013-09-30": "$2,890", "2013-06-30": "$3,216", "2013-03-31": "$3,718", "2012-12-31": "$3,603", "2012-09-30": "$3,539", "2012-06-30": "$3,705", "2012-03-31": "$3,767", "2011-12-31": "$5,091", "2011-09-30": "$6,250", "2011-06-30": "$6,627", "2011-03-31": "$6,219", "2010-12-31": "$8,863", "2010-09-30": "$8,894", "2010-06-30": "$8,231", "2010-03-31": "$8,368", "2009-12-31": "$7,963", "2009-09-30": "$7,115", "2009-06-30": "$6,415", "2009-03-31": "$5,871", "2008-12-31": "$6,979", "2008-09-30": "$7,136", "2008-06-30": "$7,208", "2008-03-31": "$7,048", "2007-12-31": "$8,606", "2007-09-30": "$8,399", "2007-06-30": "$8,691", "2007-03-31": "$8,955", "2006-12-31": "$15,640", "2006-09-30": "$14,842", "2006-06-30": "$14,390", "2006-03-31": "$14,646", "2005-12-31": "$14,785", "2005-09-30": "$12,731", "2005-06-30": "$12,799", "2005-03-31": "$11,300"}}, "long-term-debt": {"Motorola Solutions Annual Long Term Debt (Millions of US $)": {"2019": "$5,113", "2018": "$5,289", "2017": "$4,419", "2016": "$4,392", "2015": "$4,345", "2014": "$3,396", "2013": "$2,457", "2012": "$1,859", "2011": "$1,130", "2010": "$2,098", "2009": "$3,365", "2008": "$4,092", "2007": "$3,991", "2006": "$2,704", "2005": "$3,806"}, "Motorola Solutions Quarterly Long Term Debt (Millions of US $)": {"2020-09-30": "$5,162", "2020-06-30": "$5,111", "2020-03-31": "$5,111", "2019-12-31": "$5,113", "2019-09-30": "$5,112", "2019-06-30": "$5,315", "2019-03-31": "$5,287", "2018-12-31": "$5,289", "2018-09-30": "$5,095", "2018-06-30": "$5,298", "2018-03-31": "$5,304", "2017-12-31": "$4,419", "2017-09-30": "$4,423", "2017-06-30": "$4,421", "2017-03-31": "$4,414", "2016-12-31": "$4,392", "2016-09-30": "$5,044", "2016-06-30": "$5,028", "2016-03-31": "$5,023", "2015-12-31": "$4,345", "2015-09-30": "$4,386", "2015-06-30": "$3,393", "2015-03-31": "$3,392", "2014-12-31": "$3,396", "2014-09-30": "$3,401", "2014-06-30": "$2,446", "2014-03-31": "$2,462", "2013-12-31": "$2,457", "2013-09-30": "$2,458", "2013-06-30": "$2,452", "2013-03-31": "$2,450", "2012-12-31": "$1,859", "2012-09-30": "$1,860", "2012-06-30": "$1,861", "2012-03-31": "$1,126", "2011-12-31": "$1,130", "2011-09-30": "$1,538", "2011-06-30": "$1,548", "2011-03-31": "$2,093", "2010-12-31": "$2,098", "2010-09-30": "$2,864", "2010-06-30": "$2,907", "2010-03-31": "$3,372", "2009-12-31": "$3,365", "2009-09-30": "$3,901", "2009-06-30": "$3,899", "2009-03-31": "$3,878", "2008-12-31": "$4,092", "2008-09-30": "$3,988", "2008-06-30": "$3,971", "2008-03-31": "$4,074", "2007-12-31": "$3,991", "2007-09-30": "$2,628", "2007-06-30": "$2,590", "2007-03-31": "$2,596", "2006-12-31": "$2,704", "2006-09-30": "$3,780", "2006-06-30": "$3,758", "2006-03-31": "$3,774", "2005-12-31": "$3,806", "2005-09-30": "$3,975", "2005-06-30": "$4,973", "2005-03-31": "$4,577"}}, "total-liabilities": {"Motorola Solutions Annual Total Liabilities (Millions of US $)": {"2019": "$11,325", "2018": "$10,685", "2017": "$9,935", "2016": "$9,415", "2015": "$8,442", "2014": "$7,657", "2013": "$8,162", "2012": "$9,389", "2011": "$8,655", "2010": "$14,590", "2009": "$15,720", "2008": "$18,274", "2007": "$19,365", "2006": "$21,451", "2005": "$19,129"}, "Motorola Solutions Quarterly Total Liabilities (Millions of US $)": {"2020-09-30": "$11,101", "2020-06-30": "$11,189", "2020-03-31": "$11,646", "2019-12-31": "$11,325", "2019-09-30": "$11,457", "2019-06-30": "$10,928", "2019-03-31": "$11,083", "2018-12-31": "$10,685", "2018-09-30": "$10,358", "2018-06-30": "$10,373", "2018-03-31": "$10,590", "2017-12-31": "$9,935", "2017-09-30": "$9,436", "2017-06-30": "$9,271", "2017-03-31": "$9,177", "2016-12-31": "$9,415", "2016-09-30": "$9,267", "2016-06-30": "$9,145", "2016-03-31": "$9,186", "2015-12-31": "$8,442", "2015-09-30": "$8,384", "2015-06-30": "$7,337", "2015-03-31": "$7,331", "2014-12-31": "$7,657", "2014-09-30": "$8,953", "2014-06-30": "$7,699", "2014-03-31": "$7,868", "2013-12-31": "$8,162", "2013-09-30": "$9,353", "2013-06-30": "$9,341", "2013-03-31": "$9,475", "2012-12-31": "$9,389", "2012-09-30": "$8,123", "2012-06-30": "$8,320", "2012-03-31": "$8,333", "2011-12-31": "$8,655", "2011-09-30": "$8,613", "2011-06-30": "$8,773", "2011-03-31": "$10,154", "2010-12-31": "$14,590", "2010-09-30": "$15,379", "2010-06-30": "$14,592", "2010-03-31": "$15,215", "2009-12-31": "$15,720", "2009-09-30": "$15,132", "2009-06-30": "$15,481", "2009-03-31": "$16,397", "2008-12-31": "$18,274", "2008-09-30": "$18,460", "2008-06-30": "$18,535", "2008-03-31": "$18,953", "2007-12-31": "$19,365", "2007-09-30": "$19,725", "2007-06-30": "$19,650", "2007-03-31": "$21,571", "2006-12-31": "$21,451", "2006-09-30": "$20,270", "2006-06-30": "$18,727", "2006-03-31": "$19,129", "2005-12-31": "$19,129", "2005-09-30": "$17,696", "2005-06-30": "$17,618", "2005-03-31": "$17,205"}}, "total-share-holder-equity": {"Motorola Solutions Annual Share Holder Equity (Millions of US $)": {"2019": "$-683", "2018": "$-1,276", "2017": "$-1,727", "2016": "$-952", "2015": "$-96", "2014": "$2,766", "2013": "$3,689", "2012": "$3,290", "2011": "$5,274", "2010": "$10,987", "2009": "$9,883", "2008": "$9,595", "2007": "$15,447", "2006": "$17,142", "2005": "$16,673"}, "Motorola Solutions Quarterly Share Holder Equity (Millions of US $)": {"2020-09-30": "$-740", "2020-06-30": "$-815", "2020-03-31": "$-930", "2019-12-31": "$-683", "2019-09-30": "$-1,084", "2019-06-30": "$-954", "2019-03-31": "$-1,090", "2018-12-31": "$-1,276", "2018-09-30": "$-1,395", "2018-06-30": "$-1,492", "2018-03-31": "$-1,539", "2017-12-31": "$-1,727", "2017-09-30": "$-818", "2017-06-30": "$-976", "2017-03-31": "$-1,037", "2016-12-31": "$-952", "2016-09-30": "$-648", "2016-06-30": "$-678", "2016-03-31": "$-137", "2015-12-31": "$-96", "2015-09-30": "$-298", "2015-06-30": "$1,823", "2015-03-31": "$2,094", "2014-12-31": "$2,766", "2014-09-30": "$3,242", "2014-06-30": "$4,169", "2014-03-31": "$3,747", "2013-12-31": "$3,689", "2013-09-30": "$2,705", "2013-06-30": "$2,819", "2013-03-31": "$3,122", "2012-12-31": "$3,290", "2012-09-30": "$3,897", "2012-06-30": "$3,873", "2012-03-31": "$4,110", "2011-12-31": "$5,274", "2011-09-30": "$6,158", "2011-06-30": "$6,824", "2011-03-31": "$6,406", "2010-12-31": "$10,987", "2010-09-30": "$10,546", "2010-06-30": "$10,220", "2010-03-31": "$10,045", "2009-12-31": "$9,883", "2009-09-30": "$9,917", "2009-06-30": "$9,623", "2009-03-31": "$9,366", "2008-12-31": "$9,595", "2008-09-30": "$14,659", "2008-06-30": "$15,204", "2008-03-31": "$15,180", "2007-12-31": "$15,447", "2007-09-30": "$15,044", "2007-06-30": "$14,963", "2007-03-31": "$14,799", "2006-12-31": "$17,142", "2006-09-30": "$17,138", "2006-06-30": "$17,277", "2006-03-31": "$16,580", "2005-12-31": "$16,673", "2005-09-30": "$15,766", "2005-06-30": "$14,651", "2005-03-31": "$13,778"}}, "profit-margins": {"current": "12.8%"}, "gross margin": {"2020-12-31": "48.66%", "2020-09-30": "48.98%", "2020-06-30": "49.46%", "2020-03-31": "50.03%", "2019-12-31": "49.84%", "2019-09-30": "48.93%", "2019-06-30": "48.39%", "2019-03-31": "47.58%", "2018-12-31": "47.39%", "2018-09-30": "47.71%", "2018-06-30": "47.66%", "2018-03-31": "47.56%", "2017-12-31": "47.40%", "2017-09-30": "47.30%", "2017-06-30": "47.65%", "2017-03-31": "47.94%", "2016-12-31": "47.52%", "2016-09-30": "47.59%", "2016-06-30": "47.16%", "2016-03-31": "47.18%", "2015-12-31": "47.74%", "2015-09-30": "47.87%", "2015-06-30": "47.75%", "2015-03-31": "47.69%", "2014-12-31": "48.14%", "2014-09-30": "48.27%", "2014-06-30": "49.03%", "2014-03-31": "49.82%", "2013-12-31": "49.93%", "2013-09-30": "49.80%", "2013-06-30": "49.86%", "2013-03-31": "49.70%", "2012-12-31": "50.00%", "2012-09-30": "50.02%", "2012-06-30": "50.04%", "2012-03-31": "50.39%", "2011-12-31": "50.54%", "2011-09-30": "50.60%", "2011-06-30": "50.59%", "2011-03-31": "50.36%", "2010-12-31": "50.05%", "2010-09-30": "43.49%", "2010-06-30": "38.95%", "2010-03-31": "35.03%", "2009-12-31": "31.88%", "2009-09-30": "30.29%", "2009-06-30": "27.98%", "2009-03-31": "27.60%", "2008-12-31": "27.85%", "2008-09-30": "26.99%", "2008-06-30": "28.00%", "2008-03-31": "27.84%", "2007-12-31": "27.17%", "2007-09-30": "27.02%", "2007-06-30": "27.96%", "2007-03-31": "28.71%", "2006-12-31": "29.70%", "2006-09-30": "31.24%", "2006-06-30": "31.36%", "2006-03-31": "31.78%", "2005-12-31": "32.29%"}, "operating margin": {"2020-12-31": "18.67%", "2020-09-30": "18.88%", "2020-06-30": "19.36%", "2020-03-31": "20.43%", "2019-12-31": "20.05%", "2019-09-30": "19.42%", "2019-06-30": "18.20%", "2019-03-31": "17.43%", "2018-12-31": "17.09%", "2018-09-30": "17.61%", "2018-06-30": "18.95%", "2018-03-31": "19.52%", "2017-12-31": "20.13%", "2017-09-30": "18.46%", "2017-06-30": "18.70%", "2017-03-31": "18.30%", "2016-12-31": "17.36%", "2016-09-30": "18.07%", "2016-06-30": "16.50%", "2016-03-31": "17.21%", "2015-12-31": "17.45%", "2015-09-30": "-14.63%", "2015-06-30": "-15.01%", "2015-03-31": "-16.92%", "2014-12-31": "-17.11%", "2014-09-30": "13.86%", "2014-06-30": "14.37%", "2014-03-31": "15.29%", "2013-12-31": "15.21%", "2013-09-30": "14.65%", "2013-06-30": "14.46%", "2013-03-31": "14.24%", "2012-12-31": "14.45%", "2012-09-30": "12.97%", "2012-06-30": "12.25%", "2012-03-31": "11.06%", "2011-12-31": "10.46%", "2011-09-30": "10.60%", "2011-06-30": "10.28%", "2011-03-31": "10.37%", "2010-12-31": "9.86%", "2010-09-30": "5.59%", "2010-06-30": "2.80%", "2010-03-31": "1.27%", "2009-12-31": "-1.81%", "2009-09-30": "-9.51%", "2009-06-30": "-10.07%", "2009-03-31": "-9.16%", "2008-12-31": "-7.93%", "2008-09-30": "-2.25%", "2008-06-30": "-0.86%", "2008-03-31": "-1.32%", "2007-12-31": "-1.51%", "2007-09-30": "0.56%", "2007-06-30": "2.95%", "2007-03-31": "6.74%", "2006-12-31": "9.55%", "2006-09-30": "12.30%", "2006-06-30": "13.06%", "2006-03-31": "12.39%", "2005-12-31": "12.94%"}, "ebitda margin": {"2020-09-30": "24.25%", "2020-06-30": "24.60%", "2020-03-31": "25.48%", "2019-12-31": "25.04%", "2019-09-30": "24.36%", "2019-06-30": "23.09%", "2019-03-31": "22.38%", "2018-12-31": "21.99%", "2018-09-30": "21.40%", "2018-06-30": "21.55%", "2018-03-31": "22.08%", "2017-12-31": "22.73%", "2017-09-30": "22.28%", "2017-06-30": "23.82%", "2017-03-31": "23.41%", "2016-12-31": "22.24%", "2016-09-30": "22.48%", "2016-06-30": "20.22%", "2016-03-31": "20.23%", "2015-12-31": "20.09%", "2015-09-30": "-11.98%", "2015-06-30": "-12.13%", "2015-03-31": "-13.96%", "2014-12-31": "-14.16%", "2014-09-30": "17.12%", "2014-06-30": "17.50%", "2014-03-31": "17.95%", "2013-12-31": "17.75%", "2013-09-30": "16.21%", "2013-06-30": "15.96%", "2013-03-31": "15.96%", "2012-12-31": "16.19%", "2012-09-30": "15.82%", "2012-06-30": "15.68%", "2012-03-31": "15.00%", "2011-12-31": "14.92%", "2011-09-30": "15.25%", "2011-06-30": "14.95%", "2011-03-31": "15.00%", "2010-12-31": "14.49%", "2010-09-30": "7.12%", "2010-06-30": "4.19%", "2010-03-31": "3.01%", "2009-12-31": "0.13%", "2009-09-30": "-7.05%", "2009-06-30": "-7.51%", "2009-03-31": "-6.77%", "2008-12-31": "-5.66%", "2008-09-30": "0.34%", "2008-06-30": "1.71%", "2008-03-31": "1.25%", "2007-12-31": "0.96%", "2007-09-30": "2.72%", "2007-06-30": "4.78%", "2007-03-31": "8.27%", "2006-12-31": "10.85%", "2006-09-30": "13.60%", "2006-06-30": "14.40%", "2006-03-31": "13.79%", "2005-12-31": "14.45%"}, "pre tax profit margin": {"2020-12-31": "15.82%", "2020-09-30": "11.23%", "2020-06-30": "12.31%", "2020-03-31": "13.19%", "2019-12-31": "12.69%", "2019-09-30": "16.40%", "2019-06-30": "15.66%", "2019-03-31": "15.23%", "2018-12-31": "15.01%", "2018-09-30": "15.64%", "2018-06-30": "16.37%", "2018-03-31": "16.69%", "2017-12-31": "16.87%", "2017-09-30": "15.43%", "2017-06-30": "15.82%", "2017-03-31": "15.38%", "2016-12-31": "13.98%", "2016-09-30": "14.72%", "2016-06-30": "13.32%", "2016-03-31": "14.32%", "2015-12-31": "16.10%", "2015-09-30": "-16.43%", "2015-06-30": "-17.18%", "2015-03-31": "-19.09%", "2014-12-31": "-19.74%", "2014-09-30": "11.21%", "2014-06-30": "12.90%", "2014-03-31": "13.94%", "2013-12-31": "14.13%", "2013-09-30": "13.88%", "2013-06-30": "13.69%", "2013-03-31": "13.49%", "2012-12-31": "13.97%", "2012-09-30": "12.56%", "2012-06-30": "11.65%", "2012-03-31": "9.73%", "2011-12-31": "9.00%", "2011-09-30": "8.88%", "2011-06-30": "8.49%", "2011-03-31": "9.43%", "2010-12-31": "8.72%", "2010-09-30": "5.30%", "2010-06-30": "1.98%", "2010-03-31": "0.96%", "2009-12-31": "-1.93%", "2009-09-30": "-9.98%", "2009-06-30": "-10.67%", "2009-03-31": "-10.01%", "2008-12-31": "-8.73%", "2008-09-30": "-2.64%", "2008-06-30": "-0.76%", "2008-03-31": "-0.88%", "2007-12-31": "-1.03%", "2007-09-30": "0.67%", "2007-06-30": "3.47%", "2007-03-31": "7.58%", "2006-12-31": "10.76%", "2006-09-30": "13.65%", "2006-06-30": "16.99%", "2006-03-31": "17.20%", "2005-12-31": "18.01%"}, "net profit margin": {"2020-12-31": "12.80%", "2020-09-30": "10.38%", "2020-06-30": "11.02%", "2020-03-31": "11.59%", "2019-12-31": "11.01%", "2019-09-30": "13.49%", "2019-06-30": "13.46%", "2019-03-31": "13.28%", "2018-12-31": "13.16%", "2018-09-30": "-0.44%", "2018-06-30": "-0.97%", "2018-03-31": "-1.75%", "2017-12-31": "-2.43%", "2017-09-30": "10.53%", "2017-06-30": "10.40%", "2017-03-31": "10.12%", "2016-12-31": "9.27%", "2016-09-30": "10.19%", "2016-06-30": "9.04%", "2016-03-31": "9.76%", "2015-12-31": "10.71%", "2015-09-30": "9.11%", "2015-06-30": "9.64%", "2015-03-31": "21.20%", "2014-12-31": "22.09%", "2014-09-30": "27.19%", "2014-06-30": "29.75%", "2014-03-31": "18.86%", "2013-12-31": "17.65%", "2013-09-30": "14.71%", "2013-06-30": "12.30%", "2013-03-31": "10.51%", "2012-12-31": "10.13%", "2012-09-30": "8.52%", "2012-06-30": "7.67%", "2012-03-31": "9.83%", "2011-12-31": "14.12%", "2011-09-30": "15.95%", "2011-06-30": "16.08%", "2011-03-31": "13.76%", "2010-12-31": "8.31%", "2010-09-30": "4.66%", "2010-06-30": "3.01%", "2010-03-31": "1.52%", "2009-12-31": "-0.26%", "2009-09-30": "-17.23%", "2009-06-30": "-16.71%", "2009-03-31": "-15.25%", "2008-12-31": "-14.08%", "2008-09-30": "-1.49%", "2008-06-30": "-0.09%", "2008-03-31": "-0.18%", "2007-12-31": "-0.13%", "2007-09-30": "1.22%", "2007-06-30": "3.41%", "2007-03-31": "6.55%", "2006-12-31": "8.54%", "2006-09-30": "10.32%", "2006-06-30": "12.71%", "2006-03-31": "12.32%", "2005-12-31": "12.84%"}, "pe ratio": {"current": "25.68", "2021-02-11": "59.02", "2020-12-31": "55.21", "2020-09-30": "34.93", "2020-06-30": "28.95", "2020-03-31": "25.23", "2019-12-31": "32.06", "2019-09-30": "27.85", "2019-06-30": "27.52", "2019-03-31": "23.62", "2018-12-31": "19.85", "2018-09-30": "0.00", "2018-06-30": "0.00", "2018-03-31": "0.00", "2017-12-31": "0.00", "2017-09-30": "20.53", "2017-06-30": "21.52", "2017-03-31": "22.28", "2016-12-31": "23.57", "2016-09-30": "20.69", "2016-06-30": "21.29", "2016-03-31": "23.70", "2015-12-31": "19.69", "2015-09-30": "25.12", "2015-06-30": "20.79", "2015-03-31": "11.87", "2014-12-31": "11.54", "2014-09-30": "9.98", "2014-06-30": "9.47", "2014-03-31": "14.43", "2013-12-31": "14.38", "2013-09-30": "13.00", "2013-06-30": "14.15", "2013-03-31": "17.23", "2012-12-31": "15.87", "2012-09-30": "18.07", "2012-06-30": "19.96", "2012-03-31": "17.62", "2011-12-31": "11.49", "2011-09-30": "9.51", "2011-06-30": "6.82", "2011-03-31": "7.28", "2010-12-31": "5.94", "2010-09-30": "6.11", "2010-06-30": "8.93", "2010-03-31": "11.61", "2009-12-31": "0.00", "2009-09-30": "0.00", "2009-06-30": "0.00", "2009-03-31": "0.00", "2008-12-31": "0.00", "2008-09-30": "0.00", "2008-06-30": "0.00", "2008-03-31": "0.00", "2007-12-31": "0.00", "2007-09-30": "45.32", "2007-06-30": "14.91", "2007-03-31": "7.36", "2006-12-31": "6.49"}, "price sales": {"2021-02-11": "4.27", "2020-12-31": "3.99", "2020-09-30": "3.63", "2020-06-30": "3.19", "2020-03-31": "2.93", "2019-12-31": "3.53", "2019-09-30": "3.75", "2019-06-30": "3.70", "2019-03-31": "3.13", "2018-12-31": "2.61", "2018-09-30": "3.01", "2018-06-30": "2.75", "2018-03-31": "2.57", "2017-12-31": "2.25", "2017-09-30": "2.17", "2017-06-30": "2.25", "2017-03-31": "2.26", "2016-12-31": "2.21", "2016-09-30": "2.18", "2016-06-30": "2.00", "2016-03-31": "2.41", "2015-12-31": "2.26", "2015-09-30": "2.32", "2015-06-30": "2.03", "2015-03-31": "2.46", "2014-12-31": "2.55", "2014-09-30": "2.72", "2014-06-30": "2.86", "2014-03-31": "2.74", "2013-12-31": "2.58", "2013-09-30": "1.92", "2013-06-30": "1.74", "2013-03-31": "1.81", "2012-12-31": "1.61", "2012-09-30": "1.55", "2012-06-30": "1.55", "2012-03-31": "1.73", "2011-12-31": "1.62", "2011-09-30": "1.51", "2011-06-30": "1.68", "2011-03-31": "1.63", "2010-12-31": "1.34", "2010-09-30": "0.92", "2010-06-30": "0.57", "2010-03-31": "0.48", "2009-12-31": "0.43", "2009-09-30": "0.42", "2009-06-30": "0.28", "2009-03-31": "0.16", "2008-12-31": "0.16", "2008-09-30": "0.24", "2008-06-30": "0.23", "2008-03-31": "0.29", "2007-12-31": "0.47", "2007-09-30": "0.53", "2007-06-30": "0.49", "2007-03-31": "0.47", "2006-12-31": "0.56"}, "price book": {"current": "0.00", "2021-02-11": "0.00", "2020-09-30": "-35.74", "2020-06-30": "-28.97", "2020-03-31": "-23.99", "2019-12-31": "-39.53", "2019-09-30": "-26.31", "2019-06-30": "-28.15", "2019-03-31": "-20.64", "2018-12-31": "-14.27", "2018-09-30": "-14.70", "2018-06-30": "-12.15", "2018-03-31": "-10.60", "2017-12-31": "-8.02", "2017-09-30": "-15.89", "2017-06-30": "-13.60", "2017-03-31": "-12.71", "2016-12-31": "-13.34", "2016-09-30": "-18.07", "2016-06-30": "-14.92", "2016-03-31": "-88.19", "2015-12-31": "-112.96", "2015-09-30": "-36.62", "2015-06-30": "5.85", "2015-03-31": "6.00", "2014-12-31": "4.74", "2014-09-30": "4.16", "2014-06-30": "3.52", "2014-03-31": "3.82", "2013-12-31": "4.06", "2013-09-30": "4.92", "2013-06-30": "4.70", "2013-03-31": "4.78", "2012-12-31": "3.99", "2012-09-30": "3.10", "2012-06-30": "3.01", "2012-03-31": "3.04", "2011-12-31": "2.35", "2011-09-30": "1.85", "2011-06-30": "1.92", "2011-03-31": "1.97", "2010-12-31": "0.93", "2010-09-30": "0.91", "2010-06-30": "0.71", "2010-03-31": "0.78", "2009-12-31": "0.87", "2009-09-30": "0.96", "2009-06-30": "0.76", "2009-03-31": "0.50", "2008-12-31": "0.50", "2008-09-30": "0.52", "2008-06-30": "0.52", "2008-03-31": "0.65", "2007-12-31": "1.10", "2007-09-30": "1.31", "2007-06-30": "1.26", "2007-03-31": "1.28", "2006-12-31": "1.32", "2006-09-30": "1.62", "2006-06-30": "1.31", "2006-03-31": "1.56"}, "price fcf": {"2021-02-11": "", "2020-09-30": "$8.94", "2020-06-30": "$9.60", "2020-03-31": "$9.75", "2019-12-31": "$9.01", "2019-09-30": "$9.08", "2019-06-30": "$8.14", "2019-03-31": "$9.34", "2018-12-31": "$5.10", "2018-09-30": "$5.41", "2018-06-30": "$4.81", "2018-03-31": "$3.26", "2017-12-31": "$6.87", "2017-09-30": "$4.83", "2017-06-30": "$5.55", "2017-03-31": "$6.24", "2016-12-31": "$5.59", "2016-09-30": "$4.83", "2016-06-30": "$4.31", "2016-03-31": "$3.42", "2015-12-31": "$4.21", "2015-09-30": "$-0.48", "2015-06-30": "$-2.40", "2015-03-31": "$-2.61", "2014-12-31": "$-3.20", "2014-09-30": "$1.78", "2014-06-30": "$2.55", "2014-03-31": "$1.93", "2013-12-31": "$1.67", "2013-09-30": "$0.16", "2013-06-30": "$0.54", "2013-03-31": "$1.58", "2012-12-31": "$1.91", "2012-09-30": "$1.18", "2012-06-30": "$1.97", "2012-03-31": "$1.43", "2011-12-31": "$1.97", "2011-09-30": "$2.81", "2011-06-30": "$2.32", "2011-03-31": "$2.34", "2010-12-31": "$1.89", "2010-09-30": "$5.41", "2010-06-30": "$4.84", "2010-03-31": "$4.94", "2009-12-31": "$1.48", "2009-09-30": "$-3.94", "2009-06-30": "$-3.75", "2009-03-31": "$-3.78", "2008-12-31": "$-1.86", "2008-09-30": "$0.45", "2008-06-30": "$0.84", "2008-03-31": "$-0.02", "2007-12-31": "$1.28", "2007-09-30": "$1.40", "2007-06-30": "$4.73", "2007-03-31": "$6.46", "2006-12-31": "$8.20"}, "net worth": {"value": "$31.04B"}, "current ratio": {"2020-12-31": "1.24", "2020-09-30": "1.20", "2020-06-30": "1.17", "2020-03-31": "1.16", "2019-12-31": "1.22", "2019-09-30": "1.14", "2019-06-30": "1.33", "2019-03-31": "1.25", "2018-12-31": "1.38", "2018-09-30": "1.19", "2018-06-30": "1.23", "2018-03-31": "1.17", "2017-12-31": "1.35", "2017-09-30": "1.30", "2017-06-30": "1.33", "2017-03-31": "1.29", "2016-12-31": "1.30", "2016-09-30": "1.76", "2016-06-30": "1.73", "2016-03-31": "1.97", "2015-12-31": "2.11", "2015-09-30": "2.36", "2015-06-30": "2.86", "2015-03-31": "2.98", "2014-12-31": "3.06", "2014-09-30": "2.37", "2014-06-30": "2.42", "2014-03-31": "2.24", "2013-12-31": "2.18", "2013-09-30": "2.32", "2013-06-30": "2.45", "2013-03-31": "2.55", "2012-12-31": "2.22", "2012-09-30": "2.33", "2012-06-30": "2.42", "2012-03-31": "2.06", "2011-12-31": "2.30", "2011-09-30": "2.33", "2011-06-30": "2.49", "2011-03-31": "2.22", "2010-12-31": "1.97", "2010-09-30": "2.00", "2010-06-30": "2.03", "2010-03-31": "2.02", "2009-12-31": "1.94", "2009-09-30": "2.02", "2009-06-30": "1.92", "2009-03-31": "1.74", "2008-12-31": "1.64", "2008-09-30": "1.67", "2008-06-30": "1.75", "2008-03-31": "1.74", "2007-12-31": "1.78", "2007-09-30": "1.68", "2007-06-30": "1.69", "2007-03-31": "1.60", "2006-12-31": "2.01", "2006-09-30": "2.18", "2006-06-30": "2.36", "2006-03-31": "2.26", "2005-12-31": "2.23", "2005-09-30": "2.10", "2005-06-30": "2.26", "2005-03-31": "2.11"}, "quick ratio": {"2020-12-31": "1.10", "2020-09-30": "1.05", "2020-06-30": "1.05", "2020-03-31": "1.04", "2019-12-31": "1.09", "2019-09-30": "1.01", "2019-06-30": "1.19", "2019-03-31": "1.10", "2018-12-31": "1.27", "2018-09-30": "1.07", "2018-06-30": "1.09", "2018-03-31": "1.03", "2017-12-31": "1.24", "2017-09-30": "1.16", "2017-06-30": "1.17", "2017-03-31": "1.14", "2016-12-31": "1.20", "2016-09-30": "1.63", "2016-06-30": "1.60", "2016-03-31": "1.83", "2015-12-31": "1.97", "2015-09-30": "2.20", "2015-06-30": "2.67", "2015-03-31": "2.78", "2014-12-31": "2.90", "2014-09-30": "2.26", "2014-06-30": "2.30", "2014-03-31": "2.05", "2013-12-31": "2.07", "2013-09-30": "2.13", "2013-06-30": "2.27", "2013-03-31": "2.37", "2012-12-31": "2.07", "2012-09-30": "2.16", "2012-06-30": "2.25", "2012-03-31": "1.93", "2011-12-31": "2.16", "2011-09-30": "2.20", "2011-06-30": "2.36", "2011-03-31": "2.11", "2010-12-31": "1.91", "2010-09-30": "1.84", "2010-06-30": "1.87", "2010-03-31": "1.86", "2009-12-31": "1.81", "2009-09-30": "1.82", "2009-06-30": "1.72", "2009-03-31": "1.51", "2008-12-31": "1.39", "2008-09-30": "1.45", "2008-06-30": "1.51", "2008-03-31": "1.49", "2007-12-31": "1.55", "2007-09-30": "1.45", "2007-06-30": "1.46", "2007-03-31": "1.38", "2006-12-31": "1.80", "2006-09-30": "1.98", "2006-06-30": "2.13", "2006-03-31": "2.04", "2005-12-31": "2.03", "2005-09-30": "1.90", "2005-06-30": "2.04", "2005-03-31": "1.86"}, "debt equity ratio": {"current": "0.00", "2020-12-31": "-21.10", "2020-09-30": "-15.00", "2020-06-30": "-13.73", "2020-03-31": "-12.52", "2019-12-31": "-16.58", "2019-09-30": "-10.57", "2019-06-30": "-11.46", "2019-03-31": "-10.17", "2018-12-31": "-8.37", "2018-09-30": "-7.43", "2018-06-30": "-6.95", "2018-03-31": "-6.88", "2017-12-31": "-5.75", "2017-09-30": "-11.54", "2017-06-30": "-9.50", "2017-03-31": "-8.85", "2016-12-31": "-9.89", "2016-09-30": "-14.30", "2016-06-30": "-13.49", "2016-03-31": "-67.05", "2015-12-31": "-87.94", "2015-09-30": "-28.13", "2015-06-30": "4.03", "2015-03-31": "3.50", "2014-12-31": "2.77", "2014-09-30": "2.76", "2014-06-30": "1.85", "2014-03-31": "2.10", "2013-12-31": "2.21", "2013-09-30": "3.46", "2013-06-30": "3.31", "2013-03-31": "3.04", "2012-12-31": "2.85", "2012-09-30": "2.08", "2012-06-30": "2.15", "2012-03-31": "2.03", "2011-12-31": "1.64", "2011-09-30": "1.40", "2011-06-30": "1.29", "2011-03-31": "1.59", "2010-12-31": "1.33", "2010-09-30": "1.46", "2010-06-30": "1.43", "2010-03-31": "1.52", "2009-12-31": "1.59", "2009-09-30": "1.53", "2009-06-30": "1.61", "2009-03-31": "1.75", "2008-12-31": "1.91", "2008-09-30": "1.26", "2008-06-30": "1.22", "2008-03-31": "1.25", "2007-12-31": "1.25", "2007-09-30": "1.31", "2007-06-30": "1.31", "2007-03-31": "1.46", "2006-12-31": "1.25", "2006-09-30": "1.18", "2006-06-30": "1.08", "2006-03-31": "1.15", "2005-12-31": "1.15", "2005-09-30": "1.12", "2005-06-30": "1.20", "2005-03-31": "1.25"}, "return on equity": {"2020-12-31": "-125.45%", "2020-09-30": "-98.48%", "2020-06-30": "-95.90%", "2020-03-31": "-100.14%", "2019-12-31": "-91.10%", "2019-09-30": "-95.10%", "2019-06-30": "-87.13%", "2019-03-31": "-76.15%", "2018-12-31": "-67.77%", "2018-09-30": "2.02%", "2018-06-30": "4.73%", "2018-03-31": "9.09%", "2017-12-31": "13.60%", "2017-09-30": "-70.21%", "2017-06-30": "-71.30%", "2017-03-31": "-74.81%", "2016-12-31": "-92.75%", "2016-09-30": "-152.66%", "2016-06-30": "-171.38%", "2016-03-31": "171.21%", "2015-12-31": "69.26%", "2015-09-30": "33.33%", "2015-06-30": "22.73%", "2015-03-31": "40.62%", "2014-12-31": "37.32%", "2014-09-30": "38.80%", "2014-06-30": "44.72%", "2014-03-31": "31.91%", "2013-12-31": "35.64%", "2013-09-30": "36.63%", "2013-06-30": "30.23%", "2013-03-31": "25.84%", "2012-12-31": "23.23%", "2012-09-30": "17.00%", "2012-06-30": "13.41%", "2012-03-31": "14.63%", "2011-12-31": "18.78%", "2011-09-30": "16.67%", "2011-06-30": "14.36%", "2011-03-31": "11.12%", "2010-12-31": "6.06%", "2010-09-30": "4.75%", "2010-06-30": "3.84%", "2010-03-31": "2.52%", "2009-12-31": "-0.53%", "2009-09-30": "-40.00%", "2009-06-30": "-39.40%", "2009-03-31": "-35.07%", "2008-12-31": "-31.07%", "2008-09-30": "-3.22%", "2008-06-30": "-0.20%", "2008-03-31": "-0.41%", "2007-12-31": "-0.33%", "2007-09-30": "3.06%", "2007-06-30": "8.63%", "2007-03-31": "16.84%", "2006-12-31": "21.49%", "2006-09-30": "25.06%", "2006-06-30": "30.31%", "2006-03-31": "28.72%", "2005-12-31": "30.08%"}, "return on assets": {"2020-12-31": "8.97%", "2020-09-30": "7.41%", "2020-06-30": "8.00%", "2020-03-31": "8.77%", "2019-12-31": "8.47%", "2019-09-30": "10.54%", "2019-06-30": "10.71%", "2019-03-31": "10.74%", "2018-12-31": "10.64%", "2018-09-30": "-0.35%", "2018-06-30": "-0.76%", "2018-03-31": "-1.35%", "2017-12-31": "-1.86%", "2017-09-30": "7.92%", "2017-06-30": "7.69%", "2017-03-31": "7.36%", "2016-12-31": "6.47%", "2016-09-30": "6.90%", "2016-06-30": "6.10%", "2016-03-31": "6.39%", "2015-12-31": "6.97%", "2015-09-30": "5.74%", "2015-06-30": "5.48%", "2015-03-31": "11.35%", "2014-12-31": "11.27%", "2014-09-30": "12.12%", "2014-06-30": "13.50%", "2014-03-31": "8.67%", "2013-12-31": "9.03%", "2013-09-30": "8.83%", "2013-06-30": "8.02%", "2013-03-31": "7.40%", "2012-12-31": "7.14%", "2012-09-30": "5.76%", "2012-06-30": "4.88%", "2012-03-31": "5.77%", "2011-12-31": "7.61%", "2011-09-30": "6.98%", "2011-06-30": "5.97%", "2011-03-31": "4.57%", "2010-12-31": "2.49%", "2010-09-30": "1.90%", "2010-06-30": "1.53%", "2010-03-31": "0.99%", "2009-12-31": "-0.20%", "2009-09-30": "-14.84%", "2009-06-30": "-15.23%", "2009-03-31": "-14.21%", "2008-12-31": "-13.17%", "2008-09-30": "-1.43%", "2008-06-30": "-0.09%", "2008-03-31": "-0.18%", "2007-12-31": "-0.14%", "2007-09-30": "1.31%", "2007-06-30": "3.76%", "2007-03-31": "7.53%", "2006-12-31": "9.91%", "2006-09-30": "11.70%", "2006-06-30": "14.25%", "2006-03-31": "13.33%", "2005-12-31": "13.82%"}, "return on investments": {"2020-12-31": "31.60%", "2020-09-30": "32.75%", "2020-06-30": "34.96%", "2020-03-31": "37.91%", "2019-12-31": "37.17%", "2019-09-30": "36.34%", "2019-06-30": "34.15%", "2019-03-31": "33.42%", "2018-12-31": "32.84%", "2018-09-30": "35.55%", "2018-06-30": "37.32%", "2018-03-31": "37.97%", "2017-12-31": "39.15%", "2017-09-30": "33.58%", "2017-06-30": "31.60%", "2017-03-31": "28.81%", "2016-12-31": "24.55%", "2016-09-30": "23.60%", "2016-06-30": "21.51%", "2016-03-31": "21.15%", "2015-12-31": "20.88%", "2015-09-30": "-16.30%", "2015-06-30": "-14.94%", "2015-03-31": "-15.96%", "2014-12-31": "-15.70%", "2014-09-30": "11.46%", "2014-06-30": "12.81%", "2014-03-31": "14.71%", "2013-12-31": "17.10%", "2013-09-30": "20.57%", "2013-06-30": "21.44%", "2013-03-31": "22.35%", "2012-12-31": "22.98%", "2012-09-30": "19.20%", "2012-06-30": "16.59%", "2012-03-31": "13.30%", "2011-12-31": "11.08%", "2011-09-30": "8.93%", "2011-06-30": "7.36%", "2011-03-31": "6.65%", "2010-12-31": "5.66%", "2010-09-30": "4.36%", "2010-06-30": "2.67%", "2010-03-31": "1.53%", "2009-12-31": "-2.69%", "2009-09-30": "-15.66%", "2009-06-30": "-17.37%", "2009-03-31": "-15.88%", "2008-12-31": "-13.52%", "2008-09-30": "-3.84%", "2008-06-30": "-1.55%", "2008-03-31": "-2.47%", "2007-12-31": "-3.07%", "2007-09-30": "1.21%", "2007-06-30": "6.32%", "2007-03-31": "14.53%", "2006-12-31": "19.92%", "2006-09-30": "24.40%", "2006-06-30": "25.30%", "2006-03-31": "22.93%", "2005-12-31": "23.60%"}, "return on tangible equity": {"2020-09-30": "-18.66%", "2020-06-30": "-19.90%", "2020-03-31": "-21.65%", "2019-12-31": "-20.42%", "2019-09-30": "-24.72%", "2019-06-30": "-24.52%", "2019-03-31": "-23.56%", "2018-12-31": "-22.57%", "2018-09-30": "0.75%", "2018-06-30": "1.76%", "2018-03-31": "3.47%", "2017-12-31": "5.43%", "2017-09-30": "-25.56%", "2017-06-30": "-28.65%", "2017-03-31": "-32.32%", "2016-12-31": "-38.97%", "2016-09-30": "-63.25%", "2016-06-30": "-63.97%", "2016-03-31": "-392.20%", "2015-12-31": "130.69%", "2015-09-30": "44.65%", "2015-06-30": "27.03%", "2015-03-31": "46.44%", "2014-12-31": "46.21%", "2014-09-30": "47.26%", "2014-06-30": "60.79%", "2014-03-31": "51.32%", "2013-12-31": "58.93%", "2013-09-30": "73.95%", "2013-06-30": "55.26%", "2013-03-31": "44.11%", "2012-12-31": "37.61%", "2012-09-30": "25.50%", "2012-06-30": "19.04%", "2012-03-31": "19.68%", "2011-12-31": "24.47%", "2011-09-30": "20.55%", "2011-06-30": "18.01%", "2011-03-31": "14.28%", "2010-12-31": "7.92%", "2010-09-30": "6.53%", "2010-06-30": "5.33%", "2010-03-31": "3.52%", "2009-12-31": "-0.74%", "2009-09-30": "-56.62%", "2009-06-30": "-56.02%", "2009-03-31": "-49.70%", "2008-12-31": "-44.01%", "2008-09-30": "-4.56%", "2008-06-30": "-0.28%", "2008-03-31": "-0.59%", "2007-12-31": "-0.47%", "2007-09-30": "4.08%", "2007-06-30": "10.37%", "2007-03-31": "18.57%", "2006-12-31": "22.04%", "2006-09-30": "25.06%", "2006-06-30": "30.31%", "2006-03-31": "28.72%", "2005-12-31": "30.08%"}, "dividend yield history": {"last payout": "$2.84", "last yield": "1.55%"}}