{"ticker": "MTB", "price": {"title": "M&T Bank Historical Annual Stock Price Data", "value": 142.21, "historical": {"2021": {"Average Stock Price": "140.7489", "Year Open": "126.8200", "Year High": "149.6500", "Year Low": "126.8200", "Year Close": "142.2100", "Annual % Change": "11.71%"}, "2020": {"Average Stock Price": "117.0040", "Year Open": "171.0700", "Year High": "173.0400", "Year Low": "88.1000", "Year Close": "127.3000", "Annual % Change": "-25.01%"}, "2019": {"Average Stock Price": "162.3656", "Year Open": "144.8900", "Year High": "176.0000", "Year Low": "142.9900", "Year Close": "169.7500", "Annual % Change": "18.60%"}, "2018": {"Average Stock Price": "174.6761", "Year Open": "171.1900", "Year High": "196.8100", "Year Low": "135.7400", "Year Close": "143.1300", "Annual % Change": "-16.29%"}, "2017": {"Average Stock Price": "160.6603", "Year Open": "156.7400", "Year High": "173.9000", "Year Low": "142.4700", "Year Close": "170.9900", "Annual % Change": "9.31%"}, "2016": {"Average Stock Price": "119.0862", "Year Open": "117.4800", "Year High": "158.1000", "Year Low": "100.7800", "Year Close": "156.4300", "Annual % Change": "29.09%"}, "2015": {"Average Stock Price": "122.8088", "Year Open": "125.3900", "Year High": "133.2000", "Year Low": "112.2800", "Year Close": "121.1800", "Annual % Change": "-3.53%"}, "2014": {"Average Stock Price": "120.8300", "Year Open": "115.0600", "Year High": "128.0300", "Year Low": "109.3000", "Year Close": "125.6200", "Annual % Change": "7.90%"}, "2013": {"Average Stock Price": "109.0594", "Year Open": "101.0300", "Year High": "119.3000", "Year Low": "96.5500", "Year Close": "116.4200", "Annual % Change": "18.23%"}, "2012": {"Average Stock Price": "88.1053", "Year Open": "78.0400", "Year High": "104.8800", "Year Low": "76.9800", "Year Close": "98.4700", "Annual % Change": "28.99%"}, "2011": {"Average Stock Price": "81.4673", "Year Open": "87.9000", "Year High": "91.0100", "Year Low": "67.4300", "Year Close": "76.3400", "Annual % Change": "-12.30%"}, "2010": {"Average Stock Price": "82.1196", "Year Open": "67.0100", "Year High": "94.4500", "Year Low": "67.0100", "Year Close": "87.0500", "Annual % Change": "30.14%"}, "2009": {"Average Stock Price": "53.6315", "Year Open": "57.3200", "Year High": "68.9600", "Year Low": "30.5000", "Year Close": "66.8900", "Annual % Change": "16.51%"}, "2008": {"Average Stock Price": "77.6737", "Year Open": "79.9800", "Year High": "97.0400", "Year Low": "53.6300", "Year Close": "57.4100", "Annual % Change": "-29.62%"}, "2007": {"Average Stock Price": "107.1014", "Year Open": "122.6800", "Year High": "124.7400", "Year Low": "79.3100", "Year Close": "81.5700", "Annual % Change": "-33.23%"}, "2006": {"Average Stock Price": "117.2633", "Year Open": "110.9900", "Year High": "124.2100", "Year Low": "106.4500", "Year Close": "122.1600", "Annual % Change": "12.02%"}, "2005": {"Average Stock Price": "105.0801", "Year Open": "105.8800", "Year High": "112.2800", "Year Low": "96.9300", "Year Close": "109.0500", "Annual % Change": "1.12%"}, "2004": {"Average Stock Price": "94.6571", "Year Open": "97.7000", "Year High": "108.0100", "Year Low": "83.3700", "Year Close": "107.8400", "Annual % Change": "9.70%"}, "2003": {"Average Stock Price": "86.4285", "Year Open": "81.6700", "Year High": "98.5500", "Year Low": "75.6900", "Year Close": "98.3000", "Annual % Change": "23.88%"}, "2002": {"Average Stock Price": "80.6771", "Year Open": "72.4100", "Year High": "89.9400", "Year Low": "68.0000", "Year Close": "79.3500", "Annual % Change": "8.92%"}, "2001": {"Average Stock Price": "71.7162", "Year Open": "64.8400", "Year High": "81.2300", "Year Low": "61.0900", "Year Close": "72.8500", "Annual % Change": "7.13%"}, "2000": {"Average Stock Price": "46.7871", "Year Open": "40.6560", "Year High": "68.0000", "Year Low": "36.4000", "Year Close": "68.0000", "Annual % Change": "64.15%"}, "1999": {"Average Stock Price": "49.4476", "Year Open": "51.6500", "Year High": "56.6560", "Year Low": "41.0000", "Year Close": "41.4250", "Annual % Change": "-20.17%"}, "1998": {"Average Stock Price": "49.1267", "Year Open": "46.1000", "Year High": "57.5250", "Year Low": "41.0000", "Year Close": "51.8940", "Annual % Change": "11.60%"}, "1997": {"Average Stock Price": "35.6108", "Year Open": "28.5000", "Year High": "46.5000", "Year Low": "28.1000", "Year Close": "46.5000", "Annual % Change": "61.46%"}, "1996": {"Average Stock Price": "24.7206", "Year Open": "21.6250", "Year High": "28.9630", "Year Low": "20.9130", "Year Close": "28.8000", "Annual % Change": "32.11%"}, "1995": {"Average Stock Price": "17.4795", "Year Open": "13.7500", "Year High": "21.8000", "Year Low": "13.6750", "Year Close": "21.8000", "Annual % Change": "60.29%"}, "1994": {"Average Stock Price": "14.7025", "Year Open": "14.0250", "Year High": "16.4630", "Year Low": "13.5000", "Year Close": "13.6000", "Annual % Change": "-3.37%"}, "1993": {"Average Stock Price": "14.2096", "Year Open": "13.4500", "Year High": "15.7880", "Year Low": "13.0500", "Year Close": "14.0750", "Annual % Change": "4.65%"}, "1992": {"Average Stock Price": "12.6454", "Year Open": "10.0000", "Year High": "14.2000", "Year Low": "10.0000", "Year Close": "13.4500", "Annual % Change": "34.84%"}}}, "market cap": {"value": "$18.35B"}, "income statement": {"Revenue": {"2020-12-31": "6281.15600", "2019-12-31": "6941.27100", "2018-12-31": "6454.71100", "2017-12-31": "6018.93800", "2016-12-31": "5721.86700", "2015-12-31": "4995.88100", "2014-12-31": "4736.15000", "2013-12-31": "4822.53900", "2012-12-31": "4608.95500", "2011-12-31": "4374.99900", "2010-12-31": "3837.89500", "2009-12-31": "3773.30300", "2008-12-31": "4216.57000", "2007-12-31": "4477.80200", "2006-12-31": "4359.94500", "2005-12-31": "3738.41200"}, "Cost Of Goods Sold": {"2020-12-31": "326.39500", "2019-12-31": "749.32900", "2018-12-31": "526.40900", "2017-12-31": "386.75100", "2016-12-31": "425.98400", "2015-12-31": "328.25700", "2014-12-31": "280.43100", "2013-12-31": "284.10500", "2012-12-31": "343.16900", "2011-12-31": "402.33100", "2010-12-31": "462.26900", "2009-12-31": "669.44900", "2008-12-31": "1337.79500", "2007-12-31": "1694.57600", "2006-12-31": "1496.55200", "2005-12-31": "994.35100"}, "Gross Profit": {"2020-12-31": "5954.76100", "2019-12-31": "6191.94200", "2018-12-31": "5928.30200", "2017-12-31": "5632.18700", "2016-12-31": "5295.88300", "2015-12-31": "4667.62400", "2014-12-31": "4455.71900", "2013-12-31": "4538.43400", "2012-12-31": "4265.78600", "2011-12-31": "3972.66800", "2010-12-31": "3375.62600", "2009-12-31": "3103.85400", "2008-12-31": "2878.77500", "2007-12-31": "2783.22600", "2006-12-31": "2863.39300", "2005-12-31": "2744.06100"}, "Research And Development Expenses": {"2020-12-31": "", "2019-12-31": "", "2018-12-31": "", "2017-12-31": "", "2016-12-31": "", "2015-12-31": "", "2014-12-31": "", "2013-12-31": "", "2012-12-31": "", "2011-12-31": "", "2010-12-31": "", "2009-12-31": "", "2008-12-31": "", "2007-12-31": "", "2006-12-31": "", "2005-12-31": ""}, "SG&A Expenses": {"2020-12-31": "3370.37100", "2019-12-31": "3625.19200", "2018-12-31": "3395.54000", "2017-12-31": "3276.95900", "2016-12-31": "3194.87200", "2015-12-31": "2966.50800", "2014-12-31": "2779.65000", "2013-12-31": "2725.95400", "2012-12-31": "2652.62900", "2011-12-31": "2686.45100", "2010-12-31": "2224.73400", "2009-12-31": "2520.30800", "2008-12-31": "2072.35000", "2007-12-31": "1753.20300", "2006-12-31": "1568.74300", "2005-12-31": "1516.33700"}, "Other Operating Income Or Expenses": {"2020-12-31": "", "2019-12-31": "", "2018-12-31": "", "2017-12-31": "", "2016-12-31": "", "2015-12-31": "", "2014-12-31": "", "2013-12-31": "", "2012-12-31": "", "2011-12-31": "", "2010-12-31": "", "2009-12-31": "", "2008-12-31": "", "2007-12-31": "", "2006-12-31": "", "2005-12-31": ""}, "Operating Expenses": {"2020-12-31": "3711.63500", "2019-12-31": "4394.01100", "2018-12-31": "3946.47100", "2017-12-31": "3695.07600", "2016-12-31": "3663.46900", "2015-12-31": "3321.18900", "2014-12-31": "3093.90500", "2013-12-31": "3056.97100", "2012-12-31": "3056.42900", "2011-12-31": "3150.39900", "2010-12-31": "2745.10600", "2009-12-31": "3254.01200", "2008-12-31": "3476.79100", "2007-12-31": "3514.26500", "2006-12-31": "3128.30300", "2005-12-31": "2567.49300"}, "Operating Income": {"2020-12-31": "2569.52100", "2019-12-31": "2547.26100", "2018-12-31": "2508.24000", "2017-12-31": "2323.86200", "2016-12-31": "2058.39800", "2015-12-31": "1674.69200", "2014-12-31": "1642.24500", "2013-12-31": "1765.56800", "2012-12-31": "1552.52600", "2011-12-31": "1224.60000", "2010-12-31": "1092.78900", "2009-12-31": "519.29080", "2008-12-31": "739.77930", "2007-12-31": "963.53690", "2006-12-31": "1231.64200", "2005-12-31": "1170.91900"}, "Total Non-Operating Income/Expense": {"2020-12-31": "", "2019-12-31": "", "2018-12-31": "", "2017-12-31": "", "2016-12-31": "", "2015-12-31": "", "2014-12-31": "", "2013-12-31": "", "2012-12-31": "", "2011-12-31": "", "2010-12-31": "", "2009-12-31": "", "2008-12-31": "", "2007-12-31": "", "2006-12-31": "", "2005-12-31": ""}, "Pre-Tax Income": {"2020-12-31": "1769.52100", "2019-12-31": "2547.26100", "2018-12-31": "2508.24000", "2017-12-31": "2323.86200", "2016-12-31": "2058.39800", "2015-12-31": "1674.69200", "2014-12-31": "1642.24500", "2013-12-31": "1765.56800", "2012-12-31": "1552.52600", "2011-12-31": "1224.60000", "2010-12-31": "1092.78900", "2009-12-31": "519.29100", "2008-12-31": "739.77900", "2007-12-31": "963.53700", "2006-12-31": "1231.64200", "2005-12-31": "1170.91900"}, "Income Taxes": {"2020-12-31": "416.36900", "2019-12-31": "618.11200", "2018-12-31": "590.16000", "2017-12-31": "915.55600", "2016-12-31": "743.28400", "2015-12-31": "595.02500", "2014-12-31": "575.99900", "2013-12-31": "627.08800", "2012-12-31": "523.02800", "2011-12-31": "365.12100", "2010-12-31": "356.62800", "2009-12-31": "139.40000", "2008-12-31": "183.89200", "2007-12-31": "309.27800", "2006-12-31": "392.45300", "2005-12-31": "388.73600"}, "Income After Taxes": {"2020-12-31": "1353.15200", "2019-12-31": "1929.14900", "2018-12-31": "1918.08000", "2017-12-31": "1408.30600", "2016-12-31": "1315.11400", "2015-12-31": "1079.66700", "2014-12-31": "1066.24600", "2013-12-31": "1138.48000", "2012-12-31": "1029.49800", "2011-12-31": "859.47900", "2010-12-31": "736.16090", "2009-12-31": "379.89100", "2008-12-31": "555.88700", "2007-12-31": "654.25900", "2006-12-31": "839.18900", "2005-12-31": "782.18300"}, "Other Income": {"2020-12-31": "", "2019-12-31": "", "2018-12-31": "", "2017-12-31": "", "2016-12-31": "", "2015-12-31": "", "2014-12-31": "", "2013-12-31": "", "2012-12-31": "", "2011-12-31": "", "2010-12-31": "", "2009-12-31": "", "2008-12-31": "", "2007-12-31": "", "2006-12-31": "", "2005-12-31": ""}, "Income From Continuous Operations": {"2020-12-31": "1353.15200", "2019-12-31": "1929.14900", "2018-12-31": "1918.08000", "2017-12-31": "1408.30600", "2016-12-31": "1315.11400", "2015-12-31": "1079.66700", "2014-12-31": "1066.24600", "2013-12-31": "1138.48000", "2012-12-31": "1029.49800", "2011-12-31": "859.47900", "2010-12-31": "736.16090", "2009-12-31": "379.89100", "2008-12-31": "555.88700", "2007-12-31": "654.25900", "2006-12-31": "839.18900", "2005-12-31": "782.18300"}, "Income From Discontinued Operations": {"2020-12-31": "", "2019-12-31": "", "2018-12-31": "", "2017-12-31": "", "2016-12-31": "", "2015-12-31": "", "2014-12-31": "", "2013-12-31": "", "2012-12-31": "", "2011-12-31": "", "2010-12-31": "", "2009-12-31": "", "2008-12-31": "", "2007-12-31": "", "2006-12-31": "", "2005-12-31": ""}, "Net Income": {"2020-12-31": "1353.15200", "2019-12-31": "1849.50900", "2018-12-31": "1836.02800", "2017-12-31": "1327.50300", "2016-12-31": "1223.45900", "2015-12-31": "987.68900", "2014-12-31": "978.53100", "2013-12-31": "1062.42900", "2012-12-31": "953.39000", "2011-12-31": "781.74300", "2010-12-31": "675.82600", "2009-12-31": "332.00600", "2008-12-31": "555.09600", "2007-12-31": "654.25900", "2006-12-31": "839.18900", "2005-12-31": "782.18300"}, "EBITDA": {"2020-12-31": "", "2019-12-31": "", "2018-12-31": "", "2017-12-31": "", "2016-12-31": "", "2015-12-31": "", "2014-12-31": "", "2013-12-31": "", "2012-12-31": "", "2011-12-31": "", "2010-12-31": "", "2009-12-31": "", "2008-12-31": "", "2007-12-31": "", "2006-12-31": "", "2005-12-31": ""}, "EBIT": {"2020-12-31": "", "2019-12-31": "", "2018-12-31": "", "2017-12-31": "", "2016-12-31": "", "2015-12-31": "", "2014-12-31": "", "2013-12-31": "", "2012-12-31": "", "2011-12-31": "", "2010-12-31": "", "2009-12-31": "", "2008-12-31": "", "2007-12-31": "", "2006-12-31": "", "2005-12-31": ""}, "Basic Shares Outstanding": {"2020-12-31": "136.13200", "2019-12-31": "134.42800", "2018-12-31": "143.99200", "2017-12-31": "152.15900", "2016-12-31": "156.78000", "2015-12-31": "136.80300", "2014-12-31": "130.95000", "2013-12-31": "128.65400", "2012-12-31": "125.86400", "2011-12-31": "122.66300", "2010-12-31": "118.19100", "2009-12-31": "114.66000", "2008-12-31": "110.21100", "2007-12-31": "108.12900", "2006-12-31": "111.17300", "2005-12-31": "113.68900"}, "Shares Outstanding": {"2020-12-31": "128.33300", "2019-12-31": "134.46200", "2018-12-31": "144.15100", "2017-12-31": "152.55100", "2016-12-31": "157.30400", "2015-12-31": "137.53300", "2014-12-31": "131.84400", "2013-12-31": "129.60300", "2012-12-31": "126.40500", "2011-12-31": "123.07900", "2010-12-31": "118.84300", "2009-12-31": "114.77600", "2008-12-31": "110.90400", "2007-12-31": "110.01200", "2006-12-31": "113.91800", "2005-12-31": "116.23200"}, "Basic EPS": {"2020-12-31": "9.94000", "2019-12-31": "13.76000", "2018-12-31": "12.75000", "2017-12-31": "8.72000", "2016-12-31": "7.80000", "2015-12-31": "7.22000", "2014-12-31": "7.47000", "2013-12-31": "8.26000", "2012-12-31": "7.57000", "2011-12-31": "6.37000", "2010-12-31": "5.72000", "2009-12-31": "2.90000", "2008-12-31": "5.04000", "2007-12-31": "6.05000", "2006-12-31": "7.55000", "2005-12-31": "6.88000"}, "EPS - Earnings Per Share": {"2020-12-31": "9.94000", "2019-12-31": "13.75000", "2018-12-31": "12.74000", "2017-12-31": "8.70000", "2016-12-31": "7.78000", "2015-12-31": "7.18000", "2014-12-31": "7.42000", "2013-12-31": "8.20000", "2012-12-31": "7.54000", "2011-12-31": "6.35000", "2010-12-31": "5.69000", "2009-12-31": "2.89000", "2008-12-31": "5.01000", "2007-12-31": "5.95000", "2006-12-31": "7.37000", "2005-12-31": "6.73000"}}, "income statement, quarterly": {"Revenue": {"2020-12-31": "1590.14000", "2020-09-30": "1521.72200", "2020-06-30": "1519.51500", "2020-03-31": "1649.77900", "2019-12-31": "1706.94200", "2019-09-30": "1757.24800", "2019-06-30": "1750.00800", "2019-03-31": "1727.07400", "2018-12-31": "1700.87700", "2018-09-30": "1626.66900", "2018-06-30": "1586.31900", "2018-03-31": "1540.84600", "2017-12-31": "1558.19200", "2017-09-30": "1516.63900", "2017-06-30": "1491.22900", "2017-03-31": "1452.87800", "2016-12-31": "1448.36000", "2016-09-30": "1460.86500", "2016-06-30": "1418.87500", "2016-03-31": "1393.76700", "2015-12-31": "1350.48500", "2015-09-30": "1209.72500", "2015-06-30": "1257.38100", "2015-03-31": "1178.29000", "2014-12-31": "1208.25500", "2014-09-30": "1194.13400", "2014-06-30": "1190.70200", "2014-03-31": "1143.05900", "2013-12-31": "1180.71200", "2013-09-30": "1220.07400", "2013-06-30": "1258.89600", "2013-03-31": "1162.85700", "2012-12-31": "1198.51700", "2012-09-30": "1190.58400", "2012-06-30": "1129.03600", "2012-03-31": "1090.81800", "2011-12-31": "1114.45400", "2011-09-30": "1088.73300", "2011-06-30": "1189.90900", "2011-03-31": "981.90300", "2010-12-31": "969.66290", "2010-09-30": "975.79900", "2010-06-30": "958.34100", "2010-03-31": "934.09200", "2009-12-31": "958.55880", "2009-09-30": "978.81900", "2009-06-30": "949.07200", "2009-03-31": "886.85300", "2008-12-31": "1015.91800", "2008-09-30": "915.07100", "2008-06-30": "1088.75600", "2008-03-31": "1196.82500", "2007-12-31": "1073.06400", "2007-09-30": "1145.91300", "2007-06-30": "1161.29300", "2007-03-31": "1097.53200", "2006-12-31": "1127.49100", "2006-09-30": "1126.73800", "2006-06-30": "1075.51300", "2006-03-31": "1030.20300", "2005-12-31": "1001.70500", "2005-09-30": "942.24800", "2005-06-30": "921.88000", "2005-03-31": "872.57900"}, "Cost Of Goods Sold": {"2020-12-31": "49.61000", "2020-09-30": "58.06600", "2020-06-30": "75.10500", "2020-03-31": "143.61400", "2019-12-31": "177.06900", "2019-09-30": "199.57900", "2019-06-30": "196.43200", "2019-03-31": "176.24900", "2018-12-31": "161.32100", "2018-09-30": "138.33700", "2018-06-30": "120.11800", "2018-03-31": "106.63300", "2017-12-31": "102.68900", "2017-09-30": "100.07600", "2017-06-30": "92.21300", "2017-03-31": "91.77300", "2016-12-31": "107.13700", "2016-09-30": "111.17500", "2016-06-30": "106.80200", "2016-03-31": "100.87000", "2015-12-31": "95.33300", "2015-09-30": "77.19900", "2015-06-30": "77.22600", "2015-03-31": "78.49900", "2014-12-31": "74.77200", "2014-09-30": "73.96400", "2014-06-30": "65.17600", "2014-03-31": "66.51900", "2013-12-31": "67.98200", "2013-09-30": "69.57800", "2013-06-30": "72.62000", "2013-03-31": "73.92500", "2012-12-31": "77.93100", "2012-09-30": "82.12900", "2012-06-30": "89.40300", "2012-03-31": "93.70600", "2011-12-31": "97.96900", "2011-09-30": "103.63200", "2011-06-30": "102.05100", "2011-03-31": "98.67900", "2010-12-31": "108.62800", "2010-09-30": "116.03200", "2010-06-30": "117.55700", "2010-03-31": "120.05200", "2009-12-31": "133.95000", "2009-09-30": "152.93800", "2009-06-30": "175.85600", "2009-03-31": "206.70500", "2008-12-31": "288.42600", "2008-09-30": "313.11500", "2008-06-30": "330.94200", "2008-03-31": "405.31200", "2007-12-31": "442.36400", "2007-09-30": "425.32600", "2007-06-30": "416.26400", "2007-03-31": "410.62200", "2006-12-31": "404.35600", "2006-09-30": "395.65200", "2006-06-30": "366.29800", "2006-03-31": "330.24600", "2005-12-31": "303.49300", "2005-09-30": "265.57600", "2005-06-30": "229.01600", "2005-03-31": "196.26600"}, "Gross Profit": {"2020-12-31": "1540.53000", "2020-09-30": "1463.65600", "2020-06-30": "1444.41000", "2020-03-31": "1506.16500", "2019-12-31": "1529.87300", "2019-09-30": "1557.66900", "2019-06-30": "1553.57600", "2019-03-31": "1550.82500", "2018-12-31": "1539.55600", "2018-09-30": "1488.33200", "2018-06-30": "1466.20100", "2018-03-31": "1434.21300", "2017-12-31": "1455.50300", "2017-09-30": "1416.56300", "2017-06-30": "1399.01600", "2017-03-31": "1361.10500", "2016-12-31": "1341.22300", "2016-09-30": "1349.69000", "2016-06-30": "1312.07300", "2016-03-31": "1292.89700", "2015-12-31": "1255.15200", "2015-09-30": "1132.52600", "2015-06-30": "1180.15500", "2015-03-31": "1099.79100", "2014-12-31": "1133.48300", "2014-09-30": "1120.17000", "2014-06-30": "1125.52600", "2014-03-31": "1076.54000", "2013-12-31": "1112.73000", "2013-09-30": "1150.49600", "2013-06-30": "1186.27600", "2013-03-31": "1088.93200", "2012-12-31": "1120.58600", "2012-09-30": "1108.45500", "2012-06-30": "1039.63300", "2012-03-31": "997.11200", "2011-12-31": "1016.48500", "2011-09-30": "985.10100", "2011-06-30": "1087.85800", "2011-03-31": "883.22390", "2010-12-31": "861.03490", "2010-09-30": "859.76700", "2010-06-30": "840.78400", "2010-03-31": "814.04000", "2009-12-31": "824.60890", "2009-09-30": "825.88100", "2009-06-30": "773.21590", "2009-03-31": "680.14800", "2008-12-31": "727.49220", "2008-09-30": "601.95600", "2008-06-30": "757.81400", "2008-03-31": "791.51290", "2007-12-31": "630.69980", "2007-09-30": "720.58700", "2007-06-30": "745.02890", "2007-03-31": "686.91000", "2006-12-31": "723.13530", "2006-09-30": "731.08610", "2006-06-30": "709.21500", "2006-03-31": "699.95700", "2005-12-31": "698.21200", "2005-09-30": "676.67210", "2005-06-30": "692.86400", "2005-03-31": "676.31300"}, "Research And Development Expenses": {"2020-12-31": "", "2020-09-30": "", "2020-06-30": "", "2020-03-31": "", "2019-12-31": "", "2019-09-30": "", "2019-06-30": "", "2019-03-31": "", "2018-12-31": "", "2018-09-30": "", "2018-06-30": "", "2018-03-31": "", "2017-12-31": "", "2017-09-30": "", "2017-06-30": "", "2017-03-31": "", "2016-12-31": "", "2016-09-30": "", "2016-06-30": "", "2016-03-31": "", "2015-12-31": "", "2015-09-30": "", "2015-06-30": "", "2015-03-31": "", "2014-12-31": "", "2014-09-30": "", "2014-06-30": "", "2014-03-31": "", "2013-12-31": "", "2013-09-30": "", "2013-06-30": "", "2013-03-31": "", "2012-12-31": "", "2012-09-30": "", "2012-06-30": "", "2012-03-31": "", "2011-12-31": "", "2011-09-30": "", "2011-06-30": "", "2011-03-31": "", "2010-12-31": "", "2010-09-30": "", "2010-06-30": "", "2010-03-31": "", "2009-12-31": "", "2009-09-30": "", "2009-06-30": "", "2009-03-31": "", "2008-12-31": "", "2008-09-30": "", "2008-06-30": "", "2008-03-31": "", "2007-12-31": "", "2007-09-30": "", "2007-06-30": "", "2007-03-31": "", "2006-12-31": "", "2006-09-30": "", "2006-06-30": "", "2006-03-31": "", "2005-12-31": "", "2005-09-30": "", "2005-06-30": "", "2005-03-31": ""}, "SG&A Expenses": {"2020-12-31": "916.87900", "2020-09-30": "972.86000", "2020-06-30": "1128.12900", "2020-03-31": "1152.50300", "2019-12-31": "873.37790", "2019-09-30": "917.53100", "2019-06-30": "922.95500", "2019-03-31": "911.32810", "2018-12-31": "834.80300", "2018-09-30": "785.83600", "2018-06-30": "805.18900", "2018-03-31": "969.71200", "2017-12-31": "819.78810", "2017-09-30": "828.21700", "2017-06-30": "794.52200", "2017-03-31": "834.43200", "2016-12-31": "822.01390", "2016-09-30": "789.60500", "2016-06-30": "770.47700", "2016-03-31": "812.77600", "2015-12-31": "834.53720", "2015-09-30": "693.72600", "2015-06-30": "720.66300", "2015-03-31": "717.58200", "2014-12-31": "692.05090", "2014-09-30": "687.00100", "2014-06-30": "688.42600", "2014-03-31": "712.17200", "2013-12-31": "726.61400", "2013-09-30": "695.99800", "2013-06-30": "643.08900", "2013-03-31": "660.25300", "2012-12-31": "661.28100", "2012-09-30": "647.94200", "2012-06-30": "671.48500", "2012-03-31": "671.92100", "2011-12-31": "796.42110", "2011-09-30": "702.61800", "2011-06-30": "625.15500", "2011-03-31": "562.25700", "2010-12-31": "541.00490", "2010-09-30": "559.60700", "2010-06-30": "546.23500", "2010-03-31": "577.88700", "2009-12-31": "606.72100", "2009-09-30": "637.13200", "2009-06-30": "695.47900", "2009-03-31": "580.97600", "2008-12-31": "582.11100", "2008-09-30": "519.92300", "2008-06-30": "503.09500", "2008-03-31": "467.22100", "2007-12-31": "526.29900", "2007-09-30": "408.82600", "2007-06-30": "406.19400", "2007-03-31": "407.68100", "2006-12-31": "393.12310", "2006-09-30": "406.00500", "2006-06-30": "382.64000", "2006-03-31": "386.97500", "2005-12-31": "379.41090", "2005-09-30": "376.32400", "2005-06-30": "385.38600", "2005-03-31": "375.21600"}, "Other Operating Income Or Expenses": {"2020-12-31": "", "2020-09-30": "", "2020-06-30": "", "2020-03-31": "", "2019-12-31": "", "2019-09-30": "", "2019-06-30": "", "2019-03-31": "", "2018-12-31": "", "2018-09-30": "", "2018-06-30": "", "2018-03-31": "", "2017-12-31": "", "2017-09-30": "", "2017-06-30": "", "2017-03-31": "", "2016-12-31": "", "2016-09-30": "", "2016-06-30": "", "2016-03-31": "", "2015-12-31": "", "2015-09-30": "", "2015-06-30": "", "2015-03-31": "", "2014-12-31": "", "2014-09-30": "", "2014-06-30": "", "2014-03-31": "", "2013-12-31": "", "2013-09-30": "", "2013-06-30": "", "2013-03-31": "", "2012-12-31": "", "2012-09-30": "", "2012-06-30": "", "2012-03-31": "", "2011-12-31": "", "2011-09-30": "", "2011-06-30": "", "2011-03-31": "", "2010-12-31": "", "2010-09-30": "", "2010-06-30": "", "2010-03-31": "", "2009-12-31": "", "2009-09-30": "", "2009-06-30": "", "2009-03-31": "", "2008-12-31": "", "2008-09-30": "", "2008-06-30": "", "2008-03-31": "", "2007-12-31": "", "2007-09-30": "", "2007-06-30": "", "2007-03-31": "", "2006-12-31": "", "2006-09-30": "", "2006-06-30": "", "2006-03-31": "", "2005-12-31": "", "2005-09-30": "", "2005-06-30": "", "2005-03-31": ""}, "Operating Expenses": {"2020-12-31": "969.61800", "2020-09-30": "1034.84000", "2020-06-30": "1207.14700", "2020-03-31": "1300.03000", "2019-12-31": "1054.75200", "2019-09-30": "1122.19800", "2019-06-30": "1124.46400", "2019-03-31": "1092.59700", "2018-12-31": "1001.48300", "2018-09-30": "930.31600", "2018-06-30": "931.69490", "2018-03-31": "1082.97700", "2017-12-31": "929.50210", "2017-09-30": "936.10100", "2017-06-30": "894.84800", "2017-03-31": "934.62500", "2016-12-31": "938.23990", "2016-09-30": "910.56700", "2016-06-30": "888.69700", "2016-03-31": "925.96500", "2015-12-31": "939.44620", "2015-09-30": "775.01500", "2015-06-30": "803.85390", "2015-03-31": "802.87400", "2014-12-31": "773.99290", "2014-09-30": "768.32300", "2014-06-30": "762.83610", "2014-03-31": "788.75300", "2013-12-31": "805.03500", "2013-09-30": "776.20400", "2013-06-30": "728.21100", "2013-03-31": "747.52100", "2012-12-31": "753.07700", "2012-09-30": "744.15600", "2012-06-30": "776.79500", "2012-03-31": "782.40100", "2011-12-31": "911.55210", "2011-09-30": "823.65100", "2011-06-30": "741.94600", "2011-03-31": "673.24990", "2010-12-31": "662.90190", "2010-09-30": "689.16500", "2010-06-30": "678.62500", "2010-03-31": "714.41390", "2009-12-31": "757.40100", "2009-09-30": "806.99400", "2009-06-30": "886.56600", "2009-03-31": "803.05100", "2008-12-31": "886.24500", "2008-09-30": "848.87790", "2008-06-30": "850.65200", "2008-03-31": "891.01600", "2007-12-31": "984.63390", "2007-09-30": "849.85400", "2007-06-30": "838.91500", "2007-03-31": "836.65900", "2006-12-31": "816.16610", "2006-09-30": "821.59300", "2006-06-30": "760.29500", "2006-03-31": "730.24900", "2005-12-31": "695.60700", "2005-09-30": "655.82600", "2005-06-30": "628.45700", "2005-03-31": "587.60300"}, "Operating Income": {"2020-12-31": "620.52200", "2020-09-30": "486.88200", "2020-06-30": "312.36790", "2020-03-31": "349.74890", "2019-12-31": "652.18970", "2019-09-30": "635.05000", "2019-06-30": "625.54390", "2019-03-31": "634.47690", "2018-12-31": "699.39380", "2018-09-30": "696.35290", "2018-06-30": "654.62410", "2018-03-31": "457.86900", "2017-12-31": "628.68970", "2017-09-30": "580.53800", "2017-06-30": "596.38100", "2017-03-31": "518.25310", "2016-12-31": "510.12010", "2016-09-30": "550.29800", "2016-06-30": "530.17800", "2016-03-31": "467.80190", "2015-12-31": "411.03860", "2015-09-30": "434.71000", "2015-06-30": "453.52700", "2015-03-31": "375.41600", "2014-12-31": "434.26200", "2014-09-30": "425.81100", "2014-06-30": "427.86580", "2014-03-31": "354.30610", "2013-12-31": "375.67710", "2013-09-30": "443.86990", "2013-06-30": "530.68500", "2013-03-31": "415.33590", "2012-12-31": "445.43990", "2012-09-30": "446.42800", "2012-06-30": "352.24100", "2012-03-31": "308.41700", "2011-12-31": "202.90210", "2011-09-30": "265.08200", "2011-06-30": "447.96290", "2011-03-31": "308.65300", "2010-12-31": "306.76100", "2010-09-30": "286.63400", "2010-06-30": "279.71600", "2010-03-31": "219.67800", "2009-12-31": "201.15780", "2009-09-30": "171.82510", "2009-06-30": "62.50590", "2009-03-31": "83.80210", "2008-12-31": "129.67320", "2008-09-30": "66.19310", "2008-06-30": "238.10400", "2008-03-31": "305.80900", "2007-12-31": "88.42980", "2007-09-30": "296.05900", "2007-06-30": "322.37790", "2007-03-31": "260.87300", "2006-12-31": "311.32520", "2006-09-30": "305.14500", "2006-06-30": "315.21790", "2006-03-31": "299.95400", "2005-12-31": "306.09810", "2005-09-30": "286.42210", "2005-06-30": "293.42300", "2005-03-31": "284.97600"}, "Total Non-Operating Income/Expense": {"2020-12-31": "", "2020-09-30": "", "2020-06-30": "", "2020-03-31": "", "2019-12-31": "", "2019-09-30": "", "2019-06-30": "", "2019-03-31": "", "2018-12-31": "", "2018-09-30": "", "2018-06-30": "", "2018-03-31": "", "2017-12-31": "", "2017-09-30": "", "2017-06-30": "", "2017-03-31": "", "2016-12-31": "", "2016-09-30": "", "2016-06-30": "", "2016-03-31": "", "2015-12-31": "", "2015-09-30": "", "2015-06-30": "", "2015-03-31": "", "2014-12-31": "", "2014-09-30": "", "2014-06-30": "", "2014-03-31": "", "2013-12-31": "", "2013-09-30": "", "2013-06-30": "", "2013-03-31": "", "2012-12-31": "", "2012-09-30": "", "2012-06-30": "", "2012-03-31": "", "2011-12-31": "", "2011-09-30": "", "2011-06-30": "", "2011-03-31": "", "2010-12-31": "", "2010-09-30": "", "2010-06-30": "", "2010-03-31": "", "2009-12-31": "", "2009-09-30": "", "2009-06-30": "", "2009-03-31": "", "2008-12-31": "", "2008-09-30": "", "2008-06-30": "", "2008-03-31": "", "2007-12-31": "", "2007-09-30": "", "2007-06-30": "", "2007-03-31": "", "2006-12-31": "", "2006-09-30": "", "2006-06-30": "", "2006-03-31": "", "2005-12-31": "", "2005-09-30": "", "2005-06-30": "", "2005-03-31": ""}, "Pre-Tax Income": {"2020-12-31": "620.52200", "2020-09-30": "486.88200", "2020-06-30": "312.36800", "2020-03-31": "349.74900", "2019-12-31": "652.19000", "2019-09-30": "635.05000", "2019-06-30": "625.54400", "2019-03-31": "634.47700", "2018-12-31": "699.39390", "2018-09-30": "696.35300", "2018-06-30": "654.62400", "2018-03-31": "457.86900", "2017-12-31": "628.69000", "2017-09-30": "580.53800", "2017-06-30": "596.38100", "2017-03-31": "518.25300", "2016-12-31": "510.12000", "2016-09-30": "550.29800", "2016-06-30": "530.17800", "2016-03-31": "467.80200", "2015-12-31": "411.03910", "2015-09-30": "434.71000", "2015-06-30": "453.52700", "2015-03-31": "375.41600", "2014-12-31": "434.26200", "2014-09-30": "425.81100", "2014-06-30": "427.86600", "2014-03-31": "354.30600", "2013-12-31": "375.67700", "2013-09-30": "443.87000", "2013-06-30": "530.68500", "2013-03-31": "415.33600", "2012-12-31": "445.44010", "2012-09-30": "446.42800", "2012-06-30": "352.24100", "2012-03-31": "308.41700", "2011-12-31": "202.90190", "2011-09-30": "265.08200", "2011-06-30": "447.96300", "2011-03-31": "308.65300", "2010-12-31": "306.76090", "2010-09-30": "286.63400", "2010-06-30": "279.71600", "2010-03-31": "219.67800", "2009-12-31": "201.15800", "2009-09-30": "171.82500", "2009-06-30": "62.50600", "2009-03-31": "83.80200", "2008-12-31": "129.67300", "2008-09-30": "66.19300", "2008-06-30": "238.10400", "2008-03-31": "305.80900", "2007-12-31": "84.22710", "2007-09-30": "296.05900", "2007-06-30": "322.37800", "2007-03-31": "260.87300", "2006-12-31": "311.32490", "2006-09-30": "305.14500", "2006-06-30": "315.21800", "2006-03-31": "299.95400", "2005-12-31": "306.09800", "2005-09-30": "286.42200", "2005-06-30": "293.42300", "2005-03-31": "284.97600"}, "Income Taxes": {"2020-12-31": "149.38200", "2020-09-30": "114.74600", "2020-06-30": "71.31400", "2020-03-31": "80.92700", "2019-12-31": "159.12400", "2019-09-30": "154.96900", "2019-06-30": "152.28400", "2019-03-31": "151.73500", "2018-12-31": "153.17500", "2018-09-30": "170.26200", "2018-06-30": "161.46400", "2018-03-31": "105.25900", "2017-12-31": "306.28700", "2017-09-30": "224.61500", "2017-06-30": "215.32800", "2017-03-31": "169.32600", "2016-12-31": "179.54900", "2016-09-30": "200.31400", "2016-06-30": "194.14700", "2016-03-31": "169.27400", "2015-12-31": "140.07400", "2015-09-30": "154.30900", "2015-06-30": "166.83900", "2015-03-31": "133.80300", "2014-12-31": "156.71300", "2014-09-30": "150.46700", "2014-06-30": "143.53000", "2014-03-31": "125.28900", "2013-12-31": "154.25500", "2013-09-30": "149.39100", "2013-06-30": "182.21900", "2013-03-31": "141.22300", "2012-12-31": "149.24700", "2012-09-30": "152.96600", "2012-06-30": "118.86100", "2012-03-31": "101.95400", "2011-12-31": "55.16200", "2011-09-30": "81.97400", "2011-06-30": "125.60500", "2011-03-31": "102.38000", "2010-12-31": "102.31900", "2010-09-30": "94.61900", "2010-06-30": "90.96700", "2010-03-31": "68.72300", "2009-12-31": "64.34000", "2009-09-30": "44.16100", "2009-06-30": "11.31800", "2009-03-31": "19.58100", "2008-12-31": "27.43200", "2008-09-30": "-24.99200", "2008-06-30": "77.83900", "2008-03-31": "103.61300", "2007-12-31": "19.29700", "2007-09-30": "96.87200", "2007-06-30": "108.20900", "2007-03-31": "84.90000", "2006-12-31": "97.99600", "2006-09-30": "94.77500", "2006-06-30": "102.64500", "2006-03-31": "97.03700", "2005-12-31": "101.11300", "2005-09-30": "95.34800", "2005-06-30": "96.58900", "2005-03-31": "95.68600"}, "Income After Taxes": {"2020-12-31": "471.14000", "2020-09-30": "372.13600", "2020-06-30": "241.05400", "2020-03-31": "268.82200", "2019-12-31": "493.06590", "2019-09-30": "480.08100", "2019-06-30": "473.26000", "2019-03-31": "482.74200", "2018-12-31": "546.21900", "2018-09-30": "526.09110", "2018-06-30": "493.16000", "2018-03-31": "352.61000", "2017-12-31": "322.40310", "2017-09-30": "355.92300", "2017-06-30": "381.05300", "2017-03-31": "348.92700", "2016-12-31": "330.57100", "2016-09-30": "349.98400", "2016-06-30": "336.03100", "2016-03-31": "298.52800", "2015-12-31": "270.96500", "2015-09-30": "280.40100", "2015-06-30": "286.68800", "2015-03-31": "241.61300", "2014-12-31": "277.54900", "2014-09-30": "275.34400", "2014-06-30": "284.33600", "2014-03-31": "229.01700", "2013-12-31": "221.42200", "2013-09-30": "294.47900", "2013-06-30": "348.46600", "2013-03-31": "274.11300", "2012-12-31": "296.19300", "2012-09-30": "293.46200", "2012-06-30": "233.38000", "2012-03-31": "206.46300", "2011-12-31": "147.74000", "2011-09-30": "183.10800", "2011-06-30": "322.35800", "2011-03-31": "206.27300", "2010-12-31": "204.44200", "2010-09-30": "192.01500", "2010-06-30": "188.74900", "2010-03-31": "150.95500", "2009-12-31": "136.81800", "2009-09-30": "127.66400", "2009-06-30": "51.18800", "2009-03-31": "64.22100", "2008-12-31": "102.24100", "2008-09-30": "91.18500", "2008-06-30": "160.26500", "2008-03-31": "202.19600", "2007-12-31": "64.93000", "2007-09-30": "199.18700", "2007-06-30": "214.16900", "2007-03-31": "175.97300", "2006-12-31": "213.32900", "2006-09-30": "210.37000", "2006-06-30": "212.57300", "2006-03-31": "202.91700", "2005-12-31": "204.98500", "2005-09-30": "191.07400", "2005-06-30": "196.83400", "2005-03-31": "189.29000"}, "Other Income": {"2020-12-31": "", "2020-09-30": "", "2020-06-30": "", "2020-03-31": "", "2019-12-31": "", "2019-09-30": "", "2019-06-30": "", "2019-03-31": "", "2018-12-31": "", "2018-09-30": "", "2018-06-30": "", "2018-03-31": "", "2017-12-31": "", "2017-09-30": "", "2017-06-30": "", "2017-03-31": "", "2016-12-31": "", "2016-09-30": "", "2016-06-30": "", "2016-03-31": "", "2015-12-31": "", "2015-09-30": "", "2015-06-30": "", "2015-03-31": "", "2014-12-31": "", "2014-09-30": "", "2014-06-30": "", "2014-03-31": "", "2013-12-31": "", "2013-09-30": "", "2013-06-30": "", "2013-03-31": "", "2012-12-31": "", "2012-09-30": "", "2012-06-30": "", "2012-03-31": "", "2011-12-31": "", "2011-09-30": "", "2011-06-30": "", "2011-03-31": "", "2010-12-31": "", "2010-09-30": "", "2010-06-30": "", "2010-03-31": "", "2009-12-31": "", "2009-09-30": "", "2009-06-30": "", "2009-03-31": "", "2008-12-31": "", "2008-09-30": "", "2008-06-30": "", "2008-03-31": "", "2007-12-31": "", "2007-09-30": "", "2007-06-30": "", "2007-03-31": "", "2006-12-31": "", "2006-09-30": "", "2006-06-30": "", "2006-03-31": "", "2005-12-31": "", "2005-09-30": "", "2005-06-30": "", "2005-03-31": ""}, "Income From Continuous Operations": {"2020-12-31": "471.14000", "2020-09-30": "372.13600", "2020-06-30": "241.05400", "2020-03-31": "268.82200", "2019-12-31": "493.06590", "2019-09-30": "480.08100", "2019-06-30": "473.26000", "2019-03-31": "482.74200", "2018-12-31": "546.21900", "2018-09-30": "526.09110", "2018-06-30": "493.16000", "2018-03-31": "352.61000", "2017-12-31": "322.40310", "2017-09-30": "355.92300", "2017-06-30": "381.05300", "2017-03-31": "348.92700", "2016-12-31": "330.57100", "2016-09-30": "349.98400", "2016-06-30": "336.03100", "2016-03-31": "298.52800", "2015-12-31": "270.96500", "2015-09-30": "280.40100", "2015-06-30": "286.68800", "2015-03-31": "241.61300", "2014-12-31": "277.54900", "2014-09-30": "275.34400", "2014-06-30": "284.33600", "2014-03-31": "229.01700", "2013-12-31": "221.42200", "2013-09-30": "294.47900", "2013-06-30": "348.46600", "2013-03-31": "274.11300", "2012-12-31": "296.19300", "2012-09-30": "293.46200", "2012-06-30": "233.38000", "2012-03-31": "206.46300", "2011-12-31": "147.74000", "2011-09-30": "183.10800", "2011-06-30": "322.35800", "2011-03-31": "206.27300", "2010-12-31": "204.44200", "2010-09-30": "192.01500", "2010-06-30": "188.74900", "2010-03-31": "150.95500", "2009-12-31": "136.81800", "2009-09-30": "127.66400", "2009-06-30": "51.18800", "2009-03-31": "64.22100", "2008-12-31": "102.24100", "2008-09-30": "91.18500", "2008-06-30": "160.26500", "2008-03-31": "202.19600", "2007-12-31": "64.93000", "2007-09-30": "199.18700", "2007-06-30": "214.16900", "2007-03-31": "175.97300", "2006-12-31": "213.32900", "2006-09-30": "210.37000", "2006-06-30": "212.57300", "2006-03-31": "202.91700", "2005-12-31": "204.98500", "2005-09-30": "191.07400", "2005-06-30": "196.83400", "2005-03-31": "189.29000"}, "Income From Discontinued Operations": {"2020-12-31": "", "2020-09-30": "", "2020-06-30": "", "2020-03-31": "", "2019-12-31": "", "2019-09-30": "", "2019-06-30": "", "2019-03-31": "", "2018-12-31": "", "2018-09-30": "", "2018-06-30": "", "2018-03-31": "", "2017-12-31": "", "2017-09-30": "", "2017-06-30": "", "2017-03-31": "", "2016-12-31": "", "2016-09-30": "", "2016-06-30": "", "2016-03-31": "", "2015-12-31": "", "2015-09-30": "", "2015-06-30": "", "2015-03-31": "", "2014-12-31": "", "2014-09-30": "", "2014-06-30": "", "2014-03-31": "", "2013-12-31": "", "2013-09-30": "", "2013-06-30": "", "2013-03-31": "", "2012-12-31": "", "2012-09-30": "", "2012-06-30": "", "2012-03-31": "", "2011-12-31": "", "2011-09-30": "", "2011-06-30": "", "2011-03-31": "", "2010-12-31": "", "2010-09-30": "", "2010-06-30": "", "2010-03-31": "", "2009-12-31": "", "2009-09-30": "", "2009-06-30": "", "2009-03-31": "", "2008-12-31": "", "2008-09-30": "", "2008-06-30": "", "2008-03-31": "", "2007-12-31": "", "2007-09-30": "", "2007-06-30": "", "2007-03-31": "", "2006-12-31": "", "2006-09-30": "", "2006-06-30": "", "2006-03-31": "", "2005-12-31": "", "2005-09-30": "", "2005-06-30": "", "2005-03-31": ""}, "Net Income": {"2020-12-31": "471.14000", "2020-09-30": "353.39900", "2020-06-30": "223.09800", "2020-03-31": "250.70100", "2019-12-31": "473.38100", "2019-09-30": "461.41000", "2019-06-30": "452.63200", "2019-03-31": "462.08600", "2018-12-31": "525.31890", "2018-09-30": "505.36300", "2018-06-30": "472.59800", "2018-03-31": "332.74800", "2017-12-31": "302.48210", "2017-09-30": "335.80100", "2017-06-30": "360.65800", "2017-03-31": "328.56200", "2016-12-31": "307.75500", "2016-09-30": "326.99200", "2016-06-30": "312.96800", "2016-03-31": "275.74400", "2015-12-31": "248.05100", "2015-09-30": "257.33700", "2015-06-30": "263.47100", "2015-03-31": "218.83000", "2014-12-31": "254.22600", "2014-09-30": "251.90500", "2014-06-30": "260.68000", "2014-03-31": "211.72000", "2013-12-31": "203.47600", "2013-09-30": "275.33600", "2013-06-30": "328.53800", "2013-03-31": "255.07900", "2012-12-31": "276.56000", "2012-09-30": "273.88500", "2012-06-30": "214.70900", "2012-03-31": "188.23600", "2011-12-31": "129.79790", "2011-09-30": "164.66800", "2011-06-30": "297.16400", "2011-03-31": "190.11300", "2010-12-31": "189.03000", "2010-09-30": "176.78000", "2010-06-30": "173.58800", "2010-03-31": "136.42800", "2009-12-31": "122.97800", "2009-09-30": "113.89400", "2009-06-30": "40.51600", "2009-03-31": "54.61800", "2008-12-31": "101.45000", "2008-09-30": "91.18500", "2008-06-30": "160.26500", "2008-03-31": "202.19600", "2007-12-31": "64.93000", "2007-09-30": "199.18700", "2007-06-30": "214.16900", "2007-03-31": "175.97300", "2006-12-31": "213.32900", "2006-09-30": "210.37000", "2006-06-30": "212.57300", "2006-03-31": "202.91700", "2005-12-31": "204.98500", "2005-09-30": "191.07400", "2005-06-30": "196.83400", "2005-03-31": "189.29000"}, "EBITDA": {"2020-12-31": "", "2020-09-30": "", "2020-06-30": "", "2020-03-31": "", "2019-12-31": "", "2019-09-30": "", "2019-06-30": "", "2019-03-31": "", "2018-12-31": "", "2018-09-30": "", "2018-06-30": "", "2018-03-31": "", "2017-12-31": "", "2017-09-30": "", "2017-06-30": "", "2017-03-31": "", "2016-12-31": "", "2016-09-30": "", "2016-06-30": "", "2016-03-31": "", "2015-12-31": "", "2015-09-30": "", "2015-06-30": "", "2015-03-31": "", "2014-12-31": "", "2014-09-30": "", "2014-06-30": "", "2014-03-31": "", "2013-12-31": "", "2013-09-30": "", "2013-06-30": "", "2013-03-31": "", "2012-12-31": "", "2012-09-30": "", "2012-06-30": "", "2012-03-31": "", "2011-12-31": "", "2011-09-30": "", "2011-06-30": "", "2011-03-31": "", "2010-12-31": "", "2010-09-30": "", "2010-06-30": "", "2010-03-31": "", "2009-12-31": "", "2009-09-30": "", "2009-06-30": "", "2009-03-31": "", "2008-12-31": "", "2008-09-30": "", "2008-06-30": "", "2008-03-31": "", "2007-12-31": "", "2007-09-30": "", "2007-06-30": "", "2007-03-31": "", "2006-12-31": "", "2006-09-30": "", "2006-06-30": "", "2006-03-31": "", "2005-12-31": "", "2005-09-30": "", "2005-06-30": "", "2005-03-31": ""}, "EBIT": {"2020-12-31": "", "2020-09-30": "", "2020-06-30": "", "2020-03-31": "", "2019-12-31": "", "2019-09-30": "", "2019-06-30": "", "2019-03-31": "", "2018-12-31": "", "2018-09-30": "", "2018-06-30": "", "2018-03-31": "", "2017-12-31": "", "2017-09-30": "", "2017-06-30": "", "2017-03-31": "", "2016-12-31": "", "2016-09-30": "", "2016-06-30": "", "2016-03-31": "", "2015-12-31": "", "2015-09-30": "", "2015-06-30": "", "2015-03-31": "", "2014-12-31": "", "2014-09-30": "", "2014-06-30": "", "2014-03-31": "", "2013-12-31": "", "2013-09-30": "", "2013-06-30": "", "2013-03-31": "", "2012-12-31": "", "2012-09-30": "", "2012-06-30": "", "2012-03-31": "", "2011-12-31": "", "2011-09-30": "", "2011-06-30": "", "2011-03-31": "", "2010-12-31": "", "2010-09-30": "", "2010-06-30": "", "2010-03-31": "", "2009-12-31": "", "2009-09-30": "", "2009-06-30": "", "2009-03-31": "", "2008-12-31": "", "2008-09-30": "", "2008-06-30": "", "2008-03-31": "", "2007-12-31": "", "2007-09-30": "", "2007-06-30": "", "2007-03-31": "", "2006-12-31": "", "2006-09-30": "", "2006-06-30": "", "2006-03-31": "", "2005-12-31": "", "2005-09-30": "", "2005-06-30": "", "2005-03-31": ""}, "Basic Shares Outstanding": {"2020-12-31": "133.84660", "2020-09-30": "128.28500", "2020-06-30": "128.27500", "2020-03-31": "129.69600", "2019-12-31": "134.42800", "2019-09-30": "132.96500", "2019-06-30": "135.43300", "2019-03-31": "137.88900", "2018-12-31": "143.99200", "2018-09-30": "142.82200", "2018-06-30": "144.82500", "2018-03-31": "148.68800", "2017-12-31": "152.15900", "2017-09-30": "151.34700", "2017-06-30": "152.85700", "2017-03-31": "154.42700", "2016-12-31": "156.78000", "2016-09-30": "155.49300", "2016-06-30": "157.80200", "2016-03-31": "158.73400", "2015-12-31": "136.80300", "2015-09-30": "132.63000", "2015-06-30": "132.35600", "2015-03-31": "132.04900", "2014-12-31": "130.95000", "2014-09-30": "131.26500", "2014-06-30": "130.85600", "2014-03-31": "130.21200", "2013-12-31": "128.65400", "2013-09-30": "129.17100", "2013-06-30": "128.25200", "2013-03-31": "127.66900", "2012-12-31": "125.86400", "2012-09-30": "125.81800", "2012-06-30": "125.48800", "2012-03-31": "125.22000", "2011-12-31": "122.66300", "2011-09-30": "124.57500", "2011-06-30": "122.18100", "2011-03-31": "119.20100", "2010-12-31": "118.19100", "2010-09-30": "118.32000", "2010-06-30": "118.05400", "2010-03-31": "117.76500", "2009-12-31": "114.66000", "2009-09-30": "117.37000", "2009-06-30": "113.21800", "2009-03-31": "110.43900", "2008-12-31": "110.21100", "2008-09-30": "110.26500", "2008-06-30": "110.19100", "2008-03-31": "110.01700", "2007-12-31": "108.12900", "2007-09-30": "107.05600", "2007-06-30": "107.93900", "2007-03-31": "109.69400", "2006-12-31": "111.17300", "2006-09-30": "111.04700", "2006-06-30": "111.25900", "2006-03-31": "111.69300", "2005-12-31": "113.68900", "2005-09-30": "113.53000", "2005-06-30": "113.94900", "2005-03-31": "114.77300"}, "Shares Outstanding": {"2020-12-31": "128.37900", "2020-09-30": "128.35500", "2020-06-30": "128.33300", "2020-03-31": "129.75500", "2019-12-31": "134.46200", "2019-09-30": "132.99900", "2019-06-30": "135.46400", "2019-03-31": "137.92000", "2018-12-31": "144.15100", "2018-09-30": "142.97600", "2018-06-30": "144.99800", "2018-03-31": "148.90500", "2017-12-31": "152.55100", "2017-09-30": "151.69100", "2017-06-30": "153.27600", "2017-03-31": "154.94900", "2016-12-31": "157.30400", "2016-09-30": "156.02600", "2016-06-30": "158.34100", "2016-03-31": "159.18100", "2015-12-31": "137.53300", "2015-09-30": "133.37600", "2015-06-30": "133.11600", "2015-03-31": "132.76900", "2014-12-31": "131.84400", "2014-09-30": "132.12800", "2014-06-30": "131.82800", "2014-03-31": "131.12600", "2013-12-31": "129.60300", "2013-09-30": "130.26500", "2013-06-30": "129.01700", "2013-03-31": "128.63600", "2012-12-31": "126.40500", "2012-09-30": "126.29200", "2012-06-30": "125.89700", "2012-03-31": "125.61600", "2011-12-31": "123.07900", "2011-09-30": "124.86000", "2011-06-30": "122.79600", "2011-03-31": "119.85200", "2010-12-31": "118.84300", "2010-09-30": "119.15500", "2010-06-30": "118.87800", "2010-03-31": "118.25600", "2009-12-31": "114.77600", "2009-09-30": "117.54700", "2009-06-30": "113.52100", "2009-03-31": "110.43900", "2008-12-31": "110.90400", "2008-09-30": "110.80700", "2008-06-30": "111.22700", "2008-03-31": "110.96700", "2007-12-31": "110.01200", "2007-09-30": "108.95700", "2007-06-30": "109.91900", "2007-03-31": "112.18700", "2006-12-31": "113.91800", "2006-09-30": "113.89700", "2006-06-30": "113.96800", "2006-03-31": "114.34700", "2005-12-31": "116.23200", "2005-09-30": "116.20000", "2005-06-30": "116.42200", "2005-03-31": "117.18400"}, "Basic EPS": {"2020-12-31": "3.52000", "2020-09-30": "2.75000", "2020-06-30": "1.74000", "2020-03-31": "1.93000", "2019-12-31": "3.60000", "2019-09-30": "3.47000", "2019-06-30": "3.34000", "2019-03-31": "3.35000", "2018-12-31": "3.71000", "2018-09-30": "3.54000", "2018-06-30": "3.26000", "2018-03-31": "2.24000", "2017-12-31": "2.01000", "2017-09-30": "2.22000", "2017-06-30": "2.36000", "2017-03-31": "2.13000", "2016-12-31": "1.98000", "2016-09-30": "2.10000", "2016-06-30": "1.98000", "2016-03-31": "1.74000", "2015-12-31": "1.63000", "2015-09-30": "1.94000", "2015-06-30": "1.99000", "2015-03-31": "1.66000", "2014-12-31": "1.93000", "2014-09-30": "1.92000", "2014-06-30": "1.99000", "2014-03-31": "1.63000", "2013-12-31": "1.57000", "2013-09-30": "2.13000", "2013-06-30": "2.56000", "2013-03-31": "2.00000", "2012-12-31": "2.18000", "2012-09-30": "2.18000", "2012-06-30": "1.71000", "2012-03-31": "1.50000", "2011-12-31": "1.03000", "2011-09-30": "1.32000", "2011-06-30": "2.43000", "2011-03-31": "1.59000", "2010-12-31": "1.60000", "2010-09-30": "1.49000", "2010-06-30": "1.47000", "2010-03-31": "1.16000", "2009-12-31": "1.08000", "2009-09-30": "0.97000", "2009-06-30": "0.36000", "2009-03-31": "0.49000", "2008-12-31": "0.92000", "2008-09-30": "0.83000", "2008-06-30": "1.45000", "2008-03-31": "1.84000", "2007-12-31": "0.61000", "2007-09-30": "1.86000", "2007-06-30": "1.98000", "2007-03-31": "1.60000", "2006-12-31": "1.93000", "2006-09-30": "1.89000", "2006-06-30": "1.91000", "2006-03-31": "1.82000", "2005-12-31": "1.82000", "2005-09-30": "1.68000", "2005-06-30": "1.73000", "2005-03-31": "1.65000"}, "EPS - Earnings Per Share": {"2020-12-31": "3.52000", "2020-09-30": "2.75000", "2020-06-30": "1.74000", "2020-03-31": "1.93000", "2019-12-31": "3.59000", "2019-09-30": "3.47000", "2019-06-30": "3.34000", "2019-03-31": "3.35000", "2018-12-31": "3.72000", "2018-09-30": "3.53000", "2018-06-30": "3.26000", "2018-03-31": "2.23000", "2017-12-31": "2.02000", "2017-09-30": "2.21000", "2017-06-30": "2.35000", "2017-03-31": "2.12000", "2016-12-31": "1.97000", "2016-09-30": "2.10000", "2016-06-30": "1.98000", "2016-03-31": "1.73000", "2015-12-31": "1.62000", "2015-09-30": "1.93000", "2015-06-30": "1.98000", "2015-03-31": "1.65000", "2014-12-31": "1.92000", "2014-09-30": "1.91000", "2014-06-30": "1.98000", "2014-03-31": "1.61000", "2013-12-31": "1.56000", "2013-09-30": "2.11000", "2013-06-30": "2.55000", "2013-03-31": "1.98000", "2012-12-31": "2.16000", "2012-09-30": "2.17000", "2012-06-30": "1.71000", "2012-03-31": "1.50000", "2011-12-31": "1.02000", "2011-09-30": "1.32000", "2011-06-30": "2.42000", "2011-03-31": "1.59000", "2010-12-31": "1.60000", "2010-09-30": "1.48000", "2010-06-30": "1.46000", "2010-03-31": "1.15000", "2009-12-31": "1.07000", "2009-09-30": "0.97000", "2009-06-30": "0.36000", "2009-03-31": "0.49000", "2008-12-31": "0.93000", "2008-09-30": "0.82000", "2008-06-30": "1.44000", "2008-03-31": "1.82000", "2007-12-31": "0.60000", "2007-09-30": "1.83000", "2007-06-30": "1.95000", "2007-03-31": "1.57000", "2006-12-31": "1.88000", "2006-09-30": "1.85000", "2006-06-30": "1.87000", "2006-03-31": "1.77000", "2005-12-31": "1.78000", "2005-09-30": "1.64000", "2005-06-30": "1.69000", "2005-03-31": "1.62000"}}, "balance sheet": {"Cash On Hand": {"2020-12-31": "26285.13000", "2019-12-31": "9096.58800", "2018-12-31": "9896.22000", "2017-12-31": "6632.70000", "2016-12-31": "6645.05400", "2015-12-31": "9236.17400", "2014-12-31": "8152.39900", "2013-12-31": "3700.20300", "2012-12-31": "2605.52600", "2011-12-31": "2169.19100", "2010-12-31": "1558.81100", "2009-12-31": "1766.66100", "2008-12-31": "2286.25600", "2007-12-31": "2067.22200", "2006-12-31": "1868.35500", "2005-12-31": "1690.48400"}, "Receivables": {"2020-12-31": "", "2019-12-31": "", "2018-12-31": "", "2017-12-31": "", "2016-12-31": "", "2015-12-31": "", "2014-12-31": "", "2013-12-31": "", "2012-12-31": "", "2011-12-31": "", "2010-12-31": "", "2009-12-31": "", "2008-12-31": "", "2007-12-31": "", "2006-12-31": "", "2005-12-31": ""}, "Inventory": {"2020-12-31": "", "2019-12-31": "", "2018-12-31": "", "2017-12-31": "", "2016-12-31": "", "2015-12-31": "", "2014-12-31": "", "2013-12-31": "", "2012-12-31": "", "2011-12-31": "", "2010-12-31": "", "2009-12-31": "", "2008-12-31": "", "2007-12-31": "", "2006-12-31": "", "2005-12-31": ""}, "Pre-Paid Expenses": {"2020-12-31": "", "2019-12-31": "", "2018-12-31": "", "2017-12-31": "", "2016-12-31": "", "2015-12-31": "", "2014-12-31": "", "2013-12-31": "", "2012-12-31": "", "2011-12-31": "", "2010-12-31": "", "2009-12-31": "", "2008-12-31": "", "2007-12-31": "", "2006-12-31": "", "2005-12-31": ""}, "Other Current Assets": {"2020-12-31": "", "2019-12-31": "", "2018-12-31": "", "2017-12-31": "", "2016-12-31": "", "2015-12-31": "", "2014-12-31": "", "2013-12-31": "", "2012-12-31": "", "2011-12-31": "", "2010-12-31": "", "2009-12-31": "", "2008-12-31": "", "2007-12-31": "", "2006-12-31": "", "2005-12-31": ""}, "Total Current Assets": {"2020-12-31": "123084.60000", "2019-12-31": "104612.40000", "2018-12-31": "102117.00000", "2017-12-31": "98617.81000", "2016-12-31": "101832.70000", "2015-12-31": "101731.40000", "2014-12-31": "79519.35000", "2013-12-31": "72138.90000", "2012-12-31": "72699.40000", "2011-12-31": "65968.68000", "2010-12-31": "56784.34000", "2009-12-31": "56956.90000", "2008-12-31": "54132.07000", "2007-12-31": "52097.89000", "2006-12-31": "46319.21000", "2005-12-31": "43396.79000"}, "Property, Plant, And Equipment": {"2020-12-31": "", "2019-12-31": "1140.92400", "2018-12-31": "647.40800", "2017-12-31": "646.45100", "2016-12-31": "675.26300", "2015-12-31": "666.68200", "2014-12-31": "612.98400", "2013-12-31": "633.52000", "2012-12-31": "594.65200", "2011-12-31": "581.43500", "2010-12-31": "435.83700", "2009-12-31": "435.84500", "2008-12-31": "388.85500", "2007-12-31": "370.76500", "2006-12-31": "335.00800", "2005-12-31": "337.11500"}, "Long-Term Investments": {"2020-12-31": "7045.69700", "2019-12-31": "9497.25100", "2018-12-31": "12692.81000", "2017-12-31": "14664.53000", "2016-12-31": "16250.47000", "2015-12-31": "15656.44000", "2014-12-31": "12993.54000", "2013-12-31": "8796.49700", "2012-12-31": "6074.36100", "2011-12-31": "7673.15400", "2010-12-31": "7150.54000", "2009-12-31": "7780.60900", "2008-12-31": "7919.20700", "2007-12-31": "8961.99800", "2006-12-31": "7251.59800", "2005-12-31": "8400.16400"}, "Goodwill And Intangible Assets": {"2020-12-31": "4607.27700", "2019-12-31": "4622.14600", "2018-12-31": "4640.17900", "2017-12-31": "4664.70100", "2016-12-31": "4690.76700", "2015-12-31": "4733.38000", "2014-12-31": "3559.65200", "2013-12-31": "3593.47600", "2012-12-31": "3640.38800", "2011-12-31": "3701.01900", "2010-12-31": "3650.54200", "2009-12-31": "3707.04300", "2008-12-31": "3375.62400", "2007-12-31": "3444.98900", "2006-12-31": "3159.08200", "2005-12-31": "3012.34100"}, "Other Long-Term Assets": {"2020-12-31": "7863.51700", "2019-12-31": "", "2018-12-31": "", "2017-12-31": "", "2016-12-31": "", "2015-12-31": "", "2014-12-31": "", "2013-12-31": "", "2012-12-31": "", "2011-12-31": "", "2010-12-31": "", "2009-12-31": "", "2008-12-31": "", "2007-12-31": "", "2006-12-31": "", "2005-12-31": ""}, "Total Long-Term Assets": {"2020-12-31": "19516.49000", "2019-12-31": "15260.32000", "2018-12-31": "17980.40000", "2017-12-31": "19975.68000", "2016-12-31": "21616.50000", "2015-12-31": "21056.50000", "2014-12-31": "17166.18000", "2013-12-31": "13023.49000", "2012-12-31": "10309.40000", "2011-12-31": "11955.61000", "2010-12-31": "11236.92000", "2009-12-31": "11923.50000", "2008-12-31": "11683.69000", "2007-12-31": "12777.75000", "2006-12-31": "10745.69000", "2005-12-31": "11749.62000"}, "Total Assets": {"2020-12-31": "142601.10000", "2019-12-31": "119872.80000", "2018-12-31": "120097.40000", "2017-12-31": "118593.50000", "2016-12-31": "123449.20000", "2015-12-31": "122787.90000", "2014-12-31": "96685.53000", "2013-12-31": "85162.39000", "2012-12-31": "83008.80000", "2011-12-31": "77924.29000", "2010-12-31": "68021.27000", "2009-12-31": "68880.40000", "2008-12-31": "65815.76000", "2007-12-31": "64875.64000", "2006-12-31": "57064.91000", "2005-12-31": "55146.41000"}, "Total Current Liabilities": {"2020-12-31": "122031.60000", "2019-12-31": "97169.92000", "2018-12-31": "96192.30000", "2017-12-31": "94201.24000", "2016-12-31": "97468.75000", "2015-12-31": "95960.73000", "2014-12-31": "75342.69000", "2013-12-31": "68747.98000", "2012-12-31": "68198.45000", "2011-12-31": "61966.85000", "2010-12-31": "51823.42000", "2009-12-31": "50887.48000", "2008-12-31": "46955.88000", "2007-12-31": "48072.44000", "2006-12-31": "43893.07000", "2005-12-31": "43073.03000"}, "Long Term Debt": {"2020-12-31": "4382.19300", "2019-12-31": "6986.18600", "2018-12-31": "8444.91400", "2017-12-31": "8141.43000", "2016-12-31": "9493.83500", "2015-12-31": "10653.86000", "2014-12-31": "9006.95900", "2013-12-31": "5108.87000", "2012-12-31": "4607.75800", "2011-12-31": "6686.22600", "2010-12-31": "7840.15100", "2009-12-31": "10240.02000", "2008-12-31": "12075.15000", "2007-12-31": "10317.95000", "2006-12-31": "6890.74100", "2005-12-31": "6196.99400"}, "Other Non-Current Liabilities": {"2020-12-31": "", "2019-12-31": "", "2018-12-31": "", "2017-12-31": "", "2016-12-31": "", "2015-12-31": "", "2014-12-31": "", "2013-12-31": "", "2012-12-31": "", "2011-12-31": "", "2010-12-31": "", "2009-12-31": "", "2008-12-31": "", "2007-12-31": "", "2006-12-31": "", "2005-12-31": ""}, "Total Long Term Liabilities": {"2020-12-31": "4382.19300", "2019-12-31": "6986.18600", "2018-12-31": "8444.91400", "2017-12-31": "8141.43000", "2016-12-31": "9493.83500", "2015-12-31": "10653.86000", "2014-12-31": "9006.95900", "2013-12-31": "5108.87000", "2012-12-31": "4607.75800", "2011-12-31": "6686.22600", "2010-12-31": "7840.15100", "2009-12-31": "10240.02000", "2008-12-31": "12075.15000", "2007-12-31": "10317.95000", "2006-12-31": "6890.74100", "2005-12-31": "6196.99400"}, "Total Liabilities": {"2020-12-31": "126413.80000", "2019-12-31": "104156.10000", "2018-12-31": "104637.20000", "2017-12-31": "102342.70000", "2016-12-31": "106962.60000", "2015-12-31": "106614.60000", "2014-12-31": "84349.64000", "2013-12-31": "73856.86000", "2012-12-31": "72806.21000", "2011-12-31": "68653.08000", "2010-12-31": "59663.57000", "2009-12-31": "61127.49000", "2008-12-31": "59031.03000", "2007-12-31": "58390.38000", "2006-12-31": "50783.81000", "2005-12-31": "49270.02000"}, "Common Stock Net": {"2020-12-31": "14937.28000", "2019-12-31": "79.87100", "2018-12-31": "79.88300", "2017-12-31": "79.90900", "2016-12-31": "79.97300", "2015-12-31": "79.78200", "2014-12-31": "66.15700", "2013-12-31": "65.25800", "2012-12-31": "64.08800", "2011-12-31": "62.84200", "2010-12-31": "60.19800", "2009-12-31": "60.19800", "2008-12-31": "60.19800", "2007-12-31": "60.19800", "2006-12-31": "60.19800", "2005-12-31": "60.19800"}, "Retained Earnings (Accumulated Deficit)": {"2020-12-31": "", "2019-12-31": "12820.92000", "2018-12-31": "11516.67000", "2017-12-31": "10164.80000", "2016-12-31": "9222.48800", "2015-12-31": "8430.50200", "2014-12-31": "7807.11900", "2013-12-31": "7188.00400", "2012-12-31": "6477.27600", "2011-12-31": "5867.16500", "2010-12-31": "5426.70100", "2009-12-31": "5076.88400", "2008-12-31": "5062.75400", "2007-12-31": "4815.58500", "2006-12-31": "4443.44100", "2005-12-31": "3854.27500"}, "Comprehensive Income": {"2020-12-31": "", "2019-12-31": "-206.68000", "2018-12-31": "-420.08100", "2017-12-31": "-363.81400", "2016-12-31": "-294.63600", "2015-12-31": "-251.62700", "2014-12-31": "-180.99400", "2013-12-31": "-64.15900", "2012-12-31": "-240.26400", "2011-12-31": "-356.44100", "2010-12-31": "-205.22000", "2009-12-31": "-335.99700", "2008-12-31": "-736.88100", "2007-12-31": "-114.82200", "2006-12-31": "-53.57400", "2005-12-31": "-97.93000"}, "Other Share Holders Equity": {"2020-12-31": "", "2019-12-31": "", "2018-12-31": "", "2017-12-31": "", "2016-12-31": "", "2015-12-31": "", "2014-12-31": "", "2013-12-31": "", "2012-12-31": "", "2011-12-31": "", "2010-12-31": "", "2009-12-31": "", "2008-12-31": "", "2007-12-31": "", "2006-12-31": "", "2005-12-31": ""}, "Share Holder Equity": {"2020-12-31": "16187.28000", "2019-12-31": "15716.65000", "2018-12-31": "15460.19000", "2017-12-31": "16250.82000", "2016-12-31": "16486.62000", "2015-12-31": "16173.29000", "2014-12-31": "12335.90000", "2013-12-31": "11305.53000", "2012-12-31": "10202.59000", "2011-12-31": "9271.20900", "2010-12-31": "8357.69500", "2009-12-31": "7752.90700", "2008-12-31": "6784.73100", "2007-12-31": "6485.25600", "2006-12-31": "6281.09500", "2005-12-31": "5876.38600"}, "Total Liabilities And Share Holders Equity": {"2020-12-31": "142601.10000", "2019-12-31": "119872.80000", "2018-12-31": "120097.40000", "2017-12-31": "118593.50000", "2016-12-31": "123449.20000", "2015-12-31": "122787.90000", "2014-12-31": "96685.53000", "2013-12-31": "85162.39000", "2012-12-31": "83008.80000", "2011-12-31": "77924.29000", "2010-12-31": "68021.27000", "2009-12-31": "68880.40000", "2008-12-31": "65815.76000", "2007-12-31": "64875.64000", "2006-12-31": "57064.91000", "2005-12-31": "55146.41000"}}, "balance sheet, quarterly": {"Cash On Hand": {"2020-12-31": "26285.13000", "2020-09-30": "22902.74000", "2020-06-30": "23536.69000", "2020-03-31": "11418.79000", "2019-12-31": "9096.58800", "2019-09-30": "14928.84000", "2019-06-30": "10542.77000", "2019-03-31": "9146.47900", "2018-12-31": "9896.22000", "2018-09-30": "7960.39500", "2018-06-30": "8187.38200", "2018-03-31": "7569.23200", "2017-12-31": "6632.70000", "2017-09-30": "7845.25200", "2017-06-30": "6543.95300", "2017-03-31": "8406.96500", "2016-12-31": "6645.05400", "2016-09-30": "12598.43000", "2016-06-30": "10265.41000", "2016-03-31": "11191.34000", "2015-12-31": "9236.17400", "2015-09-30": "6303.68000", "2015-06-30": "5673.71900", "2015-03-31": "8021.42900", "2014-12-31": "8152.39900", "2014-09-30": "9496.62000", "2014-06-30": "5263.29100", "2014-03-31": "5377.11000", "2013-12-31": "3700.20300", "2013-09-30": "4356.93400", "2013-06-30": "4408.09100", "2013-03-31": "3550.98100", "2012-12-31": "2605.52600", "2012-09-30": "2561.76600", "2012-06-30": "3037.48600", "2012-03-31": "3143.75200", "2011-12-31": "2169.19100", "2011-09-30": "4186.39300", "2011-06-30": "4491.35100", "2011-03-31": "1496.14300", "2010-12-31": "1558.81100", "2010-09-30": "2452.65100", "2010-06-30": "1661.40400", "2010-03-31": "1568.45000", "2009-12-31": "1766.66100", "2009-09-30": "1925.22100", "2009-06-30": "1706.00200", "2009-03-31": "1862.82100", "2008-12-31": "2286.25600", "2008-09-30": "1861.54100", "2008-06-30": "1977.20700", "2008-03-31": "2155.22000", "2007-12-31": "2067.22200", "2007-09-30": "1883.89600", "2007-06-30": "1796.18200", "2007-03-31": "2029.17300", "2006-12-31": "1868.35500", "2006-09-30": "1646.85700", "2006-06-30": "1812.72600", "2006-03-31": "1502.01800", "2005-12-31": "1690.48400", "2005-09-30": "1619.71500", "2005-06-30": "1682.75600", "2005-03-31": "1533.08600"}, "Receivables": {"2020-12-31": "", "2020-09-30": "", "2020-06-30": "", "2020-03-31": "", "2019-12-31": "", "2019-09-30": "", "2019-06-30": "", "2019-03-31": "", "2018-12-31": "", "2018-09-30": "", "2018-06-30": "", "2018-03-31": "", "2017-12-31": "", "2017-09-30": "", "2017-06-30": "", "2017-03-31": "", "2016-12-31": "", "2016-09-30": "", "2016-06-30": "", "2016-03-31": "", "2015-12-31": "", "2015-09-30": "", "2015-06-30": "", "2015-03-31": "", "2014-12-31": "", "2014-09-30": "", "2014-06-30": "", "2014-03-31": "", "2013-12-31": "", "2013-09-30": "", "2013-06-30": "", "2013-03-31": "", "2012-12-31": "", "2012-09-30": "", "2012-06-30": "", "2012-03-31": "", "2011-12-31": "", "2011-09-30": "", "2011-06-30": "", "2011-03-31": "", "2010-12-31": "", "2010-09-30": "", "2010-06-30": "", "2010-03-31": "", "2009-12-31": "", "2009-09-30": "", "2009-06-30": "", "2009-03-31": "", "2008-12-31": "", "2008-09-30": "", "2008-06-30": "", "2008-03-31": "", "2007-12-31": "", "2007-09-30": "", "2007-06-30": "", "2007-03-31": "", "2006-12-31": "", "2006-09-30": "", "2006-06-30": "", "2006-03-31": "", "2005-12-31": "", "2005-09-30": "", "2005-06-30": "", "2005-03-31": ""}, "Inventory": {"2020-12-31": "", "2020-09-30": "", "2020-06-30": "", "2020-03-31": "", "2019-12-31": "", "2019-09-30": "", "2019-06-30": "", "2019-03-31": "", "2018-12-31": "", "2018-09-30": "", "2018-06-30": "", "2018-03-31": "", "2017-12-31": "", "2017-09-30": "", "2017-06-30": "", "2017-03-31": "", "2016-12-31": "", "2016-09-30": "", "2016-06-30": "", "2016-03-31": "", "2015-12-31": "", "2015-09-30": "", "2015-06-30": "", "2015-03-31": "", "2014-12-31": "", "2014-09-30": "", "2014-06-30": "", "2014-03-31": "", "2013-12-31": "", "2013-09-30": "", "2013-06-30": "", "2013-03-31": "", "2012-12-31": "", "2012-09-30": "", "2012-06-30": "", "2012-03-31": "", "2011-12-31": "", "2011-09-30": "", "2011-06-30": "", "2011-03-31": "", "2010-12-31": "", "2010-09-30": "", "2010-06-30": "", "2010-03-31": "", "2009-12-31": "", "2009-09-30": "", "2009-06-30": "", "2009-03-31": "", "2008-12-31": "", "2008-09-30": "", "2008-06-30": "", "2008-03-31": "", "2007-12-31": "", "2007-09-30": "", "2007-06-30": "", "2007-03-31": "", "2006-12-31": "", "2006-09-30": "", "2006-06-30": "", "2006-03-31": "", "2005-12-31": "", "2005-09-30": "", "2005-06-30": "", "2005-03-31": ""}, "Pre-Paid Expenses": {"2020-12-31": "", "2020-09-30": "", "2020-06-30": "", "2020-03-31": "", "2019-12-31": "", "2019-09-30": "", "2019-06-30": "", "2019-03-31": "", "2018-12-31": "", "2018-09-30": "", "2018-06-30": "", "2018-03-31": "", "2017-12-31": "", "2017-09-30": "", "2017-06-30": "", "2017-03-31": "", "2016-12-31": "", "2016-09-30": "", "2016-06-30": "", "2016-03-31": "", "2015-12-31": "", "2015-09-30": "", "2015-06-30": "", "2015-03-31": "", "2014-12-31": "", "2014-09-30": "", "2014-06-30": "", "2014-03-31": "", "2013-12-31": "", "2013-09-30": "", "2013-06-30": "", "2013-03-31": "", "2012-12-31": "", "2012-09-30": "", "2012-06-30": "", "2012-03-31": "", "2011-12-31": "", "2011-09-30": "", "2011-06-30": "", "2011-03-31": "", "2010-12-31": "", "2010-09-30": "", "2010-06-30": "", "2010-03-31": "", "2009-12-31": "", "2009-09-30": "", "2009-06-30": "", "2009-03-31": "", "2008-12-31": "", "2008-09-30": "", "2008-06-30": "", "2008-03-31": "", "2007-12-31": "", "2007-09-30": "", "2007-06-30": "", "2007-03-31": "", "2006-12-31": "", "2006-09-30": "", "2006-06-30": "", "2006-03-31": "", "2005-12-31": "", "2005-09-30": "", "2005-06-30": "", "2005-03-31": ""}, "Other Current Assets": {"2020-12-31": "", "2020-09-30": "", "2020-06-30": "", "2020-03-31": "", "2019-12-31": "", "2019-09-30": "", "2019-06-30": "", "2019-03-31": "", "2018-12-31": "", "2018-09-30": "", "2018-06-30": "", "2018-03-31": "", "2017-12-31": "", "2017-09-30": "", "2017-06-30": "", "2017-03-31": "", "2016-12-31": "", "2016-09-30": "", "2016-06-30": "", "2016-03-31": "", "2015-12-31": "", "2015-09-30": "", "2015-06-30": "", "2015-03-31": "", "2014-12-31": "", "2014-09-30": "", "2014-06-30": "", "2014-03-31": "", "2013-12-31": "", "2013-09-30": "", "2013-06-30": "", "2013-03-31": "", "2012-12-31": "", "2012-09-30": "", "2012-06-30": "", "2012-03-31": "", "2011-12-31": "", "2011-09-30": "", "2011-06-30": "", "2011-03-31": "", "2010-12-31": "", "2010-09-30": "", "2010-06-30": "", "2010-03-31": "", "2009-12-31": "", "2009-09-30": "", "2009-06-30": "", "2009-03-31": "", "2008-12-31": "", "2008-09-30": "", "2008-06-30": "", "2008-03-31": "", "2007-12-31": "", "2007-09-30": "", "2007-06-30": "", "2007-03-31": "", "2006-12-31": "", "2006-09-30": "", "2006-06-30": "", "2006-03-31": "", "2005-12-31": "", "2005-09-30": "", "2005-06-30": "", "2005-03-31": ""}, "Total Current Assets": {"2020-12-31": "123084.60000", "2020-09-30": "125146.70000", "2020-06-30": "125313.00000", "2020-03-31": "109848.40000", "2019-12-31": "104612.40000", "2019-09-30": "109122.70000", "2019-06-30": "104276.60000", "2019-03-31": "101806.50000", "2018-12-31": "102117.00000", "2018-09-30": "98473.80000", "2018-06-30": "99853.56000", "2018-03-31": "99269.48000", "2017-12-31": "98617.81000", "2017-09-30": "99999.44000", "2017-06-30": "99727.42000", "2017-03-31": "101894.40000", "2016-12-31": "101832.70000", "2016-09-30": "106747.20000", "2016-06-30": "103489.60000", "2016-03-31": "103774.40000", "2015-12-31": "101731.40000", "2015-09-30": "79189.05000", "2015-06-30": "78202.28000", "2015-03-31": "79829.56000", "2014-12-31": "79519.35000", "2014-09-30": "79701.07000", "2014-06-30": "74515.62000", "2014-03-31": "73954.73000", "2013-12-31": "72138.90000", "2013-09-30": "71899.01000", "2013-06-30": "73808.41000", "2013-03-31": "72934.52000", "2012-12-31": "72699.40000", "2012-09-30": "70217.94000", "2012-06-30": "69489.44000", "2012-03-31": "67727.31000", "2011-12-31": "65968.68000", "2011-09-30": "66338.32000", "2011-06-30": "66868.10000", "2011-03-31": "57304.52000", "2010-12-31": "56784.34000", "2010-09-30": "56498.96000", "2010-06-30": "55956.14000", "2010-03-31": "56214.52000", "2009-12-31": "56956.90000", "2009-09-30": "57202.83000", "2009-06-30": "57574.92000", "2009-03-31": "53449.94000", "2008-12-31": "54132.07000", "2008-09-30": "53048.91000", "2008-06-30": "53460.45000", "2008-03-31": "53620.93000", "2007-12-31": "52097.89000", "2007-09-30": "48563.86000", "2007-06-30": "47432.27000", "2007-03-31": "47342.61000", "2006-12-31": "46319.21000", "2006-09-30": "45234.91000", "2006-06-30": "45069.38000", "2006-03-31": "43777.12000", "2005-12-31": "43396.79000", "2005-09-30": "43245.32000", "2005-06-30": "42777.11000", "2005-03-31": "41798.24000"}, "Property, Plant, And Equipment": {"2020-12-31": "", "2020-09-30": "1146.68100", "2020-06-30": "1155.28100", "2020-03-31": "1154.55800", "2019-12-31": "1140.92400", "2019-09-30": "1074.18100", "2019-06-30": "1066.51100", "2019-03-31": "1044.76100", "2018-12-31": "647.40800", "2018-09-30": "634.42400", "2018-06-30": "637.80900", "2018-03-31": "628.70600", "2017-12-31": "646.45100", "2017-09-30": "656.71300", "2017-06-30": "673.55200", "2017-03-31": "672.76900", "2016-12-31": "675.26300", "2016-09-30": "660.38100", "2016-06-30": "658.21600", "2016-03-31": "662.89100", "2015-12-31": "666.68200", "2015-09-30": "581.97600", "2015-06-30": "590.56700", "2015-03-31": "602.09600", "2014-12-31": "612.98400", "2014-09-30": "612.07600", "2014-06-30": "625.00600", "2014-03-31": "627.96600", "2013-12-31": "633.52000", "2013-09-30": "614.79500", "2013-06-30": "595.53600", "2013-03-31": "589.57000", "2012-12-31": "594.65200", "2012-09-30": "589.03500", "2012-06-30": "592.49800", "2012-03-31": "580.03300", "2011-12-31": "581.43500", "2011-09-30": "569.49500", "2011-06-30": "567.10700", "2011-03-31": "431.29200", "2010-12-31": "435.83700", "2010-09-30": "421.35200", "2010-06-30": "422.55700", "2010-03-31": "427.88300", "2009-12-31": "435.84500", "2009-09-30": "436.58600", "2009-06-30": "442.16200", "2009-03-31": "386.15700", "2008-12-31": "388.85500", "2008-09-30": "374.18100", "2008-06-30": "368.54200", "2008-03-31": "366.06500", "2007-12-31": "370.76500", "2007-09-30": "332.19700", "2007-06-30": "329.73700", "2007-03-31": "331.42600", "2006-12-31": "335.00800", "2006-09-30": "332.50400", "2006-06-30": "334.87300", "2006-03-31": "329.21200", "2005-12-31": "337.11500", "2005-09-30": "340.09300", "2005-06-30": "345.45800", "2005-03-31": "356.62300"}, "Long-Term Investments": {"2020-12-31": "7045.69700", "2020-09-30": "7723.00400", "2020-06-30": "8454.34400", "2020-03-31": "8956.59000", "2019-12-31": "9497.25100", "2019-09-30": "10677.58000", "2019-06-30": "11580.25000", "2019-03-31": "12536.84000", "2018-12-31": "12692.81000", "2018-09-30": "13073.88000", "2018-06-30": "13283.00000", "2018-03-31": "14066.56000", "2017-12-31": "14664.53000", "2017-09-30": "15073.93000", "2017-06-30": "15816.06000", "2017-03-31": "15968.42000", "2016-12-31": "16250.47000", "2016-09-30": "14733.57000", "2016-06-30": "14963.08000", "2016-03-31": "15467.32000", "2015-12-31": "15656.44000", "2015-09-30": "14494.54000", "2015-06-30": "14751.64000", "2015-03-31": "14393.27000", "2014-12-31": "12993.54000", "2014-09-30": "13348.37000", "2014-06-30": "12120.20000", "2014-03-31": "10364.25000", "2013-12-31": "8796.49700", "2013-09-30": "8309.77300", "2013-06-30": "5210.52600", "2013-03-31": "5660.83100", "2012-12-31": "6074.36100", "2012-09-30": "6624.00400", "2012-06-30": "7057.30000", "2012-03-31": "7195.29600", "2011-12-31": "7673.15400", "2011-09-30": "7173.79700", "2011-06-30": "6492.26500", "2011-03-31": "6507.16500", "2010-12-31": "7150.54000", "2010-09-30": "7662.71500", "2010-06-30": "8097.57200", "2010-03-31": "8104.64600", "2009-12-31": "7780.60900", "2009-09-30": "7634.26200", "2009-06-30": "8155.43400", "2009-03-31": "7686.84500", "2008-12-31": "7919.20700", "2008-09-30": "8433.44100", "2008-06-30": "8658.77500", "2008-03-31": "8676.35700", "2007-12-31": "8961.99800", "2007-09-30": "8003.01500", "2007-06-30": "6982.32300", "2007-03-31": "7027.70900", "2006-12-31": "7251.59800", "2006-09-30": "7626.30000", "2006-06-30": "7903.14200", "2006-03-31": "8294.06700", "2005-12-31": "8400.16400", "2005-09-30": "8230.44700", "2005-06-30": "8319.96700", "2005-03-31": "8678.89000"}, "Goodwill And Intangible Assets": {"2020-12-31": "4607.27700", "2020-09-30": "4610.40600", "2020-06-30": "4614.32000", "2020-03-31": "4618.23300", "2019-12-31": "4622.14600", "2019-09-30": "4626.45100", "2019-06-30": "4631.54000", "2019-03-31": "4637.05900", "2018-12-31": "4640.17900", "2018-09-30": "4645.53800", "2018-06-30": "4651.68100", "2018-03-31": "4658.06900", "2017-12-31": "4664.70100", "2017-09-30": "4671.72600", "2017-06-30": "4679.53400", "2017-03-31": "4687.64700", "2016-12-31": "4690.76700", "2016-09-30": "4699.85600", "2016-06-30": "4709.64300", "2016-03-31": "4721.06100", "2015-12-31": "4733.38000", "2015-09-30": "3531.50400", "2015-06-30": "3535.59400", "2015-03-31": "3552.85900", "2014-12-31": "3559.65200", "2014-09-30": "3566.82200", "2014-06-30": "3574.18000", "2014-03-31": "3583.41400", "2013-12-31": "3593.47600", "2013-09-30": "3603.91500", "2013-06-30": "3614.54300", "2013-03-31": "3627.04500", "2012-12-31": "3640.38800", "2012-09-30": "3654.25300", "2012-06-30": "3668.33800", "2012-03-31": "3684.24400", "2011-12-31": "3701.01900", "2011-09-30": "3782.28100", "2011-06-30": "3799.68200", "2011-03-31": "3638.22800", "2010-12-31": "3650.54200", "2010-09-30": "3663.81100", "2010-06-30": "3677.33700", "2010-03-31": "3692.17000", "2009-12-31": "3707.04300", "2009-09-30": "3723.77300", "2009-06-30": "3740.69700", "2009-03-31": "3360.25400", "2008-12-31": "3375.62400", "2008-09-30": "3390.68200", "2008-06-30": "3405.65600", "2008-03-31": "3422.22100", "2007-12-31": "3444.98900", "2007-09-30": "3109.04400", "2007-06-30": "3124.74600", "2007-03-31": "3140.72600", "2006-12-31": "3159.08200", "2006-09-30": "3179.75900", "2006-06-30": "3199.69600", "2006-03-31": "3019.46300", "2005-12-31": "3012.34100", "2005-09-30": "3025.48600", "2005-06-30": "3039.41200", "2005-03-31": "3053.46700"}, "Other Long-Term Assets": {"2020-12-31": "7863.51700", "2020-09-30": "", "2020-06-30": "", "2020-03-31": "", "2019-12-31": "", "2019-09-30": "", "2019-06-30": "", "2019-03-31": "", "2018-12-31": "", "2018-09-30": "", "2018-06-30": "", "2018-03-31": "", "2017-12-31": "", "2017-09-30": "", "2017-06-30": "", "2017-03-31": "", "2016-12-31": "", "2016-09-30": "", "2016-06-30": "", "2016-03-31": "", "2015-12-31": "", "2015-09-30": "", "2015-06-30": "", "2015-03-31": "", "2014-12-31": "", "2014-09-30": "", "2014-06-30": "", "2014-03-31": "", "2013-12-31": "", "2013-09-30": "", "2013-06-30": "", "2013-03-31": "", "2012-12-31": "", "2012-09-30": "", "2012-06-30": "", "2012-03-31": "", "2011-12-31": "", "2011-09-30": "", "2011-06-30": "", "2011-03-31": "", "2010-12-31": "", "2010-09-30": "", "2010-06-30": "", "2010-03-31": "", "2009-12-31": "", "2009-09-30": "", "2009-06-30": "", "2009-03-31": "", "2008-12-31": "", "2008-09-30": "", "2008-06-30": "", "2008-03-31": "", "2007-12-31": "", "2007-09-30": "", "2007-06-30": "", "2007-03-31": "", "2006-12-31": "", "2006-09-30": "", "2006-06-30": "", "2006-03-31": "", "2005-12-31": "", "2005-09-30": "", "2005-06-30": "", "2005-03-31": ""}, "Total Long-Term Assets": {"2020-12-31": "19516.49000", "2020-09-30": "13480.09000", "2020-06-30": "14223.95000", "2020-03-31": "14729.38000", "2019-12-31": "15260.32000", "2019-09-30": "16378.21000", "2019-06-30": "17278.30000", "2019-03-31": "18218.66000", "2018-12-31": "17980.40000", "2018-09-30": "18353.84000", "2018-06-30": "18572.49000", "2018-03-31": "19353.34000", "2017-12-31": "19975.68000", "2017-09-30": "20402.36000", "2017-06-30": "21169.14000", "2017-03-31": "21328.83000", "2016-12-31": "21616.50000", "2016-09-30": "20093.81000", "2016-06-30": "20330.94000", "2016-03-31": "20851.27000", "2015-12-31": "21056.50000", "2015-09-30": "18608.02000", "2015-06-30": "18877.80000", "2015-03-31": "18548.22000", "2014-12-31": "17166.18000", "2014-09-30": "17527.27000", "2014-06-30": "16319.38000", "2014-03-31": "14575.63000", "2013-12-31": "13023.49000", "2013-09-30": "12528.48000", "2013-06-30": "9420.60500", "2013-03-31": "9877.44500", "2012-12-31": "10309.40000", "2012-09-30": "10867.29000", "2012-06-30": "11318.14000", "2012-03-31": "11459.57000", "2011-12-31": "11955.61000", "2011-09-30": "11525.57000", "2011-06-30": "10859.05000", "2011-03-31": "10576.69000", "2010-12-31": "11236.92000", "2010-09-30": "11747.88000", "2010-06-30": "12197.47000", "2010-03-31": "12224.70000", "2009-12-31": "11923.50000", "2009-09-30": "11794.62000", "2009-06-30": "12338.29000", "2009-03-31": "11433.26000", "2008-12-31": "11683.69000", "2008-09-30": "12198.30000", "2008-06-30": "12432.97000", "2008-03-31": "12464.64000", "2007-12-31": "12777.75000", "2007-09-30": "11444.26000", "2007-06-30": "10436.81000", "2007-03-31": "10499.86000", "2006-12-31": "10745.69000", "2006-09-30": "11138.56000", "2006-06-30": "11437.71000", "2006-03-31": "11642.74000", "2005-12-31": "11749.62000", "2005-09-30": "11596.03000", "2005-06-30": "11704.84000", "2005-03-31": "12088.98000"}, "Total Assets": {"2020-12-31": "142601.10000", "2020-09-30": "138626.80000", "2020-06-30": "139537.00000", "2020-03-31": "124577.80000", "2019-12-31": "119872.80000", "2019-09-30": "125500.90000", "2019-06-30": "121554.90000", "2019-03-31": "120025.20000", "2018-12-31": "120097.40000", "2018-09-30": "116827.60000", "2018-06-30": "118426.10000", "2018-03-31": "118622.80000", "2017-12-31": "118593.50000", "2017-09-30": "120401.80000", "2017-06-30": "120896.60000", "2017-03-31": "123223.30000", "2016-12-31": "123449.20000", "2016-09-30": "126841.00000", "2016-06-30": "123820.60000", "2016-03-31": "124625.60000", "2015-12-31": "122787.90000", "2015-09-30": "97797.06000", "2015-06-30": "97080.08000", "2015-03-31": "98377.78000", "2014-12-31": "96685.53000", "2014-09-30": "97228.34000", "2014-06-30": "90835.00000", "2014-03-31": "88530.36000", "2013-12-31": "85162.39000", "2013-09-30": "84427.48000", "2013-06-30": "83229.01000", "2013-03-31": "82811.95000", "2012-12-31": "83008.80000", "2012-09-30": "81085.23000", "2012-06-30": "80807.58000", "2012-03-31": "79186.89000", "2011-12-31": "77924.29000", "2011-09-30": "77863.89000", "2011-06-30": "77727.16000", "2011-03-31": "67881.21000", "2010-12-31": "68021.27000", "2010-09-30": "68246.84000", "2010-06-30": "68153.62000", "2010-03-31": "68439.22000", "2009-12-31": "68880.40000", "2009-09-30": "68997.45000", "2009-06-30": "69913.22000", "2009-03-31": "64883.20000", "2008-12-31": "65815.76000", "2008-09-30": "65247.21000", "2008-06-30": "65893.43000", "2008-03-31": "66085.57000", "2007-12-31": "64875.64000", "2007-09-30": "60008.12000", "2007-06-30": "57869.07000", "2007-03-31": "57842.47000", "2006-12-31": "57064.91000", "2006-09-30": "56373.48000", "2006-06-30": "56507.09000", "2006-03-31": "55419.86000", "2005-12-31": "55146.41000", "2005-09-30": "54841.35000", "2005-06-30": "54481.95000", "2005-03-31": "53887.22000"}, "Total Current Liabilities": {"2020-12-31": "122031.60000", "2020-09-30": "117066.80000", "2020-06-30": "117270.60000", "2020-03-31": "102440.60000", "2019-12-31": "97169.92000", "2019-09-30": "102718.60000", "2019-06-30": "98207.56000", "2019-03-31": "95961.65000", "2018-12-31": "96192.30000", "2018-09-30": "92251.29000", "2018-06-30": "94465.85000", "2018-03-31": "94322.09000", "2017-12-31": "94201.24000", "2017-09-30": "95506.10000", "2017-06-30": "96963.45000", "2017-03-31": "98922.53000", "2016-12-31": "97468.75000", "2016-09-30": "100288.90000", "2016-06-30": "97020.32000", "2016-03-31": "97929.55000", "2015-12-31": "95960.73000", "2015-09-30": "74700.84000", "2015-06-30": "74236.16000", "2015-03-31": "75340.34000", "2014-12-31": "75342.69000", "2014-09-30": "75833.63000", "2014-06-30": "71274.32000", "2014-03-31": "70392.30000", "2013-12-31": "68747.98000", "2013-09-30": "68289.95000", "2013-06-30": "67390.28000", "2013-03-31": "66994.44000", "2012-12-31": "68198.45000", "2012-09-30": "66170.17000", "2012-06-30": "65489.80000", "2012-03-31": "63281.67000", "2011-12-31": "61966.85000", "2011-09-30": "61739.91000", "2011-06-30": "61354.04000", "2011-03-31": "52068.27000", "2010-12-31": "51823.42000", "2010-09-30": "51023.55000", "2010-06-30": "50796.24000", "2010-03-31": "50457.64000", "2009-12-31": "50887.48000", "2009-09-30": "51030.70000", "2009-06-30": "50944.81000", "2009-03-31": "46445.71000", "2008-12-31": "46955.88000", "2008-09-30": "46348.56000", "2008-06-30": "46604.27000", "2008-03-31": "48925.20000", "2007-12-31": "48072.44000", "2007-09-30": "44253.93000", "2007-06-30": "43248.97000", "2007-03-31": "43924.98000", "2006-12-31": "43893.07000", "2006-09-30": "44498.75000", "2006-06-30": "44772.36000", "2006-03-31": "43407.82000", "2005-12-31": "43073.03000", "2005-09-30": "42139.66000", "2005-06-30": "42326.26000", "2005-03-31": "41931.22000"}, "Long Term Debt": {"2020-12-31": "4382.19300", "2020-09-30": "5458.88500", "2020-06-30": "6321.29100", "2020-03-31": "6321.43500", "2019-12-31": "6986.18600", "2019-09-30": "7002.52400", "2019-06-30": "7655.50700", "2019-03-31": "8476.02400", "2018-12-31": "8444.91400", "2018-09-30": "9140.26800", "2018-06-30": "8382.31600", "2018-03-31": "8591.05100", "2017-12-31": "8141.43000", "2017-09-30": "8577.64500", "2017-06-30": "7649.58000", "2017-03-31": "8087.61900", "2016-12-31": "9493.83500", "2016-09-30": "10211.16000", "2016-06-30": "10328.75000", "2016-03-31": "10341.04000", "2015-12-31": "10653.86000", "2015-09-30": "10174.29000", "2015-06-30": "10175.91000", "2015-03-31": "10509.14000", "2014-12-31": "9006.95900", "2014-09-30": "9061.39100", "2014-06-30": "7391.93100", "2014-03-31": "6251.19700", "2013-12-31": "5108.87000", "2013-09-30": "5121.32600", "2013-06-30": "5122.39800", "2013-03-31": "5394.56300", "2012-12-31": "4607.75800", "2012-09-30": "4969.53600", "2012-06-30": "5687.86800", "2012-03-31": "6476.52600", "2011-12-31": "6686.22600", "2011-09-30": "6748.85700", "2011-06-30": "7128.91600", "2011-03-31": "7305.42000", "2010-12-31": "7840.15100", "2010-09-30": "8991.50800", "2010-06-30": "9255.52900", "2010-03-31": "10065.89000", "2009-12-31": "10240.02000", "2009-09-30": "10354.39000", "2009-06-30": "11568.24000", "2009-03-31": "11535.64000", "2008-12-31": "12075.15000", "2008-09-30": "12481.97000", "2008-06-30": "12770.11000", "2008-03-31": "10672.41000", "2007-12-31": "10317.95000", "2007-09-30": "9516.19200", "2007-06-30": "8444.79700", "2007-03-31": "7664.30900", "2006-12-31": "6890.74100", "2006-09-30": "5723.48800", "2006-06-30": "5734.50900", "2006-03-31": "6092.57000", "2005-12-31": "6196.99400", "2005-09-30": "6854.66300", "2005-06-30": "6317.96100", "2005-03-31": "6282.38600"}, "Other Non-Current Liabilities": {"2020-12-31": "", "2020-09-30": "", "2020-06-30": "", "2020-03-31": "", "2019-12-31": "", "2019-09-30": "", "2019-06-30": "", "2019-03-31": "", "2018-12-31": "", "2018-09-30": "", "2018-06-30": "", "2018-03-31": "", "2017-12-31": "", "2017-09-30": "", "2017-06-30": "", "2017-03-31": "", "2016-12-31": "", "2016-09-30": "", "2016-06-30": "", "2016-03-31": "", "2015-12-31": "", "2015-09-30": "", "2015-06-30": "", "2015-03-31": "", "2014-12-31": "", "2014-09-30": "", "2014-06-30": "", "2014-03-31": "", "2013-12-31": "", "2013-09-30": "", "2013-06-30": "", "2013-03-31": "", "2012-12-31": "", "2012-09-30": "", "2012-06-30": "", "2012-03-31": "", "2011-12-31": "", "2011-09-30": "", "2011-06-30": "", "2011-03-31": "", "2010-12-31": "", "2010-09-30": "", "2010-06-30": "", "2010-03-31": "", "2009-12-31": "", "2009-09-30": "", "2009-06-30": "", "2009-03-31": "", "2008-12-31": "", "2008-09-30": "", "2008-06-30": "", "2008-03-31": "", "2007-12-31": "", "2007-09-30": "", "2007-06-30": "", "2007-03-31": "", "2006-12-31": "", "2006-09-30": "", "2006-06-30": "", "2006-03-31": "", "2005-12-31": "", "2005-09-30": "", "2005-06-30": "", "2005-03-31": ""}, "Total Long Term Liabilities": {"2020-12-31": "4382.19300", "2020-09-30": "5458.88500", "2020-06-30": "6321.29100", "2020-03-31": "6321.43500", "2019-12-31": "6986.18600", "2019-09-30": "7002.52400", "2019-06-30": "7655.50700", "2019-03-31": "8476.02400", "2018-12-31": "8444.91400", "2018-09-30": "9140.26800", "2018-06-30": "8382.31600", "2018-03-31": "8591.05100", "2017-12-31": "8141.43000", "2017-09-30": "8577.64500", "2017-06-30": "7649.58000", "2017-03-31": "8087.61900", "2016-12-31": "9493.83500", "2016-09-30": "10211.16000", "2016-06-30": "10328.75000", "2016-03-31": "10341.04000", "2015-12-31": "10653.86000", "2015-09-30": "10174.29000", "2015-06-30": "10175.91000", "2015-03-31": "10509.14000", "2014-12-31": "9006.95900", "2014-09-30": "9061.39100", "2014-06-30": "7391.93100", "2014-03-31": "6251.19700", "2013-12-31": "5108.87000", "2013-09-30": "5121.32600", "2013-06-30": "5122.39800", "2013-03-31": "5394.56300", "2012-12-31": "4607.75800", "2012-09-30": "4969.53600", "2012-06-30": "5687.86800", "2012-03-31": "6476.52600", "2011-12-31": "6686.22600", "2011-09-30": "6748.85700", "2011-06-30": "7128.91600", "2011-03-31": "7305.42000", "2010-12-31": "7840.15100", "2010-09-30": "8991.50800", "2010-06-30": "9255.52900", "2010-03-31": "10065.89000", "2009-12-31": "10240.02000", "2009-09-30": "10354.39000", "2009-06-30": "11568.24000", "2009-03-31": "11535.64000", "2008-12-31": "12075.15000", "2008-09-30": "12481.97000", "2008-06-30": "12770.11000", "2008-03-31": "10672.41000", "2007-12-31": "10317.95000", "2007-09-30": "9516.19200", "2007-06-30": "8444.79700", "2007-03-31": "7664.30900", "2006-12-31": "6890.74100", "2006-09-30": "5723.48800", "2006-06-30": "5734.50900", "2006-03-31": "6092.57000", "2005-12-31": "6196.99400", "2005-09-30": "6854.66300", "2005-06-30": "6317.96100", "2005-03-31": "6282.38600"}, "Total Liabilities": {"2020-12-31": "126413.80000", "2020-09-30": "122525.70000", "2020-06-30": "123591.90000", "2020-03-31": "108762.00000", "2019-12-31": "104156.10000", "2019-09-30": "109721.10000", "2019-06-30": "105863.10000", "2019-03-31": "104437.70000", "2018-12-31": "104637.20000", "2018-09-30": "101391.60000", "2018-06-30": "102848.20000", "2018-03-31": "102913.10000", "2017-12-31": "102342.70000", "2017-09-30": "104083.80000", "2017-06-30": "104613.00000", "2017-03-31": "107010.10000", "2016-12-31": "106962.60000", "2016-09-30": "110500.10000", "2016-06-30": "107349.10000", "2016-03-31": "108270.60000", "2015-12-31": "106614.60000", "2015-09-30": "84875.13000", "2015-06-30": "84412.08000", "2015-03-31": "85849.48000", "2014-12-31": "84349.64000", "2014-09-30": "84895.02000", "2014-06-30": "78666.25000", "2014-03-31": "76643.50000", "2013-12-31": "73856.86000", "2013-09-30": "73411.28000", "2013-06-30": "72512.67000", "2013-03-31": "72389.00000", "2012-12-31": "72806.21000", "2012-09-30": "71139.70000", "2012-06-30": "71177.67000", "2012-03-31": "69758.20000", "2011-12-31": "68653.08000", "2011-09-30": "68488.77000", "2011-06-30": "68482.96000", "2011-03-31": "59373.69000", "2010-12-31": "59663.57000", "2010-09-30": "60015.06000", "2010-06-30": "60051.77000", "2010-03-31": "60523.54000", "2009-12-31": "61127.49000", "2009-09-30": "61385.09000", "2009-06-30": "62513.05000", "2009-03-31": "57981.36000", "2008-12-31": "59031.03000", "2008-09-30": "58830.53000", "2008-06-30": "59374.37000", "2008-03-31": "59597.61000", "2007-12-31": "58390.38000", "2007-09-30": "53770.12000", "2007-06-30": "51693.76000", "2007-03-31": "51589.29000", "2006-12-31": "50783.81000", "2006-09-30": "50222.23000", "2006-06-30": "50506.86000", "2006-03-31": "49500.39000", "2005-12-31": "49270.02000", "2005-09-30": "48994.32000", "2005-06-30": "48644.22000", "2005-03-31": "48213.61000"}, "Common Stock Net": {"2020-12-31": "14937.28000", "2020-09-30": "79.87100", "2020-06-30": "79.87100", "2020-03-31": "79.87100", "2019-12-31": "79.87100", "2019-09-30": "79.87100", "2019-06-30": "79.87100", "2019-03-31": "79.87100", "2018-12-31": "79.88300", "2018-09-30": "79.88300", "2018-06-30": "79.88400", "2018-03-31": "79.88400", "2017-12-31": "79.90900", "2017-09-30": "79.91000", "2017-06-30": "79.91100", "2017-03-31": "79.91300", "2016-12-31": "79.97300", "2016-09-30": "79.97500", "2016-06-30": "79.97900", "2016-03-31": "79.98200", "2015-12-31": "79.78200", "2015-09-30": "66.63700", "2015-06-30": "66.53100", "2015-03-31": "66.45500", "2014-12-31": "66.15700", "2014-09-30": "66.05000", "2014-06-30": "65.95600", "2014-03-31": "65.69400", "2013-12-31": "65.25800", "2013-09-30": "65.09700", "2013-06-30": "64.70900", "2013-03-31": "64.47600", "2012-12-31": "64.08800", "2012-09-30": "63.70200", "2012-06-30": "63.29400", "2012-03-31": "63.23800", "2011-12-31": "62.84200", "2011-09-30": "62.80500", "2011-06-30": "62.77700", "2011-03-31": "60.19800", "2010-12-31": "60.19800", "2010-09-30": "60.19800", "2010-06-30": "60.19800", "2010-03-31": "60.19800", "2009-12-31": "60.19800", "2009-09-30": "60.19800", "2009-06-30": "60.19800", "2009-03-31": "60.19800", "2008-12-31": "60.19800", "2008-09-30": "60.19800", "2008-06-30": "60.19800", "2008-03-31": "60.19800", "2007-12-31": "60.19800", "2007-09-30": "60.19800", "2007-06-30": "60.19800", "2007-03-31": "60.19800", "2006-12-31": "60.19800", "2006-09-30": "60.19800", "2006-06-30": "60.19800", "2006-03-31": "60.19800", "2005-12-31": "60.19800", "2005-09-30": "60.19800", "2005-06-30": "60.19800", "2005-03-31": "60.19800"}, "Retained Earnings (Accumulated Deficit)": {"2020-12-31": "", "2020-09-30": "13132.37000", "2020-06-30": "12919.34000", "2020-03-31": "12837.39000", "2019-12-31": "12820.92000", "2019-09-30": "12490.23000", "2019-06-30": "12162.28000", "2019-03-31": "11842.37000", "2018-12-31": "11516.67000", "2018-09-30": "11128.34000", "2018-06-30": "10763.64000", "2018-03-31": "10404.46000", "2017-12-31": "10164.80000", "2017-09-30": "9909.41500", "2017-06-30": "9685.47800", "2017-03-31": "9437.45000", "2016-12-31": "9222.48800", "2016-09-30": "9021.96500", "2016-06-30": "8801.30500", "2016-03-31": "8596.75200", "2015-12-31": "8430.50200", "2015-09-30": "8273.74700", "2015-06-30": "8107.52500", "2015-03-31": "7934.82000", "2014-12-31": "7807.11900", "2014-09-30": "7642.99500", "2014-06-30": "7481.07700", "2014-03-31": "7309.91200", "2013-12-31": "7188.00400", "2013-09-30": "7074.28700", "2013-06-30": "6887.07000", "2013-03-31": "6645.19500", "2012-12-31": "6477.27600", "2012-09-30": "6286.78500", "2012-06-30": "6098.08400", "2012-03-31": "5969.23600", "2011-12-31": "5867.16500", "2011-09-30": "5823.92800", "2011-06-30": "5745.25300", "2011-03-31": "5534.90900", "2010-12-31": "5426.70100", "2010-09-30": "5319.19800", "2010-06-30": "5223.83400", "2010-03-31": "5131.60000", "2009-12-31": "5076.88400", "2009-09-30": "5035.80800", "2009-06-30": "5003.55100", "2009-03-31": "5043.63300", "2008-12-31": "5062.75400", "2008-09-30": "5037.79900", "2008-06-30": "5023.81700", "2008-03-31": "4940.72300", "2007-12-31": "4815.58500", "2007-09-30": "4827.58300", "2007-06-30": "4703.29200", "2007-03-31": "4553.63000", "2006-12-31": "4443.44100", "2006-09-30": "4296.65500", "2006-06-30": "4152.94300", "2006-03-31": "4007.07500", "2005-12-31": "3854.27500", "2005-09-30": "3699.97300", "2005-06-30": "3559.92500", "2005-03-31": "3414.39500"}, "Comprehensive Income": {"2020-12-31": "", "2020-09-30": "175.50300", "2020-06-30": "244.63000", "2020-03-31": "209.83300", "2019-12-31": "-206.68000", "2019-09-30": "-80.30800", "2019-06-30": "-112.95800", "2019-03-31": "-288.00900", "2018-12-31": "-420.08100", "2018-09-30": "-542.39900", "2018-06-30": "-517.94100", "2018-03-31": "-483.24300", "2017-12-31": "-363.81400", "2017-09-30": "-247.91500", "2017-06-30": "-270.08100", "2017-03-31": "-291.56700", "2016-12-31": "-294.63600", "2016-09-30": "-114.55900", "2016-06-30": "-101.02100", "2016-03-31": "-150.18900", "2015-12-31": "-251.62700", "2015-09-30": "-163.47300", "2015-06-30": "-217.50200", "2015-03-31": "-152.49100", "2014-12-31": "-180.99400", "2014-09-30": "12.46700", "2014-06-30": "40.30800", "2014-03-31": "-25.26100", "2013-12-31": "-64.15900", "2013-09-30": "-198.06200", "2013-06-30": "-227.77100", "2013-03-31": "-225.95300", "2012-12-31": "-240.26400", "2012-09-30": "-230.07500", "2012-06-30": "-277.84900", "2012-03-31": "-331.25800", "2011-12-31": "-356.44100", "2011-09-30": "-192.53300", "2011-06-30": "-228.76900", "2011-03-31": "-197.52100", "2010-12-31": "-205.22000", "2010-09-30": "-192.55400", "2010-06-30": "-197.19700", "2010-03-31": "-255.18100", "2009-12-31": "-335.99700", "2009-09-30": "-419.28600", "2009-06-30": "-580.75600", "2009-03-31": "-622.40900", "2008-12-31": "-736.88100", "2008-09-30": "-462.05000", "2008-06-30": "-332.91700", "2008-03-31": "-259.48400", "2007-12-31": "-114.82200", "2007-09-30": "-86.66500", "2007-06-30": "-66.83300", "2007-03-31": "-36.16700", "2006-12-31": "-53.57400", "2006-09-30": "-86.94000", "2006-06-30": "-147.79400", "2006-03-31": "-122.88700", "2005-12-31": "-97.93000", "2005-09-30": "-45.28500", "2005-06-30": "-37.81200", "2005-03-31": "-61.49000"}, "Other Share Holders Equity": {"2020-12-31": "", "2020-09-30": "", "2020-06-30": "", "2020-03-31": "", "2019-12-31": "", "2019-09-30": "", "2019-06-30": "", "2019-03-31": "", "2018-12-31": "", "2018-09-30": "", "2018-06-30": "", "2018-03-31": "", "2017-12-31": "", "2017-09-30": "", "2017-06-30": "", "2017-03-31": "", "2016-12-31": "", "2016-09-30": "", "2016-06-30": "", "2016-03-31": "", "2015-12-31": "", "2015-09-30": "", "2015-06-30": "", "2015-03-31": "", "2014-12-31": "", "2014-09-30": "", "2014-06-30": "", "2014-03-31": "", "2013-12-31": "", "2013-09-30": "", "2013-06-30": "", "2013-03-31": "", "2012-12-31": "", "2012-09-30": "", "2012-06-30": "", "2012-03-31": "", "2011-12-31": "", "2011-09-30": "", "2011-06-30": "", "2011-03-31": "", "2010-12-31": "", "2010-09-30": "", "2010-06-30": "", "2010-03-31": "", "2009-12-31": "", "2009-09-30": "", "2009-06-30": "", "2009-03-31": "", "2008-12-31": "", "2008-09-30": "", "2008-06-30": "", "2008-03-31": "", "2007-12-31": "", "2007-09-30": "", "2007-06-30": "", "2007-03-31": "", "2006-12-31": "", "2006-09-30": "", "2006-06-30": "", "2006-03-31": "", "2005-12-31": "", "2005-09-30": "", "2005-06-30": "", "2005-03-31": ""}, "Share Holder Equity": {"2020-12-31": "16187.28000", "2020-09-30": "16101.01000", "2020-06-30": "15945.11000", "2020-03-31": "15815.79000", "2019-12-31": "15716.65000", "2019-09-30": "15779.81000", "2019-06-30": "15691.83000", "2019-03-31": "15587.53000", "2018-12-31": "15460.19000", "2018-09-30": "15436.08000", "2018-06-30": "15577.88000", "2018-03-31": "15709.69000", "2017-12-31": "16250.82000", "2017-09-30": "16318.05000", "2017-06-30": "16283.54000", "2017-03-31": "16213.10000", "2016-12-31": "16486.62000", "2016-09-30": "16340.98000", "2016-06-30": "16471.51000", "2016-03-31": "16355.05000", "2015-12-31": "16173.29000", "2015-09-30": "12921.93000", "2015-06-30": "12668.00000", "2015-03-31": "12528.30000", "2014-12-31": "12335.90000", "2014-09-30": "12333.32000", "2014-06-30": "12168.75000", "2014-03-31": "11886.86000", "2013-12-31": "11305.53000", "2013-09-30": "11016.20000", "2013-06-30": "10716.33000", "2013-03-31": "10422.96000", "2012-12-31": "10202.59000", "2012-09-30": "9945.52700", "2012-06-30": "9629.90700", "2012-03-31": "9428.68800", "2011-12-31": "9271.20900", "2011-09-30": "9375.12600", "2011-06-30": "9244.19400", "2011-03-31": "8507.51800", "2010-12-31": "8357.69500", "2010-09-30": "8231.77300", "2010-06-30": "8101.84400", "2010-03-31": "7915.68700", "2009-12-31": "7752.90700", "2009-09-30": "7612.36300", "2009-06-30": "7400.16400", "2009-03-31": "6901.83900", "2008-12-31": "6784.73100", "2008-09-30": "6416.68400", "2008-06-30": "6519.05600", "2008-03-31": "6487.96200", "2007-12-31": "6485.25600", "2007-09-30": "6238.00400", "2007-06-30": "6175.30700", "2007-03-31": "6253.18400", "2006-12-31": "6281.09500", "2006-09-30": "6151.24300", "2006-06-30": "6000.22400", "2006-03-31": "5919.46900", "2005-12-31": "5876.38600", "2005-09-30": "5847.02300", "2005-06-30": "5837.72300", "2005-03-31": "5673.60500"}, "Total Liabilities And Share Holders Equity": {"2020-12-31": "142601.10000", "2020-09-30": "138626.80000", "2020-06-30": "139537.00000", "2020-03-31": "124577.80000", "2019-12-31": "119872.80000", "2019-09-30": "125500.90000", "2019-06-30": "121554.90000", "2019-03-31": "120025.20000", "2018-12-31": "120097.40000", "2018-09-30": "116827.60000", "2018-06-30": "118426.10000", "2018-03-31": "118622.80000", "2017-12-31": "118593.50000", "2017-09-30": "120401.80000", "2017-06-30": "120896.60000", "2017-03-31": "123223.30000", "2016-12-31": "123449.20000", "2016-09-30": "126841.00000", "2016-06-30": "123820.60000", "2016-03-31": "124625.60000", "2015-12-31": "122787.90000", "2015-09-30": "97797.06000", "2015-06-30": "97080.08000", "2015-03-31": "98377.78000", "2014-12-31": "96685.53000", "2014-09-30": "97228.34000", "2014-06-30": "90835.00000", "2014-03-31": "88530.36000", "2013-12-31": "85162.39000", "2013-09-30": "84427.48000", "2013-06-30": "83229.01000", "2013-03-31": "82811.95000", "2012-12-31": "83008.80000", "2012-09-30": "81085.23000", "2012-06-30": "80807.58000", "2012-03-31": "79186.89000", "2011-12-31": "77924.29000", "2011-09-30": "77863.89000", "2011-06-30": "77727.16000", "2011-03-31": "67881.21000", "2010-12-31": "68021.27000", "2010-09-30": "68246.84000", "2010-06-30": "68153.62000", "2010-03-31": "68439.22000", "2009-12-31": "68880.40000", "2009-09-30": "68997.45000", "2009-06-30": "69913.22000", "2009-03-31": "64883.20000", "2008-12-31": "65815.76000", "2008-09-30": "65247.21000", "2008-06-30": "65893.43000", "2008-03-31": "66085.57000", "2007-12-31": "64875.64000", "2007-09-30": "60008.12000", "2007-06-30": "57869.07000", "2007-03-31": "57842.47000", "2006-12-31": "57064.91000", "2006-09-30": "56373.48000", "2006-06-30": "56507.09000", "2006-03-31": "55419.86000", "2005-12-31": "55146.41000", "2005-09-30": "54841.35000", "2005-06-30": "54481.95000", "2005-03-31": "53887.22000"}}, "cash flow statement": {"Net Income/Loss": {"2020-12-31": "0.00000", "2019-12-31": "1929.14900", "2018-12-31": "1918.08000", "2017-12-31": "1408.30600", "2016-12-31": "1315.11400", "2015-12-31": "1079.66700", "2014-12-31": "1066.24600", "2013-12-31": "1138.48000", "2012-12-31": "1029.49800", "2011-12-31": "859.47900", "2010-12-31": "736.16100", "2009-12-31": "379.89100", "2008-12-31": "555.88700", "2007-12-31": "654.25900", "2006-12-31": "839.18900", "2005-12-31": "782.18300"}, "Total Depreciation And Amortization - Cash Flow": {"2020-12-31": "", "2019-12-31": "301.31500", "2018-12-31": "179.00500", "2017-12-31": "197.12500", "2016-12-31": "200.59100", "2015-12-31": "175.34900", "2014-12-31": "198.73000", "2013-12-31": "203.73500", "2012-12-31": "204.56100", "2011-12-31": "197.78000", "2010-12-31": "182.36200", "2009-12-31": "190.92100", "2008-12-31": "185.79000", "2007-12-31": "178.15900", "2006-12-31": "175.93100", "2005-12-31": "173.74800"}, "Other Non-Cash Items": {"2020-12-31": "", "2019-12-31": "272.77500", "2018-12-31": "149.12800", "2017-12-31": "530.75200", "2016-12-31": "321.82700", "2015-12-31": "507.86600", "2014-12-31": "216.58200", "2013-12-31": "214.81300", "2012-12-31": "392.78000", "2011-12-31": "287.43600", "2010-12-31": "509.74800", "2009-12-31": "857.63800", "2008-12-31": "560.09800", "2007-12-31": "281.61400", "2006-12-31": "6.54900", "2005-12-31": "23.00000"}, "Total Non-Cash Items": {"2020-12-31": "", "2019-12-31": "574.09000", "2018-12-31": "328.13300", "2017-12-31": "727.87710", "2016-12-31": "522.41800", "2015-12-31": "683.21500", "2014-12-31": "415.31200", "2013-12-31": "418.54800", "2012-12-31": "597.34100", "2011-12-31": "485.21600", "2010-12-31": "692.11000", "2009-12-31": "1048.55900", "2008-12-31": "745.88790", "2007-12-31": "459.77300", "2006-12-31": "182.48000", "2005-12-31": "196.74800"}, "Change In Accounts Receivable": {"2020-12-31": "", "2019-12-31": "161.15300", "2018-12-31": "-157.85700", "2017-12-31": "693.76100", "2016-12-31": "-677.93100", "2015-12-31": "276.99200", "2014-12-31": "-335.41800", "2013-12-31": "-684.58500", "2012-12-31": "-938.73700", "2011-12-31": "210.64800", "2010-12-31": "192.14700", "2009-12-31": "-96.02500", "2008-12-31": "486.56600", "2007-12-31": "305.91800", "2006-12-31": "-583.74700", "2005-12-31": "-606.33400"}, "Change In Inventories": {"2020-12-31": "", "2019-12-31": "-382.76700", "2018-12-31": "-11.94000", "2017-12-31": "153.97200", "2016-12-31": "-36.45300", "2015-12-31": "-8.32700", "2014-12-31": "21.62300", "2013-12-31": "-11.64200", "2012-12-31": "12.58300", "2011-12-31": "69.43800", "2010-12-31": "-89.47600", "2009-12-31": "11.95600", "2008-12-31": "41.47700", "2007-12-31": "-66.73200", "2006-12-31": "43.23400", "2005-12-31": "-49.20800"}, "Change In Accounts Payable": {"2020-12-31": "", "2019-12-31": "", "2018-12-31": "", "2017-12-31": "", "2016-12-31": "", "2015-12-31": "", "2014-12-31": "", "2013-12-31": "", "2012-12-31": "", "2011-12-31": "", "2010-12-31": "", "2009-12-31": "", "2008-12-31": "", "2007-12-31": "", "2006-12-31": "", "2005-12-31": ""}, "Change In Assets/Liabilities": {"2020-12-31": "", "2019-12-31": "75.93000", "2018-12-31": "13.43600", "2017-12-31": "-201.98100", "2016-12-31": "60.26300", "2015-12-31": "-289.13900", "2014-12-31": "-68.72200", "2013-12-31": "71.52300", "2012-12-31": "-200.70400", "2011-12-31": "147.46500", "2010-12-31": "144.70500", "2009-12-31": "-154.99200", "2008-12-31": "-201.40200", "2007-12-31": "-18.46100", "2006-12-31": "58.70700", "2005-12-31": "-25.01700"}, "Total Change In Assets/Liabilities": {"2020-12-31": "", "2019-12-31": "-145.68400", "2018-12-31": "-156.36100", "2017-12-31": "645.75200", "2016-12-31": "-654.12100", "2015-12-31": "-20.47400", "2014-12-31": "-382.51700", "2013-12-31": "-624.70400", "2012-12-31": "-1126.85800", "2011-12-31": "427.55100", "2010-12-31": "247.37600", "2009-12-31": "-239.06100", "2008-12-31": "326.64110", "2007-12-31": "220.72500", "2006-12-31": "-481.80600", "2005-12-31": "-680.55900"}, "Cash Flow From Operating Activities": {"2020-12-31": "", "2019-12-31": "2357.55500", "2018-12-31": "2089.85200", "2017-12-31": "2781.93500", "2016-12-31": "1183.41100", "2015-12-31": "1742.40800", "2014-12-31": "1099.04100", "2013-12-31": "932.32400", "2012-12-31": "499.98100", "2011-12-31": "1772.24600", "2010-12-31": "1675.64700", "2009-12-31": "1189.38900", "2008-12-31": "1628.41600", "2007-12-31": "1334.75700", "2006-12-31": "539.86300", "2005-12-31": "298.37200"}, "Net Change In Property, Plant, And Equipment": {"2020-12-31": "", "2019-12-31": "-178.04900", "2018-12-31": "-97.67600", "2017-12-31": "-78.96600", "2016-12-31": "-107.69300", "2015-12-31": "-81.93600", "2014-12-31": "-73.16100", "2013-12-31": "-129.56300", "2012-12-31": "-91.51900", "2011-12-31": "-70.00800", "2010-12-31": "-70.45800", "2009-12-31": "-58.96700", "2008-12-31": "-72.23400", "2007-12-31": "-56.68100", "2006-12-31": "-41.98800", "2005-12-31": "-26.54600"}, "Net Change In Intangible Assets": {"2020-12-31": "", "2019-12-31": "", "2018-12-31": "", "2017-12-31": "", "2016-12-31": "", "2015-12-31": "", "2014-12-31": "", "2013-12-31": "", "2012-12-31": "", "2011-12-31": "", "2010-12-31": "", "2009-12-31": "", "2008-12-31": "-24.34900", "2007-12-31": "-53.04900", "2006-12-31": "-49.98400", "2005-12-31": "-50.36700"}, "Net Acquisitions/Divestitures": {"2020-12-31": "", "2019-12-31": "", "2018-12-31": "", "2017-12-31": "", "2016-12-31": "", "2015-12-31": "-1932.59600", "2014-12-31": "", "2013-12-31": "", "2012-12-31": "", "2011-12-31": "-151.06000", "2010-12-31": "213.20400", "2009-12-31": "202.99300", "2008-12-31": "", "2007-12-31": "-251.90600", "2006-12-31": "483.71800", "2005-12-31": ""}, "Net Change In Short-term Investments": {"2020-12-31": "", "2019-12-31": "915.04300", "2018-12-31": "-3026.29400", "2017-12-31": "-78.26500", "2016-12-31": "2593.71200", "2015-12-31": "6445.45100", "2014-12-31": "-4819.72900", "2013-12-31": "-1521.19300", "2012-12-31": "25.01500", "2011-12-31": "2567.52700", "2010-12-31": "32.11300", "2009-12-31": "-33.05100", "2008-12-31": "-81.85300", "2007-12-31": "100.00000", "2006-12-31": "-100.00000", "2005-12-31": "1.02600"}, "Net Change In Long-Term Investments": {"2020-12-31": "", "2019-12-31": "3451.27500", "2018-12-31": "1834.65800", "2017-12-31": "1563.07800", "2016-12-31": "-702.76000", "2015-12-31": "5150.96000", "2014-12-31": "-3931.16100", "2013-12-31": "233.27490", "2012-12-31": "1715.01900", "2011-12-31": "55.70680", "2010-12-31": "414.12610", "2009-12-31": "1713.99900", "2008-12-31": "911.60790", "2007-12-31": "-408.90500", "2006-12-31": "1161.54000", "2005-12-31": "26.10210"}, "Net Change In Investments - Total": {"2020-12-31": "", "2019-12-31": "4366.31800", "2018-12-31": "-1191.63600", "2017-12-31": "1484.81300", "2016-12-31": "1890.95200", "2015-12-31": "11596.41000", "2014-12-31": "-8750.89100", "2013-12-31": "-1287.91800", "2012-12-31": "1740.03400", "2011-12-31": "2623.23400", "2010-12-31": "446.23910", "2009-12-31": "1680.94800", "2008-12-31": "829.75490", "2007-12-31": "-308.90500", "2006-12-31": "1061.54000", "2005-12-31": "27.12810"}, "Investing Activities - Other": {"2020-12-31": "", "2019-12-31": "-3461.26200", "2018-12-31": "-120.73900", "2017-12-31": "1989.07800", "2016-12-31": "-2504.02700", "2015-12-31": "-1867.59700", "2014-12-31": "-2886.32000", "2013-12-31": "-786.09700", "2012-12-31": "-5709.37300", "2011-12-31": "-2033.23400", "2010-12-31": "-113.57500", "2009-12-31": "676.72100", "2008-12-31": "-2996.93100", "2007-12-31": "-4112.12600", "2006-12-31": "-1819.99100", "2005-12-31": "-1526.44100"}, "Cash Flow From Investing Activities": {"2020-12-31": "", "2019-12-31": "727.00700", "2018-12-31": "-1410.05100", "2017-12-31": "3394.92500", "2016-12-31": "-720.76800", "2015-12-31": "7714.28200", "2014-12-31": "-11710.37000", "2013-12-31": "-2203.57800", "2012-12-31": "-4060.85800", "2011-12-31": "368.93200", "2010-12-31": "475.41000", "2009-12-31": "2501.69500", "2008-12-31": "-2263.75900", "2007-12-31": "-4782.66700", "2006-12-31": "-366.70500", "2005-12-31": "-1576.22600"}, "Net Long-Term Debt": {"2020-12-31": "", "2019-12-31": "-1553.49300", "2018-12-31": "314.10790", "2017-12-31": "-1287.49000", "2016-12-31": "-1119.89800", "2015-12-31": "-7412.47400", "2014-12-31": "3919.20300", "2013-12-31": "538.54800", "2012-12-31": "-2080.16700", "2011-12-31": "-1809.98400", "2010-12-31": "-2514.34200", "2009-12-31": "-2390.18200", "2008-12-31": "1633.03200", "2007-12-31": "3021.71400", "2006-12-31": "705.14290", "2005-12-31": "-125.41300"}, "Net Current Debt": {"2020-12-31": "", "2019-12-31": "-4336.01500", "2018-12-31": "4223.27900", "2017-12-31": "11.65700", "2016-12-31": "-1937.10500", "2015-12-31": "-2167.40500", "2014-12-31": "-67.77900", "2013-12-31": "-814.02700", "2012-12-31": "292.42200", "2011-12-31": "-313.05000", "2010-12-31": "-1522.64600", "2009-12-31": "-745.25100", "2008-12-31": "-2811.73600", "2007-12-31": "2324.85900", "2006-12-31": "-2058.65800", "2005-12-31": "450.23000"}, "Debt Issuance/Retirement Net - Total": {"2020-12-31": "", "2019-12-31": "-5889.50800", "2018-12-31": "4537.38700", "2017-12-31": "-1275.83300", "2016-12-31": "-3057.00300", "2015-12-31": "-9579.87900", "2014-12-31": "3851.42400", "2013-12-31": "-275.47900", "2012-12-31": "-1787.74500", "2011-12-31": "-2123.03400", "2010-12-31": "-4036.98800", "2009-12-31": "-3135.43300", "2008-12-31": "-1178.70400", "2007-12-31": "5346.57300", "2006-12-31": "-1353.51500", "2005-12-31": "324.81700"}, "Net Common Equity Issued/Repurchased": {"2020-12-31": "", "2019-12-31": "-1349.78500", "2018-12-31": "-2194.39600", "2017-12-31": "-1205.90500", "2016-12-31": "-641.33400", "2015-12-31": "", "2014-12-31": "", "2013-12-31": "", "2012-12-31": "", "2011-12-31": "", "2010-12-31": "", "2009-12-31": "", "2008-12-31": "", "2007-12-31": "-508.40400", "2006-12-31": "-373.86000", "2005-12-31": "-509.60900"}, "Net Total Equity Issued/Repurchased": {"2020-12-31": "", "2019-12-31": "-1335.28500", "2018-12-31": "-2194.39600", "2017-12-31": "-1205.90500", "2016-12-31": "-646.33400", "2015-12-31": "", "2014-12-31": "346.50000", "2013-12-31": "", "2012-12-31": "", "2011-12-31": "125.00000", "2010-12-31": "", "2009-12-31": "", "2008-12-31": "600.00000", "2007-12-31": "-508.40400", "2006-12-31": "-373.86000", "2005-12-31": "-509.60900"}, "Total Common And Preferred Stock Dividends Paid": {"2020-12-31": "", "2019-12-31": "-619.59200", "2018-12-31": "-582.90300", "2017-12-31": "-530.13600", "2016-12-31": "-523.16100", "2015-12-31": "-456.28700", "2014-12-31": "-441.43300", "2013-12-31": "-418.79900", "2012-12-31": "-411.16700", "2011-12-31": "-398.33200", "2010-12-31": "-375.52800", "2009-12-31": "-357.65200", "2008-12-31": "-308.50100", "2007-12-31": "-281.90000", "2006-12-31": "-249.81700", "2005-12-31": "-198.61900"}, "Financial Activities - Other": {"2020-12-31": "", "2019-12-31": "4590.68900", "2018-12-31": "-2255.33800", "2017-12-31": "-3064.64700", "2016-12-31": "3716.36400", "2015-12-31": "574.15900", "2014-12-31": "6555.26200", "2013-12-31": "1651.85100", "2012-12-31": "6294.00700", "2011-12-31": "773.83000", "2010-12-31": "1948.87200", "2009-12-31": "-519.80800", "2008-12-31": "1323.15200", "2007-12-31": "-965.77590", "2006-12-31": "1938.53900", "2005-12-31": "1787.92000"}, "Cash Flow From Financial Activities": {"2020-12-31": "", "2019-12-31": "-3253.69600", "2018-12-31": "-495.25000", "2017-12-31": "-6076.52100", "2016-12-31": "-510.13400", "2015-12-31": "-9462.00700", "2014-12-31": "10311.75000", "2013-12-31": "957.57300", "2012-12-31": "4095.09500", "2011-12-31": "-1622.53600", "2010-12-31": "-2463.64400", "2009-12-31": "-4012.89300", "2008-12-31": "435.94700", "2007-12-31": "3590.49300", "2006-12-31": "-38.65300", "2005-12-31": "1404.50900"}, "Net Cash Flow": {"2020-12-31": "", "2019-12-31": "-169.13400", "2018-12-31": "184.55100", "2017-12-31": "100.33900", "2016-12-31": "-47.49100", "2015-12-31": "-5.31700", "2014-12-31": "-299.57700", "2013-12-31": "-313.68100", "2012-12-31": "534.21800", "2011-12-31": "518.64200", "2010-12-31": "-312.58700", "2009-12-31": "-321.80900", "2008-12-31": "-199.39600", "2007-12-31": "142.58300", "2006-12-31": "134.50500", "2005-12-31": "126.65500"}, "Stock-Based Compensation": {"2020-12-31": "", "2019-12-31": "", "2018-12-31": "", "2017-12-31": "", "2016-12-31": "", "2015-12-31": "", "2014-12-31": "", "2013-12-31": "", "2012-12-31": "", "2011-12-31": "", "2010-12-31": "", "2009-12-31": "", "2008-12-31": "", "2007-12-31": "", "2006-12-31": "", "2005-12-31": ""}, "Common Stock Dividends Paid": {"2020-12-31": "", "2019-12-31": "-552.13800", "2018-12-31": "-510.38200", "2017-12-31": "-457.40200", "2016-12-31": "-441.89100", "2015-12-31": "-375.01700", "2014-12-31": "-371.19900", "2013-12-31": "-365.34900", "2012-12-31": "-357.71700", "2011-12-31": "-350.12900", "2010-12-31": "-335.30300", "2009-12-31": "-325.70600", "2008-12-31": "-308.50100", "2007-12-31": "-281.90000", "2006-12-31": "-249.81700", "2005-12-31": "-198.61900"}}, "cash flow statement, quarterly": {"Net Income/Loss": {"2020-12-31": -882.012, "2020-09-30": 372.136, "2020-06-30": 241.054, "2020-03-31": "268.82200", "2019-12-31": 493.066, "2019-09-30": 480.081, "2019-06-30": 473.26, "2019-03-31": "482.74200", "2018-12-31": 546.219, "2018-09-30": 526.091, "2018-06-30": 493.16, "2018-03-31": "352.61000", "2017-12-31": 322.403, "2017-09-30": 355.923, "2017-06-30": 381.053, "2017-03-31": "348.92700", "2016-12-31": 330.571, "2016-09-30": 349.984, "2016-06-30": 336.031, "2016-03-31": "298.52800", "2015-12-31": 270.965, "2015-09-30": 280.401, "2015-06-30": 286.688, "2015-03-31": "241.61300", "2014-12-31": 277.549, "2014-09-30": 275.344, "2014-06-30": 284.336, "2014-03-31": "229.01700", "2013-12-31": 221.422, "2013-09-30": 294.479, "2013-06-30": 348.466, "2013-03-31": "274.11300", "2012-12-31": 296.193, "2012-09-30": 293.462, "2012-06-30": 233.38, "2012-03-31": "206.46300", "2011-12-31": 147.74, "2011-09-30": 183.108, "2011-06-30": 322.358, "2011-03-31": "206.27300", "2010-12-31": 204.442, "2010-09-30": 192.015, "2010-06-30": 188.749, "2010-03-31": "150.95500", "2009-12-31": 136.818, "2009-09-30": 127.664, "2009-06-30": 51.188, "2009-03-31": "64.22100", "2008-12-31": 102.241, "2008-09-30": 91.185, "2008-06-30": 160.265, "2008-03-31": "202.19600", "2007-12-31": 64.93, "2007-09-30": 199.187, "2007-06-30": 214.169, "2007-03-31": "175.97300", "2006-12-31": 213.329, "2006-09-30": 210.37, "2006-06-30": 212.573, "2006-03-31": "202.91700", "2005-12-31": 204.985, "2005-09-30": 191.074, "2005-06-30": 196.834, "2005-03-31": "189.29000"}, "Total Depreciation And Amortization - Cash Flow": {"2020-12-31": -240.055, "2020-09-30": 85.51, "2020-06-30": 76.885, "2020-03-31": "77.66000", "2019-12-31": 77.272, "2019-09-30": 77.946, "2019-06-30": 73.925, "2019-03-31": "72.17200", "2018-12-31": 43.089, "2018-09-30": 44.597, "2018-06-30": 45.75, "2018-03-31": "45.56900", "2017-12-31": 46.678, "2017-09-30": 51.029, "2017-06-30": 50.026, "2017-03-31": "49.39200", "2016-12-31": 49.177, "2016-09-30": 49.515, "2016-06-30": 50.19, "2016-03-31": "51.70900", "2015-12-31": 47.855, "2015-09-30": 41.965, "2015-06-30": 42.359, "2015-03-31": "43.17000", "2014-12-31": 45.988, "2014-09-30": 49.445, "2014-06-30": 50.735, "2014-03-31": "52.56200", "2013-12-31": 53.749, "2013-09-30": 50.134, "2013-06-30": 49.274, "2013-03-31": "50.57800", "2012-12-31": 49.773, "2012-09-30": 51.572, "2012-06-30": 50.944, "2012-03-31": "52.27200", "2011-12-31": 53.21, "2011-09-30": 52.404, "2011-06-30": 48.396, "2011-03-31": "43.77000", "2010-12-31": 43.395, "2010-09-30": 44.706, "2010-06-30": 45.934, "2010-03-31": "48.32700", "2009-12-31": 53.349, "2009-09-30": 48.618, "2009-06-30": 44.592, "2009-03-31": "44.36200", "2008-12-31": 45.612, "2008-09-30": 46.142, "2008-06-30": 45.934, "2008-03-31": "48.10200", "2007-12-31": 43.86, "2007-09-30": 43.71, "2007-06-30": 44.063, "2007-03-31": "46.52600", "2006-12-31": 46.748, "2006-09-30": 47.599, "2006-06-30": 39.33, "2006-03-31": "42.25400", "2005-12-31": 41.729, "2005-09-30": 42.942, "2005-06-30": 43.122, "2005-03-31": "45.95500"}, "Other Non-Cash Items": {"2020-12-31": -608.043, "2020-09-30": 113.318, "2020-06-30": 281.911, "2020-03-31": "212.81400", "2019-12-31": 94.18, "2019-09-30": 43.975, "2019-06-30": 102.431, "2019-03-31": "32.18900", "2018-12-31": 138.821, "2018-09-30": 59.788, "2018-06-30": 33.646, "2018-03-31": "-83.12700", "2017-12-31": 400.915, "2017-09-30": 18.176, "2017-06-30": 26.459, "2017-03-31": "85.20200", "2016-12-31": 117.009, "2016-09-30": 32.1, "2016-06-30": 70.102, "2016-03-31": "102.61600", "2015-12-31": 431.919, "2015-09-30": 22.624, "2015-06-30": -23.042, "2015-03-31": "76.36500", "2014-12-31": 90.462, "2014-09-30": 23.132, "2014-06-30": 28.467, "2014-03-31": "74.52100", "2013-12-31": 86.755, "2013-09-30": 46.776, "2013-06-30": 13.147, "2013-03-31": "68.13500", "2012-12-31": 87.646, "2012-09-30": 148.18, "2012-06-30": 78.812, "2012-03-31": "78.14200", "2011-12-31": 196.614, "2011-09-30": 104.309, "2011-06-30": -73.141, "2011-03-31": "59.65400", "2010-12-31": 112.213, "2010-09-30": 177.528, "2010-06-30": 95.888, "2010-03-31": "124.11900", "2009-12-31": 184.1609, "2009-09-30": 225.7051, "2009-06-30": 268.104, "2009-03-31": "179.66800", "2008-12-31": 219.694, "2008-09-30": 217.765, "2008-06-30": 101.426, "2008-03-31": "21.21300", "2007-12-31": 199.154, "2007-09-30": 51.469, "2007-06-30": 15.424, "2007-03-31": "15.56700", "2006-12-31": 23.501, "2006-09-30": 4.071, "2006-06-30": 2.623, "2006-03-31": "-23.64600", "2005-12-31": 14.692, "2005-09-30": 33.152, "2005-06-30": -15.266, "2005-03-31": "-9.57800"}, "Total Non-Cash Items": {"2020-12-31": -848.098, "2020-09-30": 198.828, "2020-06-30": 358.796, "2020-03-31": "290.47400", "2019-12-31": 171.452, "2019-09-30": 121.921, "2019-06-30": 176.356, "2019-03-31": "104.36100", "2018-12-31": 181.91, "2018-09-30": 104.385, "2018-06-30": 79.396, "2018-03-31": "-37.55800", "2017-12-31": 447.5931, "2017-09-30": 69.205, "2017-06-30": 76.485, "2017-03-31": "134.59400", "2016-12-31": 166.186, "2016-09-30": 81.615, "2016-06-30": 120.292, "2016-03-31": "154.32500", "2015-12-31": 479.774, "2015-09-30": 64.589, "2015-06-30": 19.317, "2015-03-31": "119.53500", "2014-12-31": 136.45, "2014-09-30": 72.577, "2014-06-30": 79.202, "2014-03-31": "127.08300", "2013-12-31": 140.504, "2013-09-30": 96.91, "2013-06-30": 62.421, "2013-03-31": "118.71300", "2012-12-31": 137.419, "2012-09-30": 199.752, "2012-06-30": 129.756, "2012-03-31": "130.41400", "2011-12-31": 249.824, "2011-09-30": 156.713, "2011-06-30": -24.745, "2011-03-31": "103.42400", "2010-12-31": 155.608, "2010-09-30": 222.234, "2010-06-30": 141.822, "2010-03-31": "172.44600", "2009-12-31": 237.5099, "2009-09-30": 274.3231, "2009-06-30": 312.696, "2009-03-31": "224.03000", "2008-12-31": 265.3059, "2008-09-30": 263.907, "2008-06-30": 147.36, "2008-03-31": "69.31500", "2007-12-31": 243.014, "2007-09-30": 95.179, "2007-06-30": 59.487, "2007-03-31": "62.09300", "2006-12-31": 70.249, "2006-09-30": 51.67, "2006-06-30": 41.953, "2006-03-31": "18.60800", "2005-12-31": 56.421, "2005-09-30": 76.094, "2005-06-30": 27.856, "2005-03-31": "36.37700"}, "Change In Accounts Receivable": {"2020-12-31": 558.598, "2020-09-30": -289.44, "2020-06-30": -97.102, "2020-03-31": "-172.05600", "2019-12-31": 172.707, "2019-09-30": 201.721, "2019-06-30": -380.874, "2019-03-31": "167.59900", "2018-12-31": 125.302, "2018-09-30": 467.085, "2018-06-30": -663.038, "2018-03-31": "-87.20600", "2017-12-31": 192.925, "2017-09-30": -38.678, "2017-06-30": -149.658, "2017-03-31": "689.17200", "2016-12-31": -378.274, "2016-09-30": -113.244, "2016-06-30": -170.094, "2016-03-31": "-16.31900", "2015-12-31": 49.502, "2015-09-30": 297.255, "2015-06-30": -265.273, "2015-03-31": "195.50800", "2014-12-31": -120.631, "2014-09-30": -32.302, "2014-06-30": -301.706, "2014-03-31": "119.22100", "2013-12-31": 127.012, "2013-09-30": -589.682, "2013-06-30": -424.686, "2013-03-31": "202.77100", "2012-12-31": -399.419, "2012-09-30": -507.085, "2012-06-30": -194.394, "2012-03-31": "162.16100", "2011-12-31": -99.769, "2011-09-30": 138.525, "2011-06-30": -206.196, "2011-03-31": "378.08800", "2010-12-31": 120.211, "2010-09-30": -153.55, "2010-06-30": -26.839, "2010-03-31": "252.32500", "2009-12-31": -99.015, "2009-09-30": 233.768, "2009-06-30": 19.803, "2009-03-31": "-250.58100", "2008-12-31": 51.335, "2008-09-30": 166.436, "2008-06-30": 310.439, "2008-03-31": "-41.64400", "2007-12-31": 164.217, "2007-09-30": 63.221, "2007-06-30": -73.03, "2007-03-31": "151.51000", "2006-12-31": -625.294, "2006-09-30": 270.004, "2006-06-30": -54.95, "2006-03-31": "-173.50700", "2005-12-31": 483.27, "2005-09-30": -655.103, "2005-06-30": -466.779, "2005-03-31": "32.27800"}, "Change In Inventories": {"2020-12-31": 702.362, "2020-09-30": 62.952, "2020-06-30": -56.995, "2020-03-31": "-708.31900", "2019-12-31": 141.988, "2019-09-30": -126.203, "2019-06-30": -228.46, "2019-03-31": "-170.09200", "2018-12-31": -191.154, "2018-09-30": 50.46, "2018-06-30": 37.535, "2018-03-31": "91.21900", "2017-12-31": 65.267, "2017-09-30": -3.349, "2017-06-30": -21.278, "2017-03-31": "113.33200", "2016-12-31": 46.384, "2016-09-30": -42.285, "2016-06-30": 18.528, "2016-03-31": "-59.08000", "2015-12-31": -5.334, "2015-09-30": -3.191, "2015-06-30": 18.404, "2015-03-31": "-18.20600", "2014-12-31": 10.46, "2014-09-30": -4.005, "2014-06-30": -12.725, "2014-03-31": "27.89300", "2013-12-31": -16.414, "2013-09-30": -9.59, "2013-06-30": -7.794, "2013-03-31": "22.15600", "2012-12-31": -12.16, "2012-09-30": 12.305, "2012-06-30": 4.598, "2012-03-31": "7.84000", "2011-12-31": 20.062, "2011-09-30": -10.834, "2011-06-30": -20.595, "2011-03-31": "80.80500", "2010-12-31": -78.994, "2010-09-30": -4.391, "2010-06-30": -3.427, "2010-03-31": "-2.66400", "2009-12-31": 27.753, "2009-09-30": 29.156, "2009-06-30": -45.264, "2009-03-31": "0.31100", "2008-12-31": 116.06, "2008-09-30": -117.301, "2008-06-30": -13.046, "2008-03-31": "55.76400", "2007-12-31": -39.867, "2007-09-30": -16.707, "2007-06-30": 10.516, "2007-03-31": "-20.67400", "2006-12-31": 37.662, "2006-09-30": -0.194, "2006-06-30": 10.53, "2006-03-31": "-4.76400", "2005-12-31": -7.247, "2005-09-30": -0.273, "2005-06-30": -28.575, "2005-03-31": "-13.11300"}, "Change In Accounts Payable": {"2020-12-31": 0, "2020-09-30": 0, "2020-06-30": 0, "2020-03-31": "", "2019-12-31": 0, "2019-09-30": 0, "2019-06-30": 0, "2019-03-31": "", "2018-12-31": 0, "2018-09-30": 0, "2018-06-30": 0, "2018-03-31": "", "2017-12-31": 0, "2017-09-30": 0, "2017-06-30": 0, "2017-03-31": "", "2016-12-31": 0, "2016-09-30": 0, "2016-06-30": 0, "2016-03-31": "", "2015-12-31": 0, "2015-09-30": 0, "2015-06-30": 0, "2015-03-31": "", "2014-12-31": 0, "2014-09-30": 0, "2014-06-30": 0, "2014-03-31": "", "2013-12-31": 0, "2013-09-30": 0, "2013-06-30": 0, "2013-03-31": "", "2012-12-31": 0, "2012-09-30": 0, "2012-06-30": 0, "2012-03-31": "", "2011-12-31": 0, "2011-09-30": 0, "2011-06-30": 0, "2011-03-31": "", "2010-12-31": 0, "2010-09-30": 0, "2010-06-30": 0, "2010-03-31": "", "2009-12-31": 0, "2009-09-30": 0, "2009-06-30": 0, "2009-03-31": "", "2008-12-31": 0, "2008-09-30": 0, "2008-06-30": 0, "2008-03-31": "", "2007-12-31": 0, "2007-09-30": 0, "2007-06-30": 0, "2007-03-31": "", "2006-12-31": 0, "2006-09-30": 0, "2006-06-30": 0, "2006-03-31": "", "2005-12-31": 0, "2005-09-30": 0, "2005-06-30": 0, "2005-03-31": ""}, "Change In Assets/Liabilities": {"2020-12-31": 344.085, "2020-09-30": -350.488, "2020-06-30": 79.766, "2020-03-31": "-73.36300", "2019-12-31": 151.494, "2019-09-30": 69.15, "2019-06-30": 26.59, "2019-03-31": "-171.30400", "2018-12-31": -112.042, "2018-09-30": -129.646, "2018-06-30": 90.01, "2018-03-31": "165.11400", "2017-12-31": -312.119, "2017-09-30": 59.478, "2017-06-30": 50.869, "2017-03-31": "-0.20900", "2016-12-31": -53.546, "2016-09-30": 145.989, "2016-06-30": -102.946, "2016-03-31": "70.76600", "2015-12-31": -300.339, "2015-09-30": 50.703, "2015-06-30": 40.581, "2015-03-31": "-80.08400", "2014-12-31": 20.703, "2014-09-30": -6.608, "2014-06-30": -140.701, "2014-03-31": "57.88400", "2013-12-31": -43.877, "2013-09-30": 95.064, "2013-06-30": -60.309, "2013-03-31": "80.64500", "2012-12-31": 4.172, "2012-09-30": -169.286, "2012-06-30": -67.724, "2012-03-31": "32.13400", "2011-12-31": 168.892, "2011-09-30": -45.193, "2011-06-30": 21.703, "2011-03-31": "2.06300", "2010-12-31": 24.977, "2010-09-30": -35.675, "2010-06-30": 74.866, "2010-03-31": "80.53700", "2009-12-31": -189.198, "2009-09-30": -3.895, "2009-06-30": 1.477, "2009-03-31": "36.62400", "2008-12-31": -200.291, "2008-09-30": 45.215, "2008-06-30": -93.812, "2008-03-31": "47.48600", "2007-12-31": 4.724, "2007-09-30": -31.102, "2007-06-30": -35.106, "2007-03-31": "43.02300", "2006-12-31": -87.017, "2006-09-30": 170.886, "2006-06-30": -89.873, "2006-03-31": "64.71100", "2005-12-31": -31.921, "2005-09-30": -29.706, "2005-06-30": -32.869, "2005-03-31": "69.47900"}, "Total Change In Assets/Liabilities": {"2020-12-31": 1605.045, "2020-09-30": -576.976, "2020-06-30": -74.331, "2020-03-31": "-953.73800", "2019-12-31": 466.189, "2019-09-30": 144.668, "2019-06-30": -582.744, "2019-03-31": "-173.79700", "2018-12-31": -177.894, "2018-09-30": 387.899, "2018-06-30": -535.493, "2018-03-31": "169.12700", "2017-12-31": -53.927, "2017-09-30": 17.451, "2017-06-30": -120.067, "2017-03-31": "802.29500", "2016-12-31": -385.436, "2016-09-30": -9.54, "2016-06-30": -254.512, "2016-03-31": "-4.63300", "2015-12-31": -256.171, "2015-09-30": 344.767, "2015-06-30": -206.288, "2015-03-31": "97.21800", "2014-12-31": -89.468, "2014-09-30": -42.915, "2014-06-30": -455.132, "2014-03-31": "204.99800", "2013-12-31": 66.721, "2013-09-30": -504.208, "2013-06-30": -492.789, "2013-03-31": "305.57200", "2012-12-31": -407.407, "2012-09-30": -664.066, "2012-06-30": -257.52, "2012-03-31": "202.13500", "2011-12-31": 89.185, "2011-09-30": 82.498, "2011-06-30": -205.088, "2011-03-31": "460.95600", "2010-12-31": 66.194, "2010-09-30": -193.616, "2010-06-30": 44.6, "2010-03-31": "330.19800", "2009-12-31": -260.46, "2009-09-30": 259.029, "2009-06-30": -23.984, "2009-03-31": "-213.64600", "2008-12-31": -32.8959, "2008-09-30": 94.35, "2008-06-30": 203.581, "2008-03-31": "61.60600", "2007-12-31": 129.074, "2007-09-30": 15.412, "2007-06-30": -97.62, "2007-03-31": "173.85900", "2006-12-31": -674.649, "2006-09-30": 440.696, "2006-06-30": -134.293, "2006-03-31": "-113.56000", "2005-12-31": 444.102, "2005-09-30": -685.082, "2005-06-30": -528.223, "2005-03-31": "88.64400"}, "Cash Flow From Operating Activities": {"2020-12-31": -125.065, "2020-09-30": -6.012, "2020-06-30": 525.519, "2020-03-31": "-394.44200", "2019-12-31": 1130.707, "2019-09-30": 746.67, "2019-06-30": 66.872, "2019-03-31": "413.30600", "2018-12-31": 550.235, "2018-09-30": 1018.375, "2018-06-30": 37.063, "2018-03-31": "484.17900", "2017-12-31": 716.069, "2017-09-30": 442.579, "2017-06-30": 337.471, "2017-03-31": "1285.81600", "2016-12-31": 111.321, "2016-09-30": 422.059, "2016-06-30": 201.811, "2016-03-31": "448.22000", "2015-12-31": 494.568, "2015-09-30": 689.757, "2015-06-30": 99.717, "2015-03-31": "458.36600", "2014-12-31": 324.531, "2014-09-30": 305.006, "2014-06-30": -91.594, "2014-03-31": "561.09800", "2013-12-31": 428.647, "2013-09-30": -112.819, "2013-06-30": -81.902, "2013-03-31": "698.39800", "2012-12-31": 26.205, "2012-09-30": -170.852, "2012-06-30": 105.616, "2012-03-31": "539.01200", "2011-12-31": 486.749, "2011-09-30": 422.319, "2011-06-30": 92.525, "2011-03-31": "770.65300", "2010-12-31": 426.244, "2010-09-30": 220.633, "2010-06-30": 375.171, "2010-03-31": "653.59900", "2009-12-31": 113.868, "2009-09-30": 661.016, "2009-06-30": 339.9, "2009-03-31": "74.60500", "2008-12-31": 334.651, "2008-09-30": 449.442, "2008-06-30": 511.206, "2008-03-31": "333.11700", "2007-12-31": 437.018, "2007-09-30": 309.778, "2007-06-30": 176.036, "2007-03-31": "411.92500", "2006-12-31": -391.071, "2006-09-30": 702.736, "2006-06-30": 120.233, "2006-03-31": "107.96500", "2005-12-31": 705.508, "2005-09-30": -417.914, "2005-06-30": -303.533, "2005-03-31": "314.31100"}, "Net Change In Property, Plant, And Equipment": {"2020-12-31": 125.37, "2020-09-30": -31.719, "2020-06-30": -42.104, "2020-03-31": "-51.54700", "2019-12-31": -58.527, "2019-09-30": -36.865, "2019-06-30": -51.947, "2019-03-31": "-30.71000", "2018-12-31": -38.374, "2018-09-30": -22.186, "2018-06-30": -27.572, "2018-03-31": "-9.54400", "2017-12-31": -16.451, "2017-09-30": -12.653, "2017-06-30": -28.341, "2017-03-31": "-21.52100", "2016-12-31": -42.416, "2016-09-30": -28.658, "2016-06-30": -20.312, "2016-03-31": "-16.30700", "2015-12-31": -39.192, "2015-09-30": -19.349, "2015-06-30": -13.797, "2015-03-31": "-9.59800", "2014-12-31": -22.761, "2014-09-30": -12.653, "2014-06-30": -21.022, "2014-03-31": "-16.72500", "2013-12-31": -43.599, "2013-09-30": -42.301, "2013-06-30": -26.992, "2013-03-31": "-16.67100", "2012-12-31": -25.572, "2012-09-30": -19.055, "2012-06-30": -27.515, "2012-03-31": "-19.37700", "2011-12-31": -31.978, "2011-09-30": -24.054, "2011-06-30": -5.122, "2011-03-31": "-8.85400", "2010-12-31": -31.078, "2010-09-30": -15.977, "2010-06-30": -12.833, "2010-03-31": "-10.57000", "2009-12-31": -31.303, "2009-09-30": -10.009, "2009-06-30": -7.405, "2009-03-31": "-10.25000", "2008-12-31": -28.38, "2008-09-30": -19.658, "2008-06-30": -15.68, "2008-03-31": "-8.51600", "2007-12-31": -21.562, "2007-09-30": -15.505, "2007-06-30": -10.699, "2007-03-31": "-8.91500", "2006-12-31": -15.361, "2006-09-30": -9.891, "2006-06-30": -10.871, "2006-03-31": "-5.86500", "2005-12-31": -11.379, "2005-09-30": -8.71, "2005-06-30": -3.108, "2005-03-31": "-3.34900"}, "Net Change In Intangible Assets": {"2020-12-31": 0, "2020-09-30": 0, "2020-06-30": 0, "2020-03-31": "", "2019-12-31": 0, "2019-09-30": 0, "2019-06-30": 0, "2019-03-31": "", "2018-12-31": 0, "2018-09-30": 0, "2018-06-30": 0, "2018-03-31": "", "2017-12-31": 0, "2017-09-30": 0, "2017-06-30": 0, "2017-03-31": "", "2016-12-31": 0, "2016-09-30": 0, "2016-06-30": 0, "2016-03-31": "", "2015-12-31": 0, "2015-09-30": 0, "2015-06-30": 0, "2015-03-31": "", "2014-12-31": 0, "2014-09-30": 0, "2014-06-30": 0, "2014-03-31": "", "2013-12-31": 0, "2013-09-30": 0, "2013-06-30": 0, "2013-03-31": "", "2012-12-31": 0, "2012-09-30": 0, "2012-06-30": 0, "2012-03-31": "", "2011-12-31": 0, "2011-09-30": 0, "2011-06-30": 0, "2011-03-31": "", "2010-12-31": 0, "2010-09-30": 0.095, "2010-06-30": -0.038, "2010-03-31": "-0.05700", "2009-12-31": 0, "2009-09-30": 0.298, "2009-06-30": -0.009, "2009-03-31": "-0.28900", "2008-12-31": -2.088, "2008-09-30": -6.517, "2008-06-30": -6.069, "2008-03-31": "-9.67500", "2007-12-31": -7.89, "2007-09-30": -16.753, "2007-06-30": -14.375, "2007-03-31": "-14.03100", "2006-12-31": -5.534, "2006-09-30": -12.22, "2006-06-30": -14.872, "2006-03-31": "-17.35800", "2005-12-31": -19.274, "2005-09-30": -9.53, "2005-06-30": -11.997, "2005-03-31": "-9.56600"}, "Net Acquisitions/Divestitures": {"2020-12-31": 0, "2020-09-30": 0, "2020-06-30": 0, "2020-03-31": "", "2019-12-31": 0, "2019-09-30": 0, "2019-06-30": 0, "2019-03-31": "", "2018-12-31": 0, "2018-09-30": 0, "2018-06-30": 0, "2018-03-31": "", "2017-12-31": 0, "2017-09-30": 0, "2017-06-30": 0, "2017-03-31": "", "2016-12-31": 0, "2016-09-30": 0, "2016-06-30": 0, "2016-03-31": "", "2015-12-31": -1932.596, "2015-09-30": 0, "2015-06-30": 0, "2015-03-31": "", "2014-12-31": 0, "2014-09-30": 0, "2014-06-30": 0, "2014-03-31": "", "2013-12-31": 0, "2013-09-30": 0, "2013-06-30": 0, "2013-03-31": "", "2012-12-31": 0, "2012-09-30": 0, "2012-06-30": 0, "2012-03-31": "", "2011-12-31": 0, "2011-09-30": 0, "2011-06-30": -151.06, "2011-03-31": "", "2010-12-31": 150.595, "2010-09-30": 62.609, "2010-06-30": 0, "2010-03-31": "", "2009-12-31": 202.993, "2009-09-30": -144.009, "2009-06-30": 144.009, "2009-03-31": "", "2008-12-31": 0, "2008-09-30": 0, "2008-06-30": 0, "2008-03-31": "", "2007-12-31": -251.906, "2007-09-30": 0, "2007-06-30": 0, "2007-03-31": "", "2006-12-31": 0.9, "2006-09-30": 0, "2006-06-30": 494.99, "2006-03-31": "-12.17200", "2005-12-31": 0, "2005-09-30": 0, "2005-06-30": 0, "2005-03-31": ""}, "Net Change In Short-term Investments": {"2020-12-31": 13007.78, "2020-09-30": 690.41, "2020-06-30": -11992.037, "2020-03-31": "-1706.15300", "2019-12-31": 5305.37, "2019-09-30": -3703.771, "2019-06-30": -1188.856, "2019-03-31": "502.30000", "2018-12-31": -1581.451, "2018-09-30": 146.239, "2018-06-30": -534.551, "2018-03-31": "-1056.53100", "2017-12-31": 1227.581, "2017-09-30": -1282.655, "2017-06-30": 1921.32, "2017-03-31": "-1944.51100", "2016-12-31": 5776.998, "2016-09-30": -2302.797, "2016-06-30": 1070.342, "2016-03-31": "-1950.83100", "2015-12-31": 4687.85, "2015-09-30": -667.414, "2015-06-30": 2245.639, "2015-03-31": "179.37600", "2014-12-31": 1205.197, "2014-09-30": -4643.534, "2014-06-30": 266.655, "2014-03-31": "-1648.04700", "2013-12-31": 274.673, "2013-09-30": 629.543, "2013-06-30": -1250.584, "2013-03-31": "-1174.82500", "2012-12-31": 282.049, "2012-09-30": 657.723, "2012-06-30": 212.323, "2012-03-31": "-1127.08000", "2011-12-31": 2071.819, "2011-09-30": 428.671, "2011-06-30": 65.916, "2011-03-31": "1.12100", "2010-12-31": 725.402, "2010-09-30": -708.798, "2010-06-30": 3.479, "2010-03-31": "12.03000", "2009-12-31": -101.07, "2009-09-30": -21.981, "2009-06-30": 90, "2009-03-31": "", "2008-12-31": 8.147, "2008-09-30": 150, "2008-06-30": -240, "2008-03-31": "", "2007-12-31": 367.797, "2007-09-30": -67.797, "2007-06-30": 100, "2007-03-31": "-300.00000", "2006-12-31": 0, "2006-09-30": -100, "2006-06-30": 0, "2006-03-31": "", "2005-12-31": 1.026, "2005-09-30": 0, "2005-06-30": 0, "2005-03-31": ""}, "Net Change In Long-Term Investments": {"2020-12-31": -1882.349, "2020-09-30": 697.393, "2020-06-30": 545.486, "2020-03-31": "639.47000", "2019-12-31": 1179.235, "2019-09-30": 931.912, "2019-06-30": 1156.3779, "2019-03-31": "183.75010", "2018-12-31": 493.408, "2018-09-30": 163.374, "2018-06-30": 738.058, "2018-03-31": "439.81800", "2017-12-31": 388.572, "2017-09-30": 723.156, "2017-06-30": 176.976, "2017-03-31": "274.37400", "2016-12-31": -1841.444, "2016-09-30": 218.986, "2016-06-30": 573.643, "2016-03-31": "346.05500", "2015-12-31": 6636.478, "2015-09-30": 339.148, "2015-06-30": -464.567, "2015-03-31": "-1360.09900", "2014-12-31": 400.366, "2014-09-30": -1262.237, "2014-06-30": -1614.722, "2014-03-31": "-1454.56800", "2013-12-31": -328.5772, "2013-09-30": -1259.2089, "2013-06-30": 1407.441, "2013-03-31": "413.62000", "2012-12-31": 540.234, "2012-09-30": 489.485, "2012-06-30": 188.488, "2012-03-31": "496.81200", "2011-12-31": -519.8845, "2011-09-30": -637.6667, "2011-06-30": 1072.295, "2011-03-31": "140.96300", "2010-12-31": 549.9451, "2010-09-30": 409.934, "2010-06-30": 39.709, "2010-03-31": "-585.46200", "2009-12-31": -168.131, "2009-09-30": 776.818, "2009-06-30": 587.901, "2009-03-31": "517.41100", "2008-12-31": 223.0738, "2008-09-30": 151.4281, "2008-06-30": 427.445, "2008-03-31": "109.66100", "2007-12-31": 698.57, "2007-09-30": -1044.8589, "2007-06-30": -11.6881, "2007-03-31": "-50.92800", "2006-12-31": 384.905, "2006-09-30": 375.115, "2006-06-30": 346.07, "2006-03-31": "55.45000", "2005-12-31": -129.0349, "2005-09-30": 31.5091, "2005-06-30": 399.352, "2005-03-31": "-275.72410"}, "Net Change In Investments - Total": {"2020-12-31": 11125.43, "2020-09-30": 1387.8, "2020-06-30": -11446.547, "2020-03-31": "-1066.68300", "2019-12-31": 6484.605, "2019-09-30": -2771.8589, "2019-06-30": -32.4781, "2019-03-31": "686.05000", "2018-12-31": -1088.043, "2018-09-30": 309.6131, "2018-06-30": 203.5069, "2018-03-31": "-616.71300", "2017-12-31": 1616.1528, "2017-09-30": -559.4988, "2017-06-30": 2098.296, "2017-03-31": "-1670.13700", "2016-12-31": 3935.554, "2016-09-30": -2083.811, "2016-06-30": 1643.985, "2016-03-31": "-1604.77600", "2015-12-31": 11324.327, "2015-09-30": -328.2658, "2015-06-30": 1781.0718, "2015-03-31": "-1180.72300", "2014-12-31": 1605.559, "2014-09-30": -5905.768, "2014-06-30": -1348.067, "2014-03-31": "-3102.61500", "2013-12-31": -53.904, "2013-09-30": -629.666, "2013-06-30": 156.857, "2013-03-31": "-761.20500", "2012-12-31": 822.283, "2012-09-30": 1147.208, "2012-06-30": 400.8109, "2012-03-31": "-630.26790", "2011-12-31": 1551.935, "2011-09-30": -208.996, "2011-06-30": 1138.211, "2011-03-31": "142.08400", "2010-12-31": 1275.3471, "2010-09-30": -298.864, "2010-06-30": 43.1879, "2010-03-31": "-573.43190", "2009-12-31": -269.201, "2009-09-30": 754.837, "2009-06-30": 677.901, "2009-03-31": "517.41100", "2008-12-31": 231.2208, "2008-09-30": 301.4281, "2008-06-30": 187.445, "2008-03-31": "109.66100", "2007-12-31": 1066.367, "2007-09-30": -1112.6559, "2007-06-30": 88.3119, "2007-03-31": "-350.92800", "2006-12-31": 384.905, "2006-09-30": 275.115, "2006-06-30": 346.07, "2006-03-31": "55.45000", "2005-12-31": -128.0089, "2005-09-30": 31.5091, "2005-06-30": 399.352, "2005-03-31": "-275.72410"}, "Investing Activities - Other": {"2020-12-31": 6726.188, "2020-09-30": -388.822, "2020-06-30": -3603.233, "2020-03-31": "-2734.13300", "2019-12-31": -1699.404, "2019-09-30": -610.084, "2019-06-30": -767.695, "2019-03-31": "-384.07900", "2018-12-31": -1820.364, "2018-09-30": 586.315, "2018-06-30": 735.583, "2018-03-31": "377.72700", "2017-12-31": -384.114, "2017-09-30": 1086.691, "2017-06-30": 420.85, "2017-03-31": "865.65100", "2016-12-31": -615.708, "2016-09-30": -978.631, "2016-06-30": -515.496, "2016-03-31": "-394.19200", "2015-12-31": -45.188, "2015-09-30": -690.874, "2015-06-30": -519.52, "2015-03-31": "-612.01500", "2014-12-31": -1163.705, "2014-09-30": -898.108, "2014-06-30": -502.809, "2014-03-31": "-321.69800", "2013-12-31": -1543.941, "2013-09-30": 901.335, "2013-06-30": -549.594, "2013-03-31": "406.10300", "2012-12-31": -2131.147, "2012-09-30": -798.472, "2012-06-30": -1745.545, "2012-03-31": "-1034.20900", "2011-12-31": -1765.712, "2011-09-30": 7.424, "2011-06-30": 270.863, "2011-03-31": "-545.80900", "2010-12-31": -1173.161, "2010-09-30": 261.831, "2010-06-30": 261.351, "2010-03-31": "536.40400", "2009-12-31": -80.567, "2009-09-30": 630.356, "2009-06-30": 55.542, "2009-03-31": "71.39000", "2008-12-31": -504.983, "2008-09-30": -332.156, "2008-06-30": -850.677, "2008-03-31": "-1309.11500", "2007-12-31": -2007.177, "2007-09-30": -1130.159, "2007-06-30": -265.268, "2007-03-31": "-709.52200", "2006-12-31": -338.72, "2006-09-30": -636.138, "2006-06-30": -493.648, "2006-03-31": "-351.48500", "2005-12-31": -557.812, "2005-09-30": 177.691, "2005-06-30": -346.844, "2005-03-31": "-799.47600"}, "Cash Flow From Investing Activities": {"2020-12-31": 17976.99, "2020-09-30": 967.26, "2020-06-30": -15091.887, "2020-03-31": "-3852.36300", "2019-12-31": 4726.674, "2019-09-30": -3418.808, "2019-06-30": -852.12, "2019-03-31": "271.26100", "2018-12-31": -2946.781, "2018-09-30": 873.742, "2018-06-30": 911.518, "2018-03-31": "-248.53000", "2017-12-31": 1215.588, "2017-09-30": 514.539, "2017-06-30": 2490.805, "2017-03-31": "-826.00700", "2016-12-31": 3277.43, "2016-09-30": -3091.1, "2016-06-30": 1108.177, "2016-03-31": "-2015.27500", "2015-12-31": 9307.352, "2015-09-30": -1038.489, "2015-06-30": 1247.755, "2015-03-31": "-1802.33600", "2014-12-31": 419.1, "2014-09-30": -6816.534, "2014-06-30": -1871.898, "2014-03-31": "-3441.03800", "2013-12-31": -1641.444, "2013-09-30": 229.368, "2013-06-30": -419.729, "2013-03-31": "-371.77300", "2012-12-31": -1334.436, "2012-09-30": 329.681, "2012-06-30": -1372.249, "2012-03-31": "-1683.85400", "2011-12-31": -245.755, "2011-09-30": -225.626, "2011-06-30": 1252.892, "2011-03-31": "-412.57900", "2010-12-31": 221.703, "2010-09-30": 9.694, "2010-06-30": 291.668, "2010-03-31": "-47.65500", "2009-12-31": -178.078, "2009-09-30": 1231.473, "2009-06-30": 870.038, "2009-03-31": "578.26200", "2008-12-31": -304.23, "2008-09-30": -56.903, "2008-06-30": -684.981, "2008-03-31": "-1217.64500", "2007-12-31": -1222.168, "2007-09-30": -2275.073, "2007-06-30": -202.03, "2007-03-31": "-1083.39600", "2006-12-31": 26.19, "2006-09-30": -383.134, "2006-06-30": 321.669, "2006-03-31": "-331.43000", "2005-12-31": -716.474, "2005-09-30": 190.96, "2005-06-30": 37.403, "2005-03-31": "-1088.11500"}, "Net Long-Term Debt": {"2020-12-31": 1605.041, "2020-09-30": -850.616, "2020-06-30": -1.302, "2020-03-31": "-753.12300", "2019-12-31": -0.96, "2019-09-30": -675.952, "2019-06-30": -875.442, "2019-03-31": "-1.13900", "2018-12-31": -751.4871, "2018-09-30": 772.371, "2018-06-30": -202.178, "2018-03-31": "495.40200", "2017-12-31": -404.1199, "2017-09-30": 946.4889, "2017-06-30": -428.449, "2017-03-31": "-1401.41000", "2016-12-31": -692.863, "2016-09-30": -104.444, "2016-06-30": -5.404, "2016-03-31": "-317.18700", "2015-12-31": -8588.166, "2015-09-30": -1.283, "2015-06-30": -321.228, "2015-03-31": "1498.20300", "2014-12-31": -52.633, "2014-09-30": 1684.493, "2014-06-30": 1140.9, "2014-03-31": "1146.44300", "2013-12-31": -2.275, "2013-09-30": -1.759, "2013-06-30": -253.718, "2013-03-31": "796.30000", "2012-12-31": -352.854, "2012-09-30": -720.774, "2012-06-30": -804.187, "2012-03-31": "-202.35200", "2011-12-31": -59.789, "2011-09-30": -418.879, "2011-06-30": -802.805, "2011-03-31": "-528.51100", "2010-12-31": -1115.241, "2010-09-30": -292.715, "2010-06-30": -853.506, "2010-03-31": "-252.88000", "2009-12-31": -88.288, "2009-09-30": -1300.56, "2009-06-30": -480.785, "2009-03-31": "-520.54900", "2008-12-31": -540.253, "2008-09-30": -300.748, "2008-06-30": 2144.2601, "2008-03-31": "329.77290", "2007-12-31": 399.905, "2007-09-30": 1049.79, "2007-06-30": 799.688, "2007-03-31": "772.33100", "2006-12-31": 1174.7379, "2006-09-30": -13.429, "2006-06-30": -355.27, "2006-03-31": "-100.89600", "2005-12-31": -650.262, "2005-09-30": 550.079, "2005-06-30": 25.583, "2005-03-31": "-50.81300"}, "Net Current Debt": {"2020-12-31": 16.24, "2020-09-30": -6.175, "2020-06-30": -6.882, "2020-03-31": "-3.18300", "2019-12-31": -5451.533, "2019-09-30": 902.506, "2019-06-30": 1008.824, "2019-03-31": "-795.81200", "2018-12-31": 3088.268, "2018-09-30": -1929.306, "2018-06-30": 1613.287, "2018-03-31": "1451.03000", "2017-12-31": -25.669, "2017-09-30": -1494.685, "2017-06-30": 1510.351, "2017-03-31": "21.66000", "2016-12-31": -50.404, "2016-09-30": -193.098, "2016-06-30": -1349.765, "2016-03-31": "-343.83800", "2015-12-31": -2148.512, "2015-09-30": 20.484, "2015-06-30": -40.196, "2015-03-31": "0.81900", "2014-12-31": 28.067, "2014-09-30": 2.978, "2014-06-30": -68.578, "2014-03-31": "-30.24600", "2013-12-31": 14.436, "2013-09-30": -61.721, "2013-06-30": -66.853, "2013-03-31": "-699.88900", "2012-12-31": 482.328, "2012-09-30": -383.421, "2012-06-30": 463.596, "2012-03-31": "-270.08100", "2011-12-31": 87.702, "2011-09-30": 127.283, "2011-06-30": -85.284, "2011-03-31": "-442.75100", "2010-12-31": -291.756, "2010-09-30": -947.274, "2010-06-30": 288.211, "2010-03-31": "-571.82700", "2009-12-31": -484.763, "2009-09-30": -25.377, "2009-06-30": 132.813, "2009-03-31": "-367.92400", "2008-12-31": 80.527, "2008-09-30": -832.171, "2008-06-30": -2433.715, "2008-03-31": "373.62300", "2007-12-31": 498.172, "2007-09-30": 1987.82, "2007-06-30": -1115.701, "2007-03-31": "954.56800", "2006-12-31": -1251.891, "2006-09-30": -958.709, "2006-06-30": 953.467, "2006-03-31": "-801.52500", "2005-12-31": 954.665, "2005-09-30": -86.723, "2005-06-30": -596.667, "2005-03-31": "178.95500"}, "Debt Issuance/Retirement Net - Total": {"2020-12-31": 1621.281, "2020-09-30": -856.791, "2020-06-30": -8.184, "2020-03-31": "-756.30600", "2019-12-31": -5452.493, "2019-09-30": 226.554, "2019-06-30": 133.382, "2019-03-31": "-796.95100", "2018-12-31": 2336.781, "2018-09-30": -1156.935, "2018-06-30": 1411.109, "2018-03-31": "1946.43200", "2017-12-31": -429.7889, "2017-09-30": -548.196, "2017-06-30": 1081.9019, "2017-03-31": "-1379.75000", "2016-12-31": -743.267, "2016-09-30": -297.542, "2016-06-30": -1355.169, "2016-03-31": "-661.02500", "2015-12-31": -10736.678, "2015-09-30": 19.201, "2015-06-30": -361.424, "2015-03-31": "1499.02200", "2014-12-31": -24.566, "2014-09-30": 1687.471, "2014-06-30": 1072.322, "2014-03-31": "1116.19700", "2013-12-31": 12.161, "2013-09-30": -63.48, "2013-06-30": -320.571, "2013-03-31": "96.41100", "2012-12-31": 129.474, "2012-09-30": -1104.195, "2012-06-30": -340.591, "2012-03-31": "-472.43300", "2011-12-31": 27.913, "2011-09-30": -291.596, "2011-06-30": -888.089, "2011-03-31": "-971.26200", "2010-12-31": -1406.997, "2010-09-30": -1239.989, "2010-06-30": -565.295, "2010-03-31": "-824.70700", "2009-12-31": -573.051, "2009-09-30": -1325.937, "2009-06-30": -347.972, "2009-03-31": "-888.47300", "2008-12-31": -459.7262, "2008-09-30": -1132.9187, "2008-06-30": -289.455, "2008-03-31": "703.39590", "2007-12-31": 898.077, "2007-09-30": 3037.61, "2007-06-30": -316.013, "2007-03-31": "1726.89900", "2006-12-31": -77.153, "2006-09-30": -972.138, "2006-06-30": 598.197, "2006-03-31": "-902.42100", "2005-12-31": 304.403, "2005-09-30": 463.356, "2005-06-30": -571.084, "2005-03-31": "128.14200"}, "Net Common Equity Issued/Repurchased": {"2020-12-31": 373.75, "2020-09-30": 0, "2020-06-30": 0, "2020-03-31": "-373.75000", "2019-12-31": -282.21, "2019-09-30": -299.963, "2019-06-30": -401.984, "2019-03-31": "-365.62800", "2018-12-31": -499.834, "2018-09-30": -498.5, "2018-06-30": -475.096, "2018-03-31": "-720.96600", "2017-12-31": -224.214, "2017-09-30": -224.724, "2017-06-30": -224.894, "2017-03-31": "-532.07300", "2016-12-31": -37.334, "2016-09-30": -350, "2016-06-30": -154, "2016-03-31": "-100.00000", "2015-12-31": 0, "2015-09-30": 0, "2015-06-30": 0, "2015-03-31": "", "2014-12-31": 0, "2014-09-30": 0, "2014-06-30": 0, "2014-03-31": "", "2013-12-31": 0, "2013-09-30": 0, "2013-06-30": 0, "2013-03-31": "", "2012-12-31": 0, "2012-09-30": 0, "2012-06-30": 0, "2012-03-31": "", "2011-12-31": 0, "2011-09-30": 0, "2011-06-30": 0, "2011-03-31": "", "2010-12-31": 0, "2010-09-30": 0, "2010-06-30": 0, "2010-03-31": "", "2009-12-31": 0, "2009-09-30": 0, "2009-06-30": 0, "2009-03-31": "", "2008-12-31": 0, "2008-09-30": 0, "2008-06-30": 0, "2008-03-31": "", "2007-12-31": -12.347, "2007-09-30": -71.062, "2007-06-30": -217.12, "2007-03-31": "-207.87500", "2006-12-31": -74.964, "2006-09-30": -91.776, "2006-06-30": -69.419, "2006-03-31": "-137.70100", "2005-12-31": -101.861, "2005-09-30": -155.198, "2005-06-30": -63.778, "2005-03-31": "-188.77200"}, "Net Total Equity Issued/Repurchased": {"2020-12-31": 373.75, "2020-09-30": 0, "2020-06-30": 0, "2020-03-31": "-373.75000", "2019-12-31": -282.21, "2019-09-30": -285.463, "2019-06-30": -401.984, "2019-03-31": "-365.62800", "2018-12-31": -499.834, "2018-09-30": -498.5, "2018-06-30": -475.096, "2018-03-31": "-720.96600", "2017-12-31": -224.214, "2017-09-30": -224.724, "2017-06-30": -224.894, "2017-03-31": "-532.07300", "2016-12-31": -42.334, "2016-09-30": -350, "2016-06-30": -154, "2016-03-31": "-100.00000", "2015-12-31": 0, "2015-09-30": 0, "2015-06-30": 0, "2015-03-31": "", "2014-12-31": 0, "2014-09-30": 0, "2014-06-30": 0, "2014-03-31": "346.50000", "2013-12-31": 0, "2013-09-30": 0, "2013-06-30": 0, "2013-03-31": "", "2012-12-31": 0, "2012-09-30": 0, "2012-06-30": 0, "2012-03-31": "", "2011-12-31": 0, "2011-09-30": 0, "2011-06-30": 125, "2011-03-31": "", "2010-12-31": 0, "2010-09-30": 0, "2010-06-30": 0, "2010-03-31": "", "2009-12-31": 0, "2009-09-30": 0, "2009-06-30": 0, "2009-03-31": "", "2008-12-31": 600, "2008-09-30": 0, "2008-06-30": 0, "2008-03-31": "", "2007-12-31": -12.347, "2007-09-30": -71.062, "2007-06-30": -217.12, "2007-03-31": "-207.87500", "2006-12-31": -74.964, "2006-09-30": -91.776, "2006-06-30": -69.419, "2006-03-31": "-137.70100", "2005-12-31": -101.861, "2005-09-30": -155.198, "2005-06-30": -63.778, "2005-03-31": "-188.77200"}, "Total Common And Preferred Stock Dividends Paid": {"2020-12-31": 481.648, "2020-09-30": -162.802, "2020-06-30": -154.332, "2020-03-31": "-164.51400", "2019-12-31": -157.983, "2019-09-30": -151.312, "2019-06-30": -153.334, "2019-03-31": "-156.96300", "2018-12-31": -157.895, "2018-09-30": -161.183, "2018-06-30": -134.139, "2018-03-31": "-129.68600", "2017-12-31": -131.128, "2017-09-30": -131.882, "2017-06-30": -133.192, "2017-03-31": "-133.93400", "2016-12-31": -132.116, "2016-09-30": -127.231, "2016-06-30": -134.446, "2016-03-31": "-129.36800", "2015-12-31": -117.135, "2015-09-30": -111.239, "2015-06-30": -116.914, "2015-03-31": "-110.99900", "2014-12-31": -116.349, "2014-09-30": -110.602, "2014-06-30": -115.996, "2014-03-31": "-98.48600", "2013-12-31": -113.787, "2013-09-30": -96.445, "2013-06-30": -113.01, "2013-03-31": "-95.55700", "2012-12-31": -112.192, "2012-09-30": -92.804, "2012-06-30": -112.361, "2012-03-31": "-93.81000", "2011-12-31": -111.928, "2011-09-30": -93.223, "2011-06-30": -98.407, "2011-03-31": "-94.77400", "2010-12-31": -94.234, "2010-09-30": -94.091, "2010-06-30": -93.844, "2010-03-31": "-93.35900", "2009-12-31": -93.211, "2009-09-30": -92.585, "2009-06-30": -89.779, "2009-03-31": "-82.07700", "2008-12-31": -77.232, "2008-09-30": -77.148, "2008-06-30": -77.117, "2008-03-31": "-77.00400", "2007-12-31": -76.872, "2007-09-30": -74.837, "2007-06-30": -64.457, "2007-03-31": "-65.73400", "2006-12-31": -66.489, "2006-09-30": -66.603, "2006-06-30": -66.65, "2006-03-31": "-50.07500", "2005-12-31": -50.638, "2005-09-30": -50.98, "2005-06-30": -51.258, "2005-03-31": "-45.74300"}, "Financial Activities - Other": {"2020-12-31": -20381.53, "2020-09-30": 192.76, "2020-06-30": 14785.508, "2020-03-31": "5403.26200", "2019-12-31": -347.451, "2019-09-30": 3429.809, "2019-06-30": 1211.535, "2019-03-31": "296.79600", "2018-12-31": 1011.322, "2018-09-30": -132.982, "2018-06-30": -1674.025, "2018-03-31": "-1459.65300", "2017-12-31": -1093.89, "2017-09-30": -29.542, "2017-06-30": -3493.576, "2017-03-31": "1552.36100", "2016-12-31": -2482.687, "2016-09-30": 3491.574, "2016-06-30": 439.894, "2016-03-31": "2267.58300", "2015-12-31": 1170.229, "2015-09-30": 339.616, "2015-06-30": -885.129, "2015-03-31": "-50.55700", "2014-12-31": -752.999, "2014-09-30": 4540.864, "2014-06-30": 1161.484, "2014-03-31": "1605.91300", "2013-12-31": 927.6041, "2013-09-30": 628.6269, "2013-06-30": 583.647, "2013-03-31": "-488.02700", "2012-12-31": 1654.636, "2012-09-30": 1238.267, "2012-06-30": 1798.324, "2012-03-31": "1602.78000", "2011-12-31": -58.639, "2011-09-30": 209.268, "2011-06-30": -133.311, "2011-03-31": "756.51200", "2010-12-31": 697.714, "2010-09-30": 1137.192, "2010-06-30": 4.517, "2010-03-31": "109.44900", "2009-12-31": 603.1, "2009-09-30": -250.981, "2009-06-30": -775.104, "2009-03-31": "-96.82300", "2008-12-31": 87.171, "2008-09-30": 566.542, "2008-06-30": 402.724, "2008-03-31": "266.71500", "2007-12-31": 416.2621, "2007-09-30": -935.657, "2007-06-30": 492.648, "2007-03-31": "-939.02900", "2006-12-31": 848.469, "2006-09-30": 581.385, "2006-06-30": -600.997, "2006-03-31": "1109.68200", "2005-12-31": -72.959, "2005-09-30": -85.809, "2005-06-30": 1059.205, "2005-03-31": "887.48300"}, "Cash Flow From Financial Activities": {"2020-12-31": -17904.85, "2020-09-30": -826.83, "2020-06-30": 14622.988, "2020-03-31": "4108.69200", "2019-12-31": -6240.137, "2019-09-30": 3219.588, "2019-06-30": 789.599, "2019-03-31": "-1022.74600", "2018-12-31": 2690.374, "2018-09-30": -1949.6, "2018-06-30": -872.151, "2018-03-31": "-363.87300", "2017-12-31": -1879.021, "2017-09-30": -934.344, "2017-06-30": -2769.76, "2017-03-31": "-493.39600", "2016-12-31": -3400.404, "2016-09-30": 2716.801, "2016-06-30": -1203.721, "2016-03-31": "1377.19000", "2015-12-31": -9683.584, "2015-09-30": 247.578, "2015-06-30": -1363.467, "2015-03-31": "1337.46600", "2014-12-31": -893.92, "2014-09-30": 6117.736, "2014-06-30": 2117.81, "2014-03-31": "2970.12400", "2013-12-31": 825.978, "2013-09-30": 468.702, "2013-06-30": 150.066, "2013-03-31": "-487.17300", "2012-12-31": 1671.918, "2012-09-30": 41.268, "2012-06-30": 1345.372, "2012-03-31": "1036.53700", "2011-12-31": -142.654, "2011-09-30": -175.551, "2011-06-30": -994.807, "2011-03-31": "-309.52400", "2010-12-31": -803.517, "2010-09-30": -196.888, "2010-06-30": -654.622, "2010-03-31": "-808.61700", "2009-12-31": -63.162, "2009-09-30": -1669.503, "2009-06-30": -1212.855, "2009-03-31": "-1067.37300", "2008-12-31": 150.213, "2008-09-30": -643.525, "2008-06-30": 36.152, "2008-03-31": "893.10700", "2007-12-31": 1225.12, "2007-09-30": 1956.054, "2007-06-30": -104.942, "2007-03-31": "514.26100", "2006-12-31": 629.863, "2006-09-30": -549.132, "2006-06-30": -138.869, "2006-03-31": "19.48500", "2005-12-31": 78.945, "2005-09-30": 171.369, "2005-06-30": 373.085, "2005-03-31": "781.11000"}, "Net Cash Flow": {"2020-12-31": -52.927, "2020-09-30": 134.417, "2020-06-30": 56.623, "2020-03-31": "-138.11300", "2019-12-31": -382.756, "2019-09-30": 547.45, "2019-06-30": 4.351, "2019-03-31": "-338.17900", "2018-12-31": 293.828, "2018-09-30": -57.483, "2018-06-30": 76.43, "2018-03-31": "-128.22400", "2017-12-31": 52.636, "2017-09-30": 22.774, "2017-06-30": 58.516, "2017-03-31": "-33.58700", "2016-12-31": -11.653, "2016-09-30": 47.76, "2016-06-30": 106.267, "2016-03-31": "-189.86500", "2015-12-31": 118.336, "2015-09-30": -101.154, "2015-06-30": -15.995, "2015-03-31": "-6.50400", "2014-12-31": -150.286, "2014-09-30": -393.793, "2014-06-30": 154.318, "2014-03-31": "90.18400", "2013-12-31": -386.819, "2013-09-30": 585.251, "2013-06-30": -351.565, "2013-03-31": "-160.54800", "2012-12-31": 363.687, "2012-09-30": 200.097, "2012-06-30": 78.739, "2012-03-31": "-108.30500", "2011-12-31": 98.34, "2011-09-30": 21.142, "2011-06-30": 350.61, "2011-03-31": "48.55000", "2010-12-31": -155.57, "2010-09-30": 33.439, "2010-06-30": 12.217, "2010-03-31": "-202.67300", "2009-12-31": -127.372, "2009-09-30": 222.986, "2009-06-30": -2.917, "2009-03-31": "-414.50600", "2008-12-31": 180.634, "2008-09-30": -250.986, "2008-06-30": -137.623, "2008-03-31": "8.57900", "2007-12-31": 439.97, "2007-09-30": -9.241, "2007-06-30": -130.936, "2007-03-31": "-157.21000", "2006-12-31": 264.982, "2006-09-30": -229.53, "2006-06-30": 303.033, "2006-03-31": "-203.98000", "2005-12-31": 67.979, "2005-09-30": -55.585, "2005-06-30": 106.955, "2005-03-31": "7.30600"}, "Stock-Based Compensation": {"2020-12-31": 0, "2020-09-30": 0, "2020-06-30": 0, "2020-03-31": "", "2019-12-31": 0, "2019-09-30": 0, "2019-06-30": 0, "2019-03-31": "", "2018-12-31": 0, "2018-09-30": 0, "2018-06-30": 0, "2018-03-31": "", "2017-12-31": 0, "2017-09-30": 0, "2017-06-30": 0, "2017-03-31": "", "2016-12-31": 0, "2016-09-30": 0, "2016-06-30": 0, "2016-03-31": "", "2015-12-31": 0, "2015-09-30": 0, "2015-06-30": 0, "2015-03-31": "", "2014-12-31": 0, "2014-09-30": 0, "2014-06-30": 0, "2014-03-31": "", "2013-12-31": 0, "2013-09-30": 0, "2013-06-30": 0, "2013-03-31": "", "2012-12-31": 0, "2012-09-30": 0, "2012-06-30": 0, "2012-03-31": "", "2011-12-31": 0, "2011-09-30": 0, "2011-06-30": 0, "2011-03-31": "", "2010-12-31": 0, "2010-09-30": 0, "2010-06-30": 0, "2010-03-31": "", "2009-12-31": 0, "2009-09-30": 0, "2009-06-30": 0, "2009-03-31": "", "2008-12-31": 0, "2008-09-30": 0, "2008-06-30": 0, "2008-03-31": "", "2007-12-31": 0, "2007-09-30": 0, "2007-06-30": 0, "2007-03-31": "", "2006-12-31": 0, "2006-09-30": 0, "2006-06-30": 0, "2006-03-31": "", "2005-12-31": 0, "2005-09-30": 0, "2005-06-30": 0, "2005-03-31": ""}, "Common Stock Dividends Paid": {"2020-12-31": 426.204, "2020-09-30": -141.514, "2020-06-30": -141.52, "2020-03-31": "-143.17000", "2019-12-31": -145.171, "2019-09-30": -132.93, "2019-06-30": -134.442, "2019-03-31": "-139.59500", "2018-12-31": -139.002, "2018-09-30": -143.815, "2018-06-30": -115.247, "2018-03-31": "-112.31800", "2017-12-31": -112.236, "2017-09-30": -114.514, "2017-06-30": -114.086, "2017-03-31": "-116.56600", "2016-12-31": -108.849, "2016-09-30": -109.863, "2016-06-30": -111.179, "2016-03-31": "-112.00000", "2015-12-31": -93.868, "2015-09-30": -93.871, "2015-06-30": -93.647, "2015-03-31": "-93.63100", "2014-12-31": -93.081, "2014-09-30": -92.984, "2014-06-30": -92.728, "2014-03-31": "-92.40600", "2013-12-31": -91.831, "2013-09-30": -91.676, "2013-06-30": -91.054, "2013-03-31": "-90.78800", "2012-12-31": -90.236, "2012-09-30": -88.035, "2012-06-30": -90.405, "2012-03-31": "-89.04100", "2011-12-31": -88.54, "2011-09-30": -88.454, "2011-06-30": -88.417, "2011-03-31": "-84.71800", "2010-12-31": -84.178, "2010-09-30": -84.035, "2010-06-30": -83.787, "2010-03-31": "-83.30300", "2009-12-31": -83.155, "2009-09-30": -82.528, "2009-06-30": -82.279, "2009-03-31": "-77.74400", "2008-12-31": -77.232, "2008-09-30": -77.148, "2008-06-30": -77.117, "2008-03-31": "-77.00400", "2007-12-31": -76.872, "2007-09-30": -74.837, "2007-06-30": -64.457, "2007-03-31": "-65.73400", "2006-12-31": -66.489, "2006-09-30": -66.603, "2006-06-30": -66.65, "2006-03-31": "-50.07500", "2005-12-31": -50.638, "2005-09-30": -50.98, "2005-06-30": -51.258, "2005-03-31": "-45.74300"}}, "financial ratios": {"Current Ratio": {"2019-12-31": "", "2018-12-31": "", "2017-12-31": "", "2016-12-31": "", "2015-12-31": "", "2014-12-31": "", "2013-12-31": "", "2012-12-31": "", "2011-12-31": "", "2010-12-31": "", "2009-12-31": "", "2008-12-31": "", "2007-12-31": "", "2006-12-31": "", "2005-12-31": ""}, "Long-term Debt / Capital": {"2019-12-31": "0.30770", "2018-12-31": "0.35330", "2017-12-31": "0.33380", "2016-12-31": "0.36540", "2015-12-31": "0.39710", "2014-12-31": "0.42200", "2013-12-31": "0.31120", "2012-12-31": "0.31110", "2011-12-31": "0.41900", "2010-12-31": "0.48400", "2009-12-31": "0.56910", "2008-12-31": "0.64030", "2007-12-31": "0.61400", "2006-12-31": "0.52310", "2005-12-31": "0.51330"}, "Debt/Equity Ratio": {"2019-12-31": "0.44850", "2018-12-31": "0.83070", "2017-12-31": "0.51180", "2016-12-31": "0.58580", "2015-12-31": "0.79060", "2014-12-31": "0.74580", "2013-12-31": "0.47490", "2012-12-31": "0.55690", "2011-12-31": "0.80550", "2010-12-31": "1.05140", "2009-12-31": "1.63590", "2008-12-31": "2.22340", "2007-12-31": "2.48870", "2006-12-31": "1.58970", "2005-12-31": "1.93140"}, "Gross Margin": {"2019-12-31": "", "2018-12-31": "", "2017-12-31": "", "2016-12-31": "", "2015-12-31": "", "2014-12-31": "", "2013-12-31": "", "2012-12-31": "", "2011-12-31": "", "2010-12-31": "", "2009-12-31": "", "2008-12-31": "", "2007-12-31": "", "2006-12-31": "", "2005-12-31": ""}, "Operating Margin": {"2019-12-31": "", "2018-12-31": "", "2017-12-31": "", "2016-12-31": "", "2015-12-31": "", "2014-12-31": "", "2013-12-31": "", "2012-12-31": "", "2011-12-31": "", "2010-12-31": "", "2009-12-31": "", "2008-12-31": "", "2007-12-31": "", "2006-12-31": "", "2005-12-31": ""}, "EBIT Margin": {"2019-12-31": "", "2018-12-31": "", "2017-12-31": "", "2016-12-31": "", "2015-12-31": "", "2014-12-31": "", "2013-12-31": "", "2012-12-31": "", "2011-12-31": "", "2010-12-31": "", "2009-12-31": "", "2008-12-31": "", "2007-12-31": "", "2006-12-31": "", "2005-12-31": ""}, "EBITDA Margin": {"2019-12-31": "", "2018-12-31": "", "2017-12-31": "", "2016-12-31": "", "2015-12-31": "", "2014-12-31": "", "2013-12-31": "", "2012-12-31": "", "2011-12-31": "", "2010-12-31": "", "2009-12-31": "", "2008-12-31": "", "2007-12-31": "", "2006-12-31": "", "2005-12-31": ""}, "Pre-Tax Profit Margin": {"2019-12-31": "42.34180", "2018-12-31": "43.27310", "2017-12-31": "42.52900", "2016-12-31": "40.31420", "2015-12-31": "37.23500", "2014-12-31": "37.91210", "2013-12-31": "40.55580", "2012-12-31": "38.22270", "2011-12-31": "33.07350", "2010-12-31": "36.33390", "2009-12-31": "20.77290", "2008-12-31": "29.98970", "2007-12-31": "37.18460", "2006-12-31": "44.24970", "2005-12-31": "44.08480"}, "Net Profit Margin": {"2019-12-31": "30.74350", "2018-12-31": "31.67590", "2017-12-31": "24.29460", "2016-12-31": "23.96180", "2015-12-31": "21.96020", "2014-12-31": "22.58990", "2013-12-31": "24.40440", "2012-12-31": "23.47220", "2011-12-31": "21.11300", "2010-12-31": "22.47040", "2009-12-31": "13.28100", "2008-12-31": "22.50290", "2007-12-31": "25.24900", "2006-12-31": "30.14990", "2005-12-31": "29.44900"}, "Asset Turnover": {"2019-12-31": "0.05020", "2018-12-31": "0.04830", "2017-12-31": "0.04610", "2016-12-31": "0.04140", "2015-12-31": "0.03660", "2014-12-31": "0.04480", "2013-12-31": "0.05110", "2012-12-31": "0.04890", "2011-12-31": "0.04750", "2010-12-31": "0.04420", "2009-12-31": "0.03630", "2008-12-31": "0.03750", "2007-12-31": "0.03990", "2006-12-31": "0.04880", "2005-12-31": "0.04820"}, "Inventory Turnover Ratio": {"2019-12-31": "", "2018-12-31": "", "2017-12-31": "", "2016-12-31": "", "2015-12-31": "", "2014-12-31": "", "2013-12-31": "", "2012-12-31": "", "2011-12-31": "", "2010-12-31": "", "2009-12-31": "", "2008-12-31": "", "2007-12-31": "", "2006-12-31": "", "2005-12-31": ""}, "Receiveable Turnover": {"2019-12-31": "", "2018-12-31": "", "2017-12-31": "", "2016-12-31": "", "2015-12-31": "", "2014-12-31": "", "2013-12-31": "", "2012-12-31": "", "2011-12-31": "", "2010-12-31": "", "2009-12-31": "", "2008-12-31": "", "2007-12-31": "", "2006-12-31": "", "2005-12-31": ""}, "Days Sales In Receivables": {"2019-12-31": "", "2018-12-31": "", "2017-12-31": "", "2016-12-31": "", "2015-12-31": "", "2014-12-31": "", "2013-12-31": "", "2012-12-31": "", "2011-12-31": "", "2010-12-31": "", "2009-12-31": "", "2008-12-31": "", "2007-12-31": "", "2006-12-31": "", "2005-12-31": ""}, "ROE - Return On Equity": {"2019-12-31": "13.33520", "2018-12-31": "13.48040", "2017-12-31": "9.37660", "2016-12-31": "8.62080", "2015-12-31": "7.22580", "2014-12-31": "9.60200", "2013-12-31": "10.92170", "2012-12-31": "11.03420", "2011-12-31": "10.22380", "2010-12-31": "9.66470", "2009-12-31": "5.40950", "2008-12-31": "8.94100", "2007-12-31": "10.08840", "2006-12-31": "13.36060", "2005-12-31": "13.31060"}, "Return On Tangible Equity": {"2019-12-31": "17.38830", "2018-12-31": "17.72720", "2017-12-31": "12.15510", "2016-12-31": "11.14900", "2015-12-31": "9.43770", "2014-12-31": "12.14920", "2013-12-31": "14.76230", "2012-12-31": "15.68830", "2011-12-31": "15.43000", "2010-12-31": "15.63920", "2009-12-31": "9.38960", "2008-12-31": "16.30590", "2007-12-31": "21.51980", "2006-12-31": "26.87970", "2005-12-31": "27.31040"}, "ROA - Return On Assets": {"2019-12-31": "1.60930", "2018-12-31": "1.59710", "2017-12-31": "1.18750", "2016-12-31": "1.06530", "2015-12-31": "0.87930", "2014-12-31": "1.10280", "2013-12-31": "1.33680", "2012-12-31": "1.24020", "2011-12-31": "1.10300", "2010-12-31": "1.08230", "2009-12-31": "0.55150", "2008-12-31": "0.84460", "2007-12-31": "1.00850", "2006-12-31": "1.47060", "2005-12-31": "1.41840"}, "ROI - Return On Investment": {"2019-12-31": "8.49740", "2018-12-31": "8.02370", "2017-12-31": "5.77360", "2016-12-31": "5.06190", "2015-12-31": "4.02450", "2014-12-31": "4.99580", "2013-12-31": "6.93590", "2012-12-31": "6.95120", "2011-12-31": "5.38610", "2010-12-31": "4.54480", "2009-12-31": "2.11130", "2008-12-31": "2.94750", "2007-12-31": "3.89370", "2006-12-31": "6.37110", "2005-12-31": "6.47860"}, "Book Value Per Share": {"2019-12-31": "120.37230", "2018-12-31": "111.61790", "2017-12-31": "108.27820", "2016-12-31": "105.56100", "2015-12-31": "101.35930", "2014-12-31": "93.23340", "2013-12-31": "86.62180", "2012-12-31": "79.59770", "2011-12-31": "73.76660", "2010-12-31": "69.82030", "2009-12-31": "65.57870", "2008-12-31": "61.47540", "2007-12-31": "59.03630", "2006-12-31": "56.98840", "2005-12-31": "52.43960"}, "Operating Cash Flow Per Share": {"2019-12-31": 3.0355, "2018-12-31": -3.7384, "2017-12-31": 10.713, "2016-12-31": -5.1459, "2015-12-31": 4.3331, "2014-12-31": 1.1422, "2013-12-31": 3.2383, "2012-12-31": -10.4439, "2011-12-31": 0.2996, "2010-12-31": 3.737, "2009-12-31": -4.3204, "2008-12-31": 2.5503, "2007-12-31": 7.3938, "2006-12-31": 2.172, "2005-12-31": 2.567}, "Free Cash Flow Per Share": {"2019-12-31": 2.389, "2018-12-31": -3.8984, "2017-12-31": 10.88, "2016-12-31": -5.2348, "2015-12-31": 4.2923, "2014-12-31": 1.587, "2013-12-31": 2.9626, "2012-12-31": -10.5991, "2011-12-31": 0.3237, "2010-12-31": 3.6579, "2009-12-31": -4.1829, "2008-12-31": 2.4142, "2007-12-31": 7.2471, "2006-12-31": 2.0318, "2005-12-31": 2.3387}}, "financial ratios, quarterly": {"Current Ratio": {"2020-09-30": "", "2020-06-30": "", "2020-03-31": "", "2019-12-31": "", "2019-09-30": "", "2019-06-30": "", "2019-03-31": "", "2018-12-31": "", "2018-09-30": "", "2018-06-30": "", "2018-03-31": "", "2017-12-31": "", "2017-09-30": "", "2017-06-30": "", "2017-03-31": "", "2016-12-31": "", "2016-09-30": "", "2016-06-30": "", "2016-03-31": "", "2015-12-31": "", "2015-09-30": "", "2015-06-30": "", "2015-03-31": "", "2014-12-31": "", "2014-09-30": "", "2014-06-30": "", "2014-03-31": "", "2013-12-31": "", "2013-09-30": "", "2013-06-30": "", "2013-03-31": "", "2012-12-31": "", "2012-09-30": "", "2012-06-30": "", "2012-03-31": "", "2011-12-31": "", "2011-09-30": "", "2011-06-30": "", "2011-03-31": "", "2010-12-31": "", "2010-09-30": "", "2010-06-30": "", "2010-03-31": "", "2009-12-31": "", "2009-09-30": "", "2009-06-30": "", "2009-03-31": "", "2008-12-31": "", "2008-09-30": "", "2008-06-30": "", "2008-03-31": "", "2007-12-31": "", "2007-09-30": "", "2007-06-30": "", "2007-03-31": "", "2006-12-31": "", "2006-09-30": "", "2006-06-30": "", "2006-03-31": "", "2005-12-31": "", "2005-09-30": "", "2005-06-30": "", "2005-03-31": ""}, "Long-term Debt / Capital": {"2020-09-30": "0.25320", "2020-06-30": "0.28390", "2020-03-31": "0.28560", "2019-12-31": "0.30770", "2019-09-30": "0.30740", "2019-06-30": "0.32790", "2019-03-31": "0.35220", "2018-12-31": "0.35330", "2018-09-30": "0.37190", "2018-06-30": "0.34980", "2018-03-31": "0.35350", "2017-12-31": "0.33380", "2017-09-30": "0.34450", "2017-06-30": "0.31960", "2017-03-31": "0.33280", "2016-12-31": "0.36540", "2016-09-30": "0.38460", "2016-06-30": "0.38540", "2016-03-31": "0.38740", "2015-12-31": "0.39710", "2015-09-30": "0.44050", "2015-06-30": "0.44550", "2015-03-31": "0.45620", "2014-12-31": "0.42200", "2014-09-30": "0.42350", "2014-06-30": "0.37790", "2014-03-31": "0.34460", "2013-12-31": "0.31120", "2013-09-30": "0.31740", "2013-06-30": "0.32340", "2013-03-31": "0.34100", "2012-12-31": "0.31110", "2012-09-30": "0.33320", "2012-06-30": "0.37130", "2012-03-31": "0.40720", "2011-12-31": "0.41900", "2011-09-30": "0.41860", "2011-06-30": "0.43540", "2011-03-31": "0.46200", "2010-12-31": "0.48400", "2010-09-30": "0.52210", "2010-06-30": "0.53320", "2010-03-31": "0.55980", "2009-12-31": "0.56910", "2009-09-30": "0.57630", "2009-06-30": "0.60990", "2009-03-31": "0.62570", "2008-12-31": "0.64030", "2008-09-30": "0.66050", "2008-06-30": "0.66200", "2008-03-31": "0.62190", "2007-12-31": "0.61400", "2007-09-30": "0.60400", "2007-06-30": "0.57760", "2007-03-31": "0.55070", "2006-12-31": "0.52310", "2006-09-30": "0.48200", "2006-06-30": "0.48870", "2006-03-31": "0.50720", "2005-12-31": "0.51330", "2005-09-30": "0.53970", "2005-06-30": "0.51980", "2005-03-31": "0.52550"}, "Debt/Equity Ratio": {"2020-09-30": "0.34190", "2020-06-30": "0.39970", "2020-03-31": "0.40340", "2019-12-31": "0.44850", "2019-09-30": "0.79320", "2019-06-30": "0.78170", "2019-03-31": "0.77490", "2018-12-31": "0.83070", "2018-09-30": "0.67700", "2018-06-30": "0.74600", "2018-03-31": "0.65040", "2017-12-31": "0.51180", "2017-09-30": "0.53800", "2017-06-30": "0.57390", "2017-03-31": "0.51020", "2016-12-31": "0.58580", "2016-09-30": "0.63800", "2016-06-30": "0.65180", "2016-03-31": "0.74030", "2015-12-31": "0.79060", "2015-09-30": "0.80080", "2015-06-30": "0.81540", "2015-03-31": "0.85430", "2014-12-31": "0.74580", "2014-09-30": "0.74810", "2014-06-30": "0.62070", "2014-03-31": "0.54530", "2013-12-31": "0.47490", "2013-09-30": "0.48720", "2013-06-30": "0.50670", "2013-03-31": "0.55350", "2012-12-31": "0.55690", "2012-09-30": "0.55920", "2012-06-30": "0.69200", "2012-03-31": "0.74120", "2011-12-31": "0.80550", "2011-09-30": "0.79390", "2011-06-30": "0.83250", "2011-03-31": "0.91800", "2010-12-31": "1.05140", "2010-09-30": "1.23950", "2010-06-30": "1.40890", "2010-03-31": "1.50800", "2009-12-31": "1.63590", "2009-09-30": "1.74470", "2009-06-30": "1.96200", "2009-03-31": "2.05420", "2008-12-31": "2.22340", "2008-09-30": "2.40170", "2008-06-30": "2.53590", "2008-03-31": "2.59990", "2007-12-31": "2.48870", "2007-09-30": "2.31440", "2007-06-30": "1.84250", "2007-03-31": "1.87310", "2006-12-31": "1.58970", "2006-09-30": "1.64870", "2006-06-30": "1.83980", "2006-03-31": "1.76430", "2005-12-31": "1.93140", "2005-09-30": "1.89030", "2005-06-30": "1.81630", "2005-03-31": "1.96770"}, "Gross Margin": {"2020-09-30": "", "2020-06-30": "", "2020-03-31": "", "2019-12-31": "", "2019-09-30": "", "2019-06-30": "", "2019-03-31": "", "2018-12-31": "", "2018-09-30": "", "2018-06-30": "", "2018-03-31": "", "2017-12-31": "", "2017-09-30": "", "2017-06-30": "", "2017-03-31": "", "2016-12-31": "", "2016-09-30": "", "2016-06-30": "", "2016-03-31": "", "2015-12-31": "", "2015-09-30": "", "2015-06-30": "", "2015-03-31": "", "2014-12-31": "", "2014-09-30": "", "2014-06-30": "", "2014-03-31": "", "2013-12-31": "", "2013-09-30": "", "2013-06-30": "", "2013-03-31": "", "2012-12-31": "", "2012-09-30": "", "2012-06-30": "", "2012-03-31": "", "2011-12-31": "", "2011-09-30": "", "2011-06-30": "", "2011-03-31": "", "2010-12-31": "", "2010-09-30": "", "2010-06-30": "", "2010-03-31": "", "2009-12-31": "", "2009-09-30": "", "2009-06-30": "", "2009-03-31": "", "2008-12-31": "", "2008-09-30": "", "2008-06-30": "", "2008-03-31": "", "2007-12-31": "", "2007-09-30": "", "2007-06-30": "", "2007-03-31": "", "2006-12-31": "", "2006-09-30": "", "2006-06-30": "", "2006-03-31": "", "2005-12-31": "", "2005-09-30": "", "2005-06-30": "", "2005-03-31": ""}, "Operating Margin": {"2020-09-30": "", "2020-06-30": "", "2020-03-31": "", "2019-12-31": "", "2019-09-30": "", "2019-06-30": "", "2019-03-31": "", "2018-12-31": "", "2018-09-30": "", "2018-06-30": "", "2018-03-31": "", "2017-12-31": "", "2017-09-30": "", "2017-06-30": "", "2017-03-31": "", "2016-12-31": "", "2016-09-30": "", "2016-06-30": "", "2016-03-31": "", "2015-12-31": "", "2015-09-30": "", "2015-06-30": "", "2015-03-31": "", "2014-12-31": "", "2014-09-30": "", "2014-06-30": "", "2014-03-31": "", "2013-12-31": "", "2013-09-30": "", "2013-06-30": "", "2013-03-31": "", "2012-12-31": "", "2012-09-30": "", "2012-06-30": "", "2012-03-31": "", "2011-12-31": "", "2011-09-30": "", "2011-06-30": "", "2011-03-31": "", "2010-12-31": "", "2010-09-30": "", "2010-06-30": "", "2010-03-31": "", "2009-12-31": "", "2009-09-30": "", "2009-06-30": "", "2009-03-31": "", "2008-12-31": "", "2008-09-30": "", "2008-06-30": "", "2008-03-31": "", "2007-12-31": "", "2007-09-30": "", "2007-06-30": "", "2007-03-31": "", "2006-12-31": "", "2006-09-30": "", "2006-06-30": "", "2006-03-31": "", "2005-12-31": "", "2005-09-30": "", "2005-06-30": "", "2005-03-31": ""}, "EBIT Margin": {"2020-09-30": "", "2020-06-30": "", "2020-03-31": "", "2019-12-31": "", "2019-09-30": "", "2019-06-30": "", "2019-03-31": "", "2018-12-31": "", "2018-09-30": "", "2018-06-30": "", "2018-03-31": "", "2017-12-31": "", "2017-09-30": "", "2017-06-30": "", "2017-03-31": "", "2016-12-31": "", "2016-09-30": "", "2016-06-30": "", "2016-03-31": "", "2015-12-31": "", "2015-09-30": "", "2015-06-30": "", "2015-03-31": "", "2014-12-31": "", "2014-09-30": "", "2014-06-30": "", "2014-03-31": "", "2013-12-31": "", "2013-09-30": "", "2013-06-30": "", "2013-03-31": "", "2012-12-31": "", "2012-09-30": "", "2012-06-30": "", "2012-03-31": "", "2011-12-31": "", "2011-09-30": "", "2011-06-30": "", "2011-03-31": "", "2010-12-31": "", "2010-09-30": "", "2010-06-30": "", "2010-03-31": "", "2009-12-31": "", "2009-09-30": "", "2009-06-30": "", "2009-03-31": "", "2008-12-31": "", "2008-09-30": "", "2008-06-30": "", "2008-03-31": "", "2007-12-31": "", "2007-09-30": "", "2007-06-30": "", "2007-03-31": "", "2006-12-31": "", "2006-09-30": "", "2006-06-30": "", "2006-03-31": "", "2005-12-31": "", "2005-09-30": "", "2005-06-30": "", "2005-03-31": ""}, "EBITDA Margin": {"2020-09-30": "", "2020-06-30": "", "2020-03-31": "", "2019-12-31": "", "2019-09-30": "", "2019-06-30": "", "2019-03-31": "", "2018-12-31": "", "2018-09-30": "", "2018-06-30": "", "2018-03-31": "", "2017-12-31": "", "2017-09-30": "", "2017-06-30": "", "2017-03-31": "", "2016-12-31": "", "2016-09-30": "", "2016-06-30": "", "2016-03-31": "", "2015-12-31": "", "2015-09-30": "", "2015-06-30": "", "2015-03-31": "", "2014-12-31": "", "2014-09-30": "", "2014-06-30": "", "2014-03-31": "", "2013-12-31": "", "2013-09-30": "", "2013-06-30": "", "2013-03-31": "", "2012-12-31": "", "2012-09-30": "", "2012-06-30": "", "2012-03-31": "", "2011-12-31": "", "2011-09-30": "", "2011-06-30": "", "2011-03-31": "", "2010-12-31": "", "2010-09-30": "", "2010-06-30": "", "2010-03-31": "", "2009-12-31": "", "2009-09-30": "", "2009-06-30": "", "2009-03-31": "", "2008-12-31": "", "2008-09-30": "", "2008-06-30": "", "2008-03-31": "", "2007-12-31": "", "2007-09-30": "", "2007-06-30": "", "2007-03-31": "", "2006-12-31": "", "2006-09-30": "", "2006-06-30": "", "2006-03-31": "", "2005-12-31": "", "2005-09-30": "", "2005-06-30": "", "2005-03-31": ""}, "Pre-Tax Profit Margin": {"2020-09-30": "37.06310", "2020-06-30": "27.90470", "2020-03-31": "27.84260", "2019-12-31": "44.19010", "2019-09-30": "41.98210", "2019-06-30": "41.74260", "2019-03-31": "41.50100", "2018-12-31": "46.57800", "2018-09-30": "47.29590", "2018-06-30": "45.73950", "2018-03-31": "32.91150", "2017-12-31": "44.13400", "2017-09-30": "41.86890", "2017-06-30": "44.27420", "2017-03-31": "39.67930", "2016-12-31": "39.87730", "2016-09-30": "42.24320", "2016-06-30": "41.41780", "2016-03-31": "37.60780", "2015-12-31": "34.33470", "2015-09-30": "39.93570", "2015-06-30": "39.43180", "2015-03-31": "35.35690", "2014-12-31": "39.46100", "2014-09-30": "39.02330", "2014-06-30": "39.05580", "2014-03-31": "33.91980", "2013-12-31": "35.08610", "2013-09-30": "40.26050", "2013-06-30": "46.99340", "2013-03-31": "39.52070", "2012-12-31": "41.56830", "2012-09-30": "42.01850", "2012-06-30": "35.95640", "2012-03-31": "32.52960", "2011-12-31": "21.52840", "2011-09-30": "28.59260", "2011-06-30": "43.70980", "2011-03-31": "38.18900", "2010-12-31": "39.52930", "2010-09-30": "37.38220", "2010-06-30": "37.01010", "2010-03-31": "30.98250", "2009-12-31": "29.59910", "2009-09-30": "25.57370", "2009-06-30": "9.98150", "2009-03-31": "16.04950", "2008-12-31": "22.49350", "2008-09-30": "13.21330", "2008-06-30": "36.19630", "2008-03-31": "41.80500", "2007-12-31": "15.90090", "2007-09-30": "43.12040", "2007-06-30": "45.08600", "2007-03-31": "39.53160", "2006-12-31": "44.78620", "2006-09-30": "42.73230", "2006-06-30": "45.53760", "2006-03-31": "43.98430", "2005-12-31": "45.33360", "2005-09-30": "43.75050", "2005-06-30": "43.54340", "2005-03-31": "43.68700"}, "Net Profit Margin": {"2020-09-30": "26.90190", "2020-06-30": "19.93000", "2020-03-31": "19.95770", "2019-12-31": "32.07470", "2019-09-30": "30.50300", "2019-06-30": "30.20410", "2019-03-31": "30.22490", "2018-12-31": "34.98500", "2018-09-30": "34.32400", "2018-06-30": "33.02110", "2018-03-31": "23.91780", "2017-12-31": "21.23420", "2017-09-30": "24.21820", "2017-06-30": "26.77460", "2017-03-31": "25.15590", "2016-12-31": "24.05800", "2016-09-30": "25.10130", "2016-06-30": "24.44920", "2016-03-31": "22.16780", "2015-12-31": "20.72010", "2015-09-30": "23.64090", "2015-06-30": "22.90740", "2015-03-31": "20.60950", "2014-12-31": "23.10130", "2014-09-30": "23.08580", "2014-06-30": "23.79500", "2014-03-31": "20.26920", "2013-12-31": "19.00350", "2013-09-30": "24.97390", "2013-06-30": "29.09280", "2013-03-31": "24.27170", "2012-12-31": "25.80850", "2012-09-30": "25.77850", "2012-06-30": "21.91730", "2012-03-31": "19.85380", "2011-12-31": "13.77190", "2011-09-30": "17.76160", "2011-06-30": "28.99560", "2011-03-31": "23.52230", "2010-12-31": "24.35840", "2010-09-30": "23.05520", "2010-06-30": "22.96790", "2010-03-31": "19.24120", "2009-12-31": "18.09540", "2009-09-30": "16.95150", "2009-06-30": "6.47000", "2009-03-31": "10.46030", "2008-12-31": "17.59780", "2008-09-30": "18.20220", "2008-06-30": "24.36330", "2008-03-31": "27.64080", "2007-12-31": "12.25790", "2007-09-30": "29.01120", "2007-06-30": "29.95250", "2007-03-31": "26.66620", "2006-12-31": "30.68890", "2006-09-30": "29.46000", "2006-06-30": "30.70910", "2006-03-31": "29.75510", "2005-12-31": "30.35860", "2005-09-30": "29.18620", "2005-06-30": "29.20980", "2005-03-31": "29.01830"}, "Asset Turnover": {"2020-09-30": "0.00950", "2020-06-30": "0.00800", "2020-03-31": "0.01010", "2019-12-31": "0.01230", "2019-09-30": "0.01210", "2019-06-30": "0.01230", "2019-03-31": "0.01270", "2018-12-31": "0.01250", "2018-09-30": "0.01260", "2018-06-30": "0.01210", "2018-03-31": "0.01170", "2017-12-31": "0.01200", "2017-09-30": "0.01150", "2017-06-30": "0.01110", "2017-03-31": "0.01060", "2016-12-31": "0.01040", "2016-09-30": "0.01030", "2016-06-30": "0.01030", "2016-03-31": "0.01000", "2015-12-31": "0.00970", "2015-09-30": "0.01110", "2015-06-30": "0.01180", "2015-03-31": "0.01080", "2014-12-31": "0.01140", "2014-09-30": "0.01120", "2014-06-30": "0.01210", "2014-03-31": "0.01180", "2013-12-31": "0.01260", "2013-09-30": "0.01310", "2013-06-30": "0.01360", "2013-03-31": "0.01270", "2012-12-31": "0.01290", "2012-09-30": "0.01310", "2012-06-30": "0.01210", "2012-03-31": "0.01200", "2011-12-31": "0.01210", "2011-09-30": "0.01190", "2011-06-30": "0.01320", "2011-03-31": "0.01190", "2010-12-31": "0.01140", "2010-09-30": "0.01120", "2010-06-30": "0.01110", "2010-03-31": "0.01040", "2009-12-31": "0.00990", "2009-09-30": "0.00970", "2009-06-30": "0.00900", "2009-03-31": "0.00800", "2008-12-31": "0.00880", "2008-09-30": "0.00770", "2008-06-30": "0.01000", "2008-03-31": "0.01110", "2007-12-31": "0.00820", "2007-09-30": "0.01140", "2007-06-30": "0.01240", "2007-03-31": "0.01140", "2006-12-31": "0.01220", "2006-09-30": "0.01270", "2006-06-30": "0.01230", "2006-03-31": "0.01230", "2005-12-31": "0.01220", "2005-09-30": "0.01190", "2005-06-30": "0.01240", "2005-03-31": "0.01210"}, "Inventory Turnover Ratio": {"2020-09-30": "", "2020-06-30": "", "2020-03-31": "", "2019-12-31": "", "2019-09-30": "", "2019-06-30": "", "2019-03-31": "", "2018-12-31": "", "2018-09-30": "", "2018-06-30": "", "2018-03-31": "", "2017-12-31": "", "2017-09-30": "", "2017-06-30": "", "2017-03-31": "", "2016-12-31": "", "2016-09-30": "", "2016-06-30": "", "2016-03-31": "", "2015-12-31": "", "2015-09-30": "", "2015-06-30": "", "2015-03-31": "", "2014-12-31": "", "2014-09-30": "", "2014-06-30": "", "2014-03-31": "", "2013-12-31": "", "2013-09-30": "", "2013-06-30": "", "2013-03-31": "", "2012-12-31": "", "2012-09-30": "", "2012-06-30": "", "2012-03-31": "", "2011-12-31": "", "2011-09-30": "", "2011-06-30": "", "2011-03-31": "", "2010-12-31": "", "2010-09-30": "", "2010-06-30": "", "2010-03-31": "", "2009-12-31": "", "2009-09-30": "", "2009-06-30": "", "2009-03-31": "", "2008-12-31": "", "2008-09-30": "", "2008-06-30": "", "2008-03-31": "", "2007-12-31": "", "2007-09-30": "", "2007-06-30": "", "2007-03-31": "", "2006-12-31": "", "2006-09-30": "", "2006-06-30": "", "2006-03-31": "", "2005-12-31": "", "2005-09-30": "", "2005-06-30": "", "2005-03-31": ""}, "Receiveable Turnover": {"2020-09-30": "", "2020-06-30": "", "2020-03-31": "", "2019-12-31": "", "2019-09-30": "", "2019-06-30": "", "2019-03-31": "", "2018-12-31": "", "2018-09-30": "", "2018-06-30": "", "2018-03-31": "", "2017-12-31": "", "2017-09-30": "", "2017-06-30": "", "2017-03-31": "", "2016-12-31": "", "2016-09-30": "", "2016-06-30": "", "2016-03-31": "", "2015-12-31": "", "2015-09-30": "", "2015-06-30": "", "2015-03-31": "", "2014-12-31": "", "2014-09-30": "", "2014-06-30": "", "2014-03-31": "", "2013-12-31": "", "2013-09-30": "", "2013-06-30": "", "2013-03-31": "", "2012-12-31": "", "2012-09-30": "", "2012-06-30": "", "2012-03-31": "", "2011-12-31": "", "2011-09-30": "", "2011-06-30": "", "2011-03-31": "", "2010-12-31": "", "2010-09-30": "", "2010-06-30": "", "2010-03-31": "", "2009-12-31": "", "2009-09-30": "", "2009-06-30": "", "2009-03-31": "", "2008-12-31": "", "2008-09-30": "", "2008-06-30": "", "2008-03-31": "", "2007-12-31": "", "2007-09-30": "", "2007-06-30": "", "2007-03-31": "", "2006-12-31": "", "2006-09-30": "", "2006-06-30": "", "2006-03-31": "", "2005-12-31": "", "2005-09-30": "", "2005-06-30": "", "2005-03-31": ""}, "Days Sales In Receivables": {"2020-09-30": "", "2020-06-30": "", "2020-03-31": "", "2019-12-31": "", "2019-09-30": "", "2019-06-30": "", "2019-03-31": "", "2018-12-31": "", "2018-09-30": "", "2018-06-30": "", "2018-03-31": "", "2017-12-31": "", "2017-09-30": "", "2017-06-30": "", "2017-03-31": "", "2016-12-31": "", "2016-09-30": "", "2016-06-30": "", "2016-03-31": "", "2015-12-31": "", "2015-09-30": "", "2015-06-30": "", "2015-03-31": "", "2014-12-31": "", "2014-09-30": "", "2014-06-30": "", "2014-03-31": "", "2013-12-31": "", "2013-09-30": "", "2013-06-30": "", "2013-03-31": "", "2012-12-31": "", "2012-09-30": "", "2012-06-30": "", "2012-03-31": "", "2011-12-31": "", "2011-09-30": "", "2011-06-30": "", "2011-03-31": "", "2010-12-31": "", "2010-09-30": "", "2010-06-30": "", "2010-03-31": "", "2009-12-31": "", "2009-09-30": "", "2009-06-30": "", "2009-03-31": "", "2008-12-31": "", "2008-09-30": "", "2008-06-30": "", "2008-03-31": "", "2007-12-31": "", "2007-09-30": "", "2007-06-30": "", "2007-03-31": "", "2006-12-31": "", "2006-09-30": "", "2006-06-30": "", "2006-03-31": "", "2005-12-31": "", "2005-09-30": "", "2005-06-30": "", "2005-03-31": ""}, "ROE - Return On Equity": {"2020-09-30": "2.50580", "2020-06-30": "1.64040", "2020-03-31": "1.84560", "2019-12-31": "3.40830", "2019-09-30": "3.30410", "2019-06-30": "3.27280", "2019-03-31": "3.36260", "2018-12-31": "3.83890", "2018-09-30": "3.70370", "2018-06-30": "3.43750", "2018-03-31": "2.43550", "2017-12-31": "2.14660", "2017-09-30": "2.35920", "2017-06-30": "2.53160", "2017-03-31": "2.32900", "2016-12-31": "2.16700", "2016-09-30": "2.31630", "2016-06-30": "2.20490", "2016-03-31": "1.97390", "2015-12-31": "1.81350", "2015-09-30": "2.39860", "2015-06-30": "2.50680", "2015-03-31": "2.13880", "2014-12-31": "2.49950", "2014-09-30": "2.48020", "2014-06-30": "2.59970", "2014-03-31": "2.14930", "2013-12-31": "2.12410", "2013-09-30": "2.90490", "2013-06-30": "3.54150", "2013-03-31": "2.87080", "2012-12-31": "3.17460", "2012-09-30": "3.23370", "2012-06-30": "2.66370", "2012-03-31": "2.41130", "2011-12-31": "1.75740", "2011-09-30": "2.15110", "2011-06-30": "3.84520", "2011-03-31": "2.65670", "2010-12-31": "2.68400", "2010-09-30": "2.56230", "2010-06-30": "2.56230", "2010-03-31": "2.10160", "2009-12-31": "1.94820", "2009-09-30": "1.85430", "2009-06-30": "0.76690", "2009-03-31": "1.01400", "2008-12-31": "1.64450", "2008-09-30": "1.42110", "2008-06-30": "2.45840", "2008-03-31": "3.11650", "2007-12-31": "1.00120", "2007-09-30": "3.19310", "2007-06-30": "3.46820", "2007-03-31": "2.81410", "2006-12-31": "3.39640", "2006-09-30": "3.42000", "2006-06-30": "3.54280", "2006-03-31": "3.42800", "2005-12-31": "3.48830", "2005-09-30": "3.26790", "2005-06-30": "3.37180", "2005-03-31": "3.33630"}, "Return On Tangible Equity": {"2020-09-30": "3.23860", "2020-06-30": "2.12740", "2020-03-31": "2.40070", "2019-12-31": "4.44420", "2019-09-30": "4.30440", "2019-06-30": "4.27890", "2019-03-31": "4.40840", "2018-12-31": "5.04820", "2018-09-30": "4.87550", "2018-06-30": "4.51360", "2018-03-31": "3.19060", "2017-12-31": "2.78270", "2017-09-30": "3.05610", "2017-06-30": "3.28380", "2017-03-31": "3.02740", "2016-12-31": "2.80240", "2016-09-30": "3.00640", "2016-06-30": "2.85700", "2016-03-31": "2.56600", "2015-12-31": "2.36860", "2015-09-30": "2.98600", "2015-06-30": "3.13920", "2015-03-31": "2.69190", "2014-12-31": "3.16250", "2014-09-30": "3.14090", "2014-06-30": "3.30830", "2014-03-31": "2.75810", "2013-12-31": "2.87110", "2013-09-30": "3.97280", "2013-06-30": "4.90670", "2013-03-31": "4.03350", "2012-12-31": "4.51360", "2012-09-30": "4.66460", "2012-06-30": "3.91470", "2012-03-31": "3.59410", "2011-12-31": "2.65230", "2011-09-30": "3.27400", "2011-06-30": "5.92080", "2011-03-31": "4.23620", "2010-12-31": "4.34320", "2010-09-30": "4.20350", "2010-06-30": "4.26600", "2010-03-31": "3.57420", "2009-12-31": "3.38170", "2009-09-30": "3.28300", "2009-06-30": "1.39880", "2009-03-31": "1.81330", "2008-12-31": "2.99910", "2008-09-30": "3.01340", "2008-06-30": "5.14760", "2008-03-31": "6.59530", "2007-12-31": "2.13570", "2007-09-30": "6.36590", "2007-06-30": "7.02060", "2007-03-31": "5.65380", "2006-12-31": "6.83310", "2006-09-30": "7.07960", "2006-06-30": "7.59050", "2006-03-31": "6.99710", "2005-12-31": "7.15720", "2005-09-30": "6.77200", "2005-06-30": "7.03400", "2005-03-31": "7.22440"}, "ROA - Return On Assets": {"2020-09-30": "0.26840", "2020-06-30": "0.17280", "2020-03-31": "0.21580", "2019-12-31": "0.41130", "2019-09-30": "0.38250", "2019-06-30": "0.38930", "2019-03-31": "0.40220", "2018-12-31": "0.45480", "2018-09-30": "0.45030", "2018-06-30": "0.41640", "2018-03-31": "0.29730", "2017-12-31": "0.27190", "2017-09-30": "0.29560", "2017-06-30": "0.31520", "2017-03-31": "0.28320", "2016-12-31": "0.26780", "2016-09-30": "0.27590", "2016-06-30": "0.27140", "2016-03-31": "0.23950", "2015-12-31": "0.22070", "2015-09-30": "0.28670", "2015-06-30": "0.29530", "2015-03-31": "0.24560", "2014-12-31": "0.28710", "2014-09-30": "0.28320", "2014-06-30": "0.31300", "2014-03-31": "0.25870", "2013-12-31": "0.26000", "2013-09-30": "0.34880", "2013-06-30": "0.41870", "2013-03-31": "0.33100", "2012-12-31": "0.35680", "2012-09-30": "0.36190", "2012-06-30": "0.28880", "2012-03-31": "0.26070", "2011-12-31": "0.18960", "2011-09-30": "0.23520", "2011-06-30": "0.41470", "2011-03-31": "0.30390", "2010-12-31": "0.30060", "2010-09-30": "0.28140", "2010-06-30": "0.27690", "2010-03-31": "0.22060", "2009-12-31": "0.19860", "2009-09-30": "0.18500", "2009-06-30": "0.07320", "2009-03-31": "0.09900", "2008-12-31": "0.15530", "2008-09-30": "0.13980", "2008-06-30": "0.24320", "2008-03-31": "0.30600", "2007-12-31": "0.10010", "2007-09-30": "0.33190", "2007-06-30": "0.37010", "2007-03-31": "0.30420", "2006-12-31": "0.37380", "2006-09-30": "0.37320", "2006-06-30": "0.37620", "2006-03-31": "0.36610", "2005-12-31": "0.37170", "2005-09-30": "0.34840", "2005-06-30": "0.36130", "2005-03-31": "0.35130"}, "ROI - Return On Investment": {"2020-09-30": "1.72610", "2020-06-30": "1.08260", "2020-03-31": "1.21430", "2019-12-31": "2.17180", "2019-09-30": "2.10730", "2019-06-30": "2.02700", "2019-03-31": "2.00610", "2018-12-31": "2.28490", "2018-09-30": "2.14060", "2018-06-30": "2.05820", "2018-03-31": "1.45100", "2017-12-31": "1.32170", "2017-09-30": "1.42970", "2017-06-30": "1.59220", "2017-03-31": "1.43590", "2016-12-31": "1.27240", "2016-09-30": "1.31810", "2016-06-30": "1.25380", "2016-03-31": "1.11820", "2015-12-31": "1.01000", "2015-09-30": "1.21410", "2015-06-30": "1.25500", "2015-03-31": "1.04880", "2014-12-31": "1.30040", "2014-09-30": "1.28700", "2014-06-30": "1.45360", "2014-03-31": "1.26260", "2013-12-31": "1.34900", "2013-09-30": "1.82480", "2013-06-30": "2.20010", "2013-03-31": "1.73300", "2012-12-31": "1.99990", "2012-09-30": "1.96760", "2012-06-30": "1.52360", "2012-03-31": "1.29810", "2011-12-31": "0.92580", "2011-09-30": "1.13560", "2011-06-30": "1.96880", "2011-03-31": "1.30450", "2010-12-31": "1.26220", "2010-09-30": "1.11490", "2010-06-30": "1.08740", "2010-03-31": "0.83950", "2009-12-31": "0.76040", "2009-09-30": "0.71060", "2009-06-30": "0.26990", "2009-03-31": "0.34830", "2008-12-31": "0.54210", "2008-09-30": "0.48250", "2008-06-30": "0.83090", "2008-03-31": "1.17830", "2007-12-31": "0.38640", "2007-09-30": "1.26430", "2007-06-30": "1.46490", "2007-03-31": "1.26440", "2006-12-31": "1.61960", "2006-09-30": "1.77160", "2006-06-30": "1.81150", "2006-03-31": "1.68930", "2005-12-31": "1.69780", "2005-09-30": "1.50430", "2005-06-30": "1.61930", "2005-03-31": "1.58320"}, "Book Value Per Share": {"2020-09-30": "125.50970", "2020-06-30": "124.30310", "2020-03-31": "123.30560", "2019-12-31": "120.37230", "2019-09-30": "119.31260", "2019-06-30": "116.94700", "2019-03-31": "114.09820", "2018-12-31": "111.61790", "2018-09-30": "109.12440", "2018-06-30": "108.00200", "2018-03-31": "107.03250", "2017-12-31": "108.27820", "2017-09-30": "107.87800", "2017-06-30": "106.76960", "2017-03-31": "105.44970", "2016-12-31": "105.56100", "2016-09-30": "105.45760", "2016-06-30": "104.32670", "2016-03-31": "102.24210", "2015-12-31": "101.35930", "2015-09-30": "96.95690", "2015-06-30": "95.20370", "2015-03-31": "94.26150", "2014-12-31": "93.23340", "2014-09-30": "93.36350", "2014-06-30": "92.24970", "2014-03-31": "90.47080", "2013-12-31": "86.62180", "2013-09-30": "84.61380", "2013-06-30": "82.80470", "2013-03-31": "80.82760", "2012-12-31": "79.59770", "2012-09-30": "78.02800", "2012-06-30": "76.03860", "2012-03-31": "74.54920", "2011-12-31": "73.76660", "2011-09-30": "74.63680", "2011-06-30": "73.62670", "2011-03-31": "70.69330", "2010-12-31": "69.82030", "2010-09-30": "68.96360", "2010-06-30": "68.03070", "2010-03-31": "66.65670", "2009-12-31": "65.57870", "2009-09-30": "64.46680", "2009-06-30": "62.74620", "2009-03-31": "62.14570", "2008-12-31": "61.47540", "2008-09-30": "58.20910", "2008-06-30": "59.16200", "2008-03-31": "58.96490", "2007-12-31": "59.03630", "2007-09-30": "58.45040", "2007-06-30": "57.63450", "2007-03-31": "57.36500", "2006-12-31": "56.98840", "2006-09-30": "55.62410", "2006-06-30": "54.05950", "2006-03-31": "53.15950", "2005-12-31": "52.43960", "2005-09-30": "51.86010", "2005-06-30": "51.24950", "2005-03-31": "49.82270"}, "Operating Cash Flow Per Share": {"2020-09-30": -0.047, "2020-06-30": 4.0613, "2020-03-31": "-3.03990", "2019-12-31": 8.3087, "2019-09-30": 5.6798, "2019-06-30": 0.548, "2019-03-31": "2.99670", "2018-12-31": 3.7293, "2018-09-30": 7.1736, "2018-06-30": 0.3432, "2018-03-31": "3.25160", "2017-12-31": 4.6172, "2017-09-30": 3.0283, "2017-06-30": 2.2923, "2017-03-31": "8.29830", "2016-12-31": 0.6519, "2016-09-30": 2.7659, "2016-06-30": 1.2895, "2016-03-31": "2.81580", "2015-12-31": 3.3132, "2015-09-30": 5.1633, "2015-06-30": 0.7401, "2015-03-31": "3.45240", "2014-12-31": 2.4741, "2014-09-30": 2.3003, "2014-06-30": -0.7176, "2014-03-31": "4.27910", "2013-12-31": 3.3271, "2013-09-30": -0.9118, "2013-06-30": -0.6509, "2013-03-31": "5.42930", "2012-12-31": 0.204, "2012-09-30": -1.3689, "2012-06-30": 0.8293, "2012-03-31": "4.29100", "2011-12-31": 4.1038, "2011-09-30": 3.2661, "2011-06-30": 0.5994, "2011-03-31": "6.43000", "2010-12-31": 3.6142, "2010-09-30": 1.8315, "2010-06-30": 3.127, "2010-03-31": "5.52700", "2009-12-31": 1.213, "2009-09-30": 5.4983, "2009-06-30": 2.9759, "2009-03-31": "0.67550", "2008-12-31": 3.0073, "2008-09-30": 4.0848, "2008-06-30": 4.5891, "2008-03-31": "3.00190", "2007-12-31": 3.8934, "2007-09-30": 2.8904, "2007-06-30": 1.6772, "2007-03-31": "3.67180", "2006-12-31": -3.4345, "2006-09-30": 6.1712, "2006-06-30": 1.0581, "2006-03-31": "0.94420", "2005-12-31": 6.0708, "2005-09-30": -3.5964, "2005-06-30": -2.5896, "2005-03-31": "2.68220"}, "Free Cash Flow Per Share": {"2020-09-30": -0.294, "2020-06-30": 3.7288, "2020-03-31": "-3.43720", "2019-12-31": 7.8833, "2019-09-30": 5.3913, "2019-06-30": 0.1605, "2019-03-31": "2.77400", "2018-12-31": 3.4665, "2018-09-30": 7.0148, "2018-06-30": 0.1513, "2018-03-31": "3.18750", "2017-12-31": 4.5117, "2017-09-30": 2.9415, "2017-06-30": 2.1059, "2017-03-31": "8.15940", "2016-12-31": 0.3856, "2016-09-30": 2.5789, "2016-06-30": 1.1607, "2016-03-31": "2.71330", "2015-12-31": 3.038, "2015-09-30": 5.0186, "2015-06-30": 0.6366, "2015-03-31": "3.38010", "2014-12-31": 2.3006, "2014-09-30": 2.2052, "2014-06-30": -0.8763, "2014-03-31": "4.15150", "2013-12-31": 2.9874, "2013-09-30": -1.2334, "2013-06-30": -0.8597, "2013-03-31": "5.29970", "2012-12-31": 0.0021, "2012-09-30": -1.5185, "2012-06-30": 0.6111, "2012-03-31": "4.13670", "2011-12-31": 3.8396, "2011-09-30": 3.0753, "2011-06-30": 0.5594, "2011-03-31": "6.35620", "2010-12-31": 3.3518, "2010-09-30": 1.6979, "2010-06-30": 3.0195, "2010-03-31": "5.43760", "2009-12-31": 0.9345, "2009-09-30": 5.4186, "2009-06-30": 2.9131, "2009-03-31": "0.58270", "2008-12-31": 2.7517, "2008-09-30": 3.9066, "2008-06-30": 4.4483, "2008-03-31": "2.92520", "2007-12-31": 3.7005, "2007-09-30": 2.7465, "2007-06-30": 1.5783, "2007-03-31": "3.59230", "2006-12-31": -3.5692, "2006-09-30": 6.0842, "2006-06-30": 0.9626, "2006-03-31": "0.89290", "2005-12-31": 5.973, "2005-09-30": -3.6714, "2005-06-30": -2.6165, "2005-03-31": "2.65360"}}, "revenue": {"M&T Bank Annual Revenue (Millions of US $)": {"2020": "$6,281", "2019": "$6,941", "2018": "$6,455", "2017": "$6,019", "2016": "$5,722", "2015": "$4,996", "2014": "$4,736", "2013": "$4,823", "2012": "$4,609", "2011": "$4,375", "2010": "$3,838", "2009": "$3,773", "2008": "$4,217", "2007": "$4,478", "2006": "$4,360", "2005": "$3,738"}, "M&T Bank Quarterly Revenue (Millions of US $)": {"2020-12-31": "$1,590", "2020-09-30": "$1,522", "2020-06-30": "$1,520", "2020-03-31": "$1,650", "2019-12-31": "$1,707", "2019-09-30": "$1,757", "2019-06-30": "$1,750", "2019-03-31": "$1,727", "2018-12-31": "$1,701", "2018-09-30": "$1,627", "2018-06-30": "$1,586", "2018-03-31": "$1,541", "2017-12-31": "$1,558", "2017-09-30": "$1,517", "2017-06-30": "$1,491", "2017-03-31": "$1,453", "2016-12-31": "$1,448", "2016-09-30": "$1,461", "2016-06-30": "$1,419", "2016-03-31": "$1,394", "2015-12-31": "$1,350", "2015-09-30": "$1,210", "2015-06-30": "$1,257", "2015-03-31": "$1,178", "2014-12-31": "$1,208", "2014-09-30": "$1,194", "2014-06-30": "$1,191", "2014-03-31": "$1,143", "2013-12-31": "$1,181", "2013-09-30": "$1,220", "2013-06-30": "$1,259", "2013-03-31": "$1,163", "2012-12-31": "$1,199", "2012-09-30": "$1,191", "2012-06-30": "$1,129", "2012-03-31": "$1,091", "2011-12-31": "$1,114", "2011-09-30": "$1,089", "2011-06-30": "$1,190", "2011-03-31": "$982", "2010-12-31": "$970", "2010-09-30": "$976", "2010-06-30": "$958", "2010-03-31": "$934", "2009-12-31": "$959", "2009-09-30": "$979", "2009-06-30": "$949", "2009-03-31": "$887", "2008-12-31": "$1,016", "2008-09-30": "$915", "2008-06-30": "$1,089", "2008-03-31": "$1,197", "2007-12-31": "$1,073", "2007-09-30": "$1,146", "2007-06-30": "$1,161", "2007-03-31": "$1,098", "2006-12-31": "$1,127", "2006-09-30": "$1,127", "2006-06-30": "$1,076", "2006-03-31": "$1,030", "2005-12-31": "$1,002", "2005-09-30": "$942", "2005-06-30": "$922", "2005-03-31": "$873"}}, "gross-profit": {"M&T Bank Annual Gross Profit (Millions of US $)": {"2020": "$5,955", "2019": "$6,192", "2018": "$5,928", "2017": "$5,632", "2016": "$5,296", "2015": "$4,668", "2014": "$4,456", "2013": "$4,538", "2012": "$4,266", "2011": "$3,973", "2010": "$3,376", "2009": "$3,104", "2008": "$2,879", "2007": "$2,783", "2006": "$2,863", "2005": "$2,744"}, "M&T Bank Quarterly Gross Profit (Millions of US $)": {"2020-12-31": "$1,541", "2020-09-30": "$1,464", "2020-06-30": "$1,444", "2020-03-31": "$1,506", "2019-12-31": "$1,530", "2019-09-30": "$1,558", "2019-06-30": "$1,554", "2019-03-31": "$1,551", "2018-12-31": "$1,540", "2018-09-30": "$1,488", "2018-06-30": "$1,466", "2018-03-31": "$1,434", "2017-12-31": "$1,456", "2017-09-30": "$1,417", "2017-06-30": "$1,399", "2017-03-31": "$1,361", "2016-12-31": "$1,341", "2016-09-30": "$1,350", "2016-06-30": "$1,312", "2016-03-31": "$1,293", "2015-12-31": "$1,255", "2015-09-30": "$1,133", "2015-06-30": "$1,180", "2015-03-31": "$1,100", "2014-12-31": "$1,133", "2014-09-30": "$1,120", "2014-06-30": "$1,126", "2014-03-31": "$1,077", "2013-12-31": "$1,113", "2013-09-30": "$1,150", "2013-06-30": "$1,186", "2013-03-31": "$1,089", "2012-12-31": "$1,121", "2012-09-30": "$1,108", "2012-06-30": "$1,040", "2012-03-31": "$997", "2011-12-31": "$1,016", "2011-09-30": "$985", "2011-06-30": "$1,088", "2011-03-31": "$883", "2010-12-31": "$861", "2010-09-30": "$860", "2010-06-30": "$841", "2010-03-31": "$814", "2009-12-31": "$825", "2009-09-30": "$826", "2009-06-30": "$773", "2009-03-31": "$680", "2008-12-31": "$727", "2008-09-30": "$602", "2008-06-30": "$758", "2008-03-31": "$792", "2007-12-31": "$631", "2007-09-30": "$721", "2007-06-30": "$745", "2007-03-31": "$687", "2006-12-31": "$723", "2006-09-30": "$731", "2006-06-30": "$709", "2006-03-31": "$700", "2005-12-31": "$698", "2005-09-30": "$677", "2005-06-30": "$693", "2005-03-31": "$676"}}, "operating-income": {"M&T Bank Annual Operating Income (Millions of US $)": {"2020": "$2,570", "2019": "$2,547", "2018": "$2,508", "2017": "$2,324", "2016": "$2,058", "2015": "$1,675", "2014": "$1,642", "2013": "$1,766", "2012": "$1,553", "2011": "$1,225", "2010": "$1,093", "2009": "$519", "2008": "$740", "2007": "$964", "2006": "$1,232", "2005": "$1,171"}, "M&T Bank Quarterly Operating Income (Millions of US $)": {"2020-12-31": "$621", "2020-09-30": "$487", "2020-06-30": "$312", "2020-03-31": "$350", "2019-12-31": "$652", "2019-09-30": "$635", "2019-06-30": "$626", "2019-03-31": "$634", "2018-12-31": "$699", "2018-09-30": "$696", "2018-06-30": "$655", "2018-03-31": "$458", "2017-12-31": "$629", "2017-09-30": "$581", "2017-06-30": "$596", "2017-03-31": "$518", "2016-12-31": "$510", "2016-09-30": "$550", "2016-06-30": "$530", "2016-03-31": "$468", "2015-12-31": "$411", "2015-09-30": "$435", "2015-06-30": "$454", "2015-03-31": "$375", "2014-12-31": "$434", "2014-09-30": "$426", "2014-06-30": "$428", "2014-03-31": "$354", "2013-12-31": "$376", "2013-09-30": "$444", "2013-06-30": "$531", "2013-03-31": "$415", "2012-12-31": "$445", "2012-09-30": "$446", "2012-06-30": "$352", "2012-03-31": "$308", "2011-12-31": "$203", "2011-09-30": "$265", "2011-06-30": "$448", "2011-03-31": "$309", "2010-12-31": "$307", "2010-09-30": "$287", "2010-06-30": "$280", "2010-03-31": "$220", "2009-12-31": "$201", "2009-09-30": "$172", "2009-06-30": "$63", "2009-03-31": "$84", "2008-12-31": "$130", "2008-09-30": "$66", "2008-06-30": "$238", "2008-03-31": "$306", "2007-12-31": "$88", "2007-09-30": "$296", "2007-06-30": "$322", "2007-03-31": "$261", "2006-12-31": "$311", "2006-09-30": "$305", "2006-06-30": "$315", "2006-03-31": "$300", "2005-12-31": "$306", "2005-09-30": "$286", "2005-06-30": "$293", "2005-03-31": "$285"}}, "ebitda": {"M&T Bank Annual EBITDA (Millions of US $)": {"2019": "$", "2018": "$", "2017": "$", "2016": "$", "2015": "$", "2014": "$", "2013": "$", "2012": "$", "2011": "$", "2010": "$", "2009": "$", "2008": "$", "2007": "$", "2006": "$", "2005": "$"}, "M&T Bank Quarterly EBITDA (Millions of US $)": {"2020-09-30": "", "2020-06-30": "", "2020-03-31": "", "2019-12-31": "", "2019-09-30": "", "2019-06-30": "", "2019-03-31": "", "2018-12-31": "", "2018-09-30": "", "2018-06-30": "", "2018-03-31": "", "2017-12-31": "", "2017-09-30": "", "2017-06-30": "", "2017-03-31": "", "2016-12-31": "", "2016-09-30": "", "2016-06-30": "", "2016-03-31": "", "2015-12-31": "", "2015-09-30": "", "2015-06-30": "", "2015-03-31": "", "2014-12-31": "", "2014-09-30": "", "2014-06-30": "", "2014-03-31": "", "2013-12-31": "", "2013-09-30": "", "2013-06-30": "", "2013-03-31": "", "2012-12-31": "", "2012-09-30": "", "2012-06-30": "", "2012-03-31": "", "2011-12-31": "", "2011-09-30": "", "2011-06-30": "", "2011-03-31": "", "2010-12-31": "", "2010-09-30": "", "2010-06-30": "", "2010-03-31": "", "2009-12-31": "", "2009-09-30": "", "2009-06-30": "", "2009-03-31": "", "2008-12-31": "", "2008-09-30": "", "2008-06-30": "", "2008-03-31": "", "2007-12-31": "", "2007-09-30": "", "2007-06-30": "", "2007-03-31": "", "2006-12-31": "", "2006-09-30": "", "2006-06-30": "", "2006-03-31": "", "2005-12-31": "", "2005-09-30": "", "2005-06-30": "", "2005-03-31": ""}}, "net-income": {"M&T Bank Annual Net Income (Millions of US $)": {"2020": "$1,353", "2019": "$1,850", "2018": "$1,836", "2017": "$1,328", "2016": "$1,223", "2015": "$988", "2014": "$979", "2013": "$1,062", "2012": "$953", "2011": "$782", "2010": "$676", "2009": "$332", "2008": "$555", "2007": "$654", "2006": "$839", "2005": "$782"}, "M&T Bank Quarterly Net Income (Millions of US $)": {"2020-12-31": "$471", "2020-09-30": "$353", "2020-06-30": "$223", "2020-03-31": "$251", "2019-12-31": "$473", "2019-09-30": "$461", "2019-06-30": "$453", "2019-03-31": "$462", "2018-12-31": "$525", "2018-09-30": "$505", "2018-06-30": "$473", "2018-03-31": "$333", "2017-12-31": "$302", "2017-09-30": "$336", "2017-06-30": "$361", "2017-03-31": "$329", "2016-12-31": "$308", "2016-09-30": "$327", "2016-06-30": "$313", "2016-03-31": "$276", "2015-12-31": "$248", "2015-09-30": "$257", "2015-06-30": "$263", "2015-03-31": "$219", "2014-12-31": "$254", "2014-09-30": "$252", "2014-06-30": "$261", "2014-03-31": "$212", "2013-12-31": "$203", "2013-09-30": "$275", "2013-06-30": "$329", "2013-03-31": "$255", "2012-12-31": "$277", "2012-09-30": "$274", "2012-06-30": "$215", "2012-03-31": "$188", "2011-12-31": "$130", "2011-09-30": "$165", "2011-06-30": "$297", "2011-03-31": "$190", "2010-12-31": "$189", "2010-09-30": "$177", "2010-06-30": "$174", "2010-03-31": "$136", "2009-12-31": "$123", "2009-09-30": "$114", "2009-06-30": "$41", "2009-03-31": "$55", "2008-12-31": "$101", "2008-09-30": "$91", "2008-06-30": "$160", "2008-03-31": "$202", "2007-12-31": "$65", "2007-09-30": "$199", "2007-06-30": "$214", "2007-03-31": "$176", "2006-12-31": "$213", "2006-09-30": "$210", "2006-06-30": "$213", "2006-03-31": "$203", "2005-12-31": "$205", "2005-09-30": "$191", "2005-06-30": "$197", "2005-03-31": "$189"}}, "eps-earnings-per-share-diluted": {"M&T Bank Annual EPS": {"2020": "$9.94", "2019": "$13.75", "2018": "$12.74", "2017": "$8.70", "2016": "$7.78", "2015": "$7.18", "2014": "$7.42", "2013": "$8.20", "2012": "$7.54", "2011": "$6.35", "2010": "$5.69", "2009": "$2.89", "2008": "$5.01", "2007": "$5.95", "2006": "$7.37", "2005": "$6.73"}, "M&T Bank Quarterly EPS": {"2020-12-31": "$3.52", "2020-09-30": "$2.75", "2020-06-30": "$1.74", "2020-03-31": "$1.93", "2019-12-31": "$3.59", "2019-09-30": "$3.47", "2019-06-30": "$3.34", "2019-03-31": "$3.35", "2018-12-31": "$3.72", "2018-09-30": "$3.53", "2018-06-30": "$3.26", "2018-03-31": "$2.23", "2017-12-31": "$2.02", "2017-09-30": "$2.21", "2017-06-30": "$2.35", "2017-03-31": "$2.12", "2016-12-31": "$1.97", "2016-09-30": "$2.10", "2016-06-30": "$1.98", "2016-03-31": "$1.73", "2015-12-31": "$1.62", "2015-09-30": "$1.93", "2015-06-30": "$1.98", "2015-03-31": "$1.65", "2014-12-31": "$1.92", "2014-09-30": "$1.91", "2014-06-30": "$1.98", "2014-03-31": "$1.61", "2013-12-31": "$1.56", "2013-09-30": "$2.11", "2013-06-30": "$2.55", "2013-03-31": "$1.98", "2012-12-31": "$2.16", "2012-09-30": "$2.17", "2012-06-30": "$1.71", "2012-03-31": "$1.50", "2011-12-31": "$1.02", "2011-09-30": "$1.32", "2011-06-30": "$2.42", "2011-03-31": "$1.59", "2010-12-31": "$1.60", "2010-09-30": "$1.48", "2010-06-30": "$1.46", "2010-03-31": "$1.15", "2009-12-31": "$1.07", "2009-09-30": "$0.97", "2009-06-30": "$0.36", "2009-03-31": "$0.49", "2008-12-31": "$0.93", "2008-09-30": "$0.82", "2008-06-30": "$1.44", "2008-03-31": "$1.82", "2007-12-31": "$0.60", "2007-09-30": "$1.83", "2007-06-30": "$1.95", "2007-03-31": "$1.57", "2006-12-31": "$1.88", "2006-09-30": "$1.85", "2006-06-30": "$1.87", "2006-03-31": "$1.77", "2005-12-31": "$1.78", "2005-09-30": "$1.64", "2005-06-30": "$1.69", "2005-03-31": "$1.62"}}, "shares-outstanding": {"M&T Bank Annual Shares Outstanding (Millions of Shares)": {"2020": "128", "2019": "134", "2018": "144", "2017": "153", "2016": "157", "2015": "138", "2014": "132", "2013": "130", "2012": "126", "2011": "123", "2010": "119", "2009": "115", "2008": "111", "2007": "110", "2006": "114", "2005": "116"}, "M&T Bank Quarterly Shares Outstanding (Millions of Shares)": {"2020-12-31": "128", "2020-09-30": "128", "2020-06-30": "128", "2020-03-31": "130", "2019-12-31": "134", "2019-09-30": "133", "2019-06-30": "135", "2019-03-31": "138", "2018-12-31": "144", "2018-09-30": "143", "2018-06-30": "145", "2018-03-31": "149", "2017-12-31": "153", "2017-09-30": "152", "2017-06-30": "153", "2017-03-31": "155", "2016-12-31": "157", "2016-09-30": "156", "2016-06-30": "158", "2016-03-31": "159", "2015-12-31": "138", "2015-09-30": "133", "2015-06-30": "133", "2015-03-31": "133", "2014-12-31": "132", "2014-09-30": "132", "2014-06-30": "132", "2014-03-31": "131", "2013-12-31": "130", "2013-09-30": "130", "2013-06-30": "129", "2013-03-31": "129", "2012-12-31": "126", "2012-09-30": "126", "2012-06-30": "126", "2012-03-31": "126", "2011-12-31": "123", "2011-09-30": "125", "2011-06-30": "123", "2011-03-31": "120", "2010-12-31": "119", "2010-09-30": "119", "2010-06-30": "119", "2010-03-31": "118", "2009-12-31": "115", "2009-09-30": "118", "2009-06-30": "114", "2009-03-31": "110", "2008-12-31": "111", "2008-09-30": "111", "2008-06-30": "111", "2008-03-31": "111", "2007-12-31": "110", "2007-09-30": "109", "2007-06-30": "110", "2007-03-31": "112", "2006-12-31": "114", "2006-09-30": "114", "2006-06-30": "114", "2006-03-31": "114", "2005-12-31": "116", "2005-09-30": "116", "2005-06-30": "116", "2005-03-31": "117"}}, "total-assets": {"M&T Bank Annual Total Assets (Millions of US $)": {"2019": "$119,873", "2018": "$120,097", "2017": "$118,594", "2016": "$123,449", "2015": "$122,788", "2014": "$96,686", "2013": "$85,162", "2012": "$83,009", "2011": "$77,924", "2010": "$68,021", "2009": "$68,880", "2008": "$65,816", "2007": "$64,876", "2006": "$57,065", "2005": "$55,146"}, "M&T Bank Quarterly Total Assets (Millions of US $)": {"2020-09-30": "$138,627", "2020-06-30": "$139,537", "2020-03-31": "$124,578", "2019-12-31": "$119,873", "2019-09-30": "$125,501", "2019-06-30": "$121,555", "2019-03-31": "$120,025", "2018-12-31": "$120,097", "2018-09-30": "$116,828", "2018-06-30": "$118,426", "2018-03-31": "$118,623", "2017-12-31": "$118,594", "2017-09-30": "$120,402", "2017-06-30": "$120,897", "2017-03-31": "$123,223", "2016-12-31": "$123,449", "2016-09-30": "$126,841", "2016-06-30": "$123,821", "2016-03-31": "$124,626", "2015-12-31": "$122,788", "2015-09-30": "$97,797", "2015-06-30": "$97,080", "2015-03-31": "$98,378", "2014-12-31": "$96,686", "2014-09-30": "$97,228", "2014-06-30": "$90,835", "2014-03-31": "$88,530", "2013-12-31": "$85,162", "2013-09-30": "$84,427", "2013-06-30": "$83,229", "2013-03-31": "$82,812", "2012-12-31": "$83,009", "2012-09-30": "$81,085", "2012-06-30": "$80,808", "2012-03-31": "$79,187", "2011-12-31": "$77,924", "2011-09-30": "$77,864", "2011-06-30": "$77,727", "2011-03-31": "$67,881", "2010-12-31": "$68,021", "2010-09-30": "$68,247", "2010-06-30": "$68,154", "2010-03-31": "$68,439", "2009-12-31": "$68,880", "2009-09-30": "$68,997", "2009-06-30": "$69,913", "2009-03-31": "$64,883", "2008-12-31": "$65,816", "2008-09-30": "$65,247", "2008-06-30": "$65,893", "2008-03-31": "$66,086", "2007-12-31": "$64,876", "2007-09-30": "$60,008", "2007-06-30": "$57,869", "2007-03-31": "$57,842", "2006-12-31": "$57,065", "2006-09-30": "$56,373", "2006-06-30": "$56,507", "2006-03-31": "$55,420", "2005-12-31": "$55,146", "2005-09-30": "$54,841", "2005-06-30": "$54,482", "2005-03-31": "$53,887"}}, "cash-on-hand": {"M&T Bank Annual Cash on Hand (Millions of US $)": {"2019": "$9,097", "2018": "$9,896", "2017": "$6,633", "2016": "$6,645", "2015": "$9,236", "2014": "$8,152", "2013": "$3,700", "2012": "$2,606", "2011": "$2,169", "2010": "$1,559", "2009": "$1,767", "2008": "$2,286", "2007": "$2,067", "2006": "$1,868", "2005": "$1,690"}, "M&T Bank Quarterly Cash on Hand (Millions of US $)": {"2020-09-30": "$22,903", "2020-06-30": "$23,537", "2020-03-31": "$11,419", "2019-12-31": "$9,097", "2019-09-30": "$14,929", "2019-06-30": "$10,543", "2019-03-31": "$9,146", "2018-12-31": "$9,896", "2018-09-30": "$7,960", "2018-06-30": "$8,187", "2018-03-31": "$7,569", "2017-12-31": "$6,633", "2017-09-30": "$7,845", "2017-06-30": "$6,544", "2017-03-31": "$8,407", "2016-12-31": "$6,645", "2016-09-30": "$12,598", "2016-06-30": "$10,265", "2016-03-31": "$11,191", "2015-12-31": "$9,236", "2015-09-30": "$6,304", "2015-06-30": "$5,674", "2015-03-31": "$8,021", "2014-12-31": "$8,152", "2014-09-30": "$9,497", "2014-06-30": "$5,263", "2014-03-31": "$5,377", "2013-12-31": "$3,700", "2013-09-30": "$4,357", "2013-06-30": "$4,408", "2013-03-31": "$3,551", "2012-12-31": "$2,606", "2012-09-30": "$2,562", "2012-06-30": "$3,037", "2012-03-31": "$3,144", "2011-12-31": "$2,169", "2011-09-30": "$4,186", "2011-06-30": "$4,491", "2011-03-31": "$1,496", "2010-12-31": "$1,559", "2010-09-30": "$2,453", "2010-06-30": "$1,661", "2010-03-31": "$1,568", "2009-12-31": "$1,767", "2009-09-30": "$1,925", "2009-06-30": "$1,706", "2009-03-31": "$1,863", "2008-12-31": "$2,286", "2008-09-30": "$1,862", "2008-06-30": "$1,977", "2008-03-31": "$2,155", "2007-12-31": "$2,067", "2007-09-30": "$1,884", "2007-06-30": "$1,796", "2007-03-31": "$2,029", "2006-12-31": "$1,868", "2006-09-30": "$1,647", "2006-06-30": "$1,813", "2006-03-31": "$1,502", "2005-12-31": "$1,690", "2005-09-30": "$1,620", "2005-06-30": "$1,683", "2005-03-31": "$1,533"}}, "long-term-debt": {"M&T Bank Annual Long Term Debt (Millions of US $)": {"2019": "$6,986", "2018": "$8,445", "2017": "$8,141", "2016": "$9,494", "2015": "$10,654", "2014": "$9,007", "2013": "$5,109", "2012": "$4,608", "2011": "$6,686", "2010": "$7,840", "2009": "$10,240", "2008": "$12,075", "2007": "$10,318", "2006": "$6,891", "2005": "$6,197"}, "M&T Bank Quarterly Long Term Debt (Millions of US $)": {"2020-09-30": "$5,459", "2020-06-30": "$6,321", "2020-03-31": "$6,321", "2019-12-31": "$6,986", "2019-09-30": "$7,003", "2019-06-30": "$7,656", "2019-03-31": "$8,476", "2018-12-31": "$8,445", "2018-09-30": "$9,140", "2018-06-30": "$8,382", "2018-03-31": "$8,591", "2017-12-31": "$8,141", "2017-09-30": "$8,578", "2017-06-30": "$7,650", "2017-03-31": "$8,088", "2016-12-31": "$9,494", "2016-09-30": "$10,211", "2016-06-30": "$10,329", "2016-03-31": "$10,341", "2015-12-31": "$10,654", "2015-09-30": "$10,174", "2015-06-30": "$10,176", "2015-03-31": "$10,509", "2014-12-31": "$9,007", "2014-09-30": "$9,061", "2014-06-30": "$7,392", "2014-03-31": "$6,251", "2013-12-31": "$5,109", "2013-09-30": "$5,121", "2013-06-30": "$5,122", "2013-03-31": "$5,395", "2012-12-31": "$4,608", "2012-09-30": "$4,970", "2012-06-30": "$5,688", "2012-03-31": "$6,477", "2011-12-31": "$6,686", "2011-09-30": "$6,749", "2011-06-30": "$7,129", "2011-03-31": "$7,305", "2010-12-31": "$7,840", "2010-09-30": "$8,992", "2010-06-30": "$9,256", "2010-03-31": "$10,066", "2009-12-31": "$10,240", "2009-09-30": "$10,354", "2009-06-30": "$11,568", "2009-03-31": "$11,536", "2008-12-31": "$12,075", "2008-09-30": "$12,482", "2008-06-30": "$12,770", "2008-03-31": "$10,672", "2007-12-31": "$10,318", "2007-09-30": "$9,516", "2007-06-30": "$8,445", "2007-03-31": "$7,664", "2006-12-31": "$6,891", "2006-09-30": "$5,723", "2006-06-30": "$5,735", "2006-03-31": "$6,093", "2005-12-31": "$6,197", "2005-09-30": "$6,855", "2005-06-30": "$6,318", "2005-03-31": "$6,282"}}, "total-liabilities": {"M&T Bank Annual Total Liabilities (Millions of US $)": {"2019": "$104,156", "2018": "$104,637", "2017": "$102,343", "2016": "$106,963", "2015": "$106,615", "2014": "$84,350", "2013": "$73,857", "2012": "$72,806", "2011": "$68,653", "2010": "$59,664", "2009": "$61,127", "2008": "$59,031", "2007": "$58,390", "2006": "$50,784", "2005": "$49,270"}, "M&T Bank Quarterly Total Liabilities (Millions of US $)": {"2020-09-30": "$122,526", "2020-06-30": "$123,592", "2020-03-31": "$108,762", "2019-12-31": "$104,156", "2019-09-30": "$109,721", "2019-06-30": "$105,863", "2019-03-31": "$104,438", "2018-12-31": "$104,637", "2018-09-30": "$101,392", "2018-06-30": "$102,848", "2018-03-31": "$102,913", "2017-12-31": "$102,343", "2017-09-30": "$104,084", "2017-06-30": "$104,613", "2017-03-31": "$107,010", "2016-12-31": "$106,963", "2016-09-30": "$110,500", "2016-06-30": "$107,349", "2016-03-31": "$108,271", "2015-12-31": "$106,615", "2015-09-30": "$84,875", "2015-06-30": "$84,412", "2015-03-31": "$85,849", "2014-12-31": "$84,350", "2014-09-30": "$84,895", "2014-06-30": "$78,666", "2014-03-31": "$76,644", "2013-12-31": "$73,857", "2013-09-30": "$73,411", "2013-06-30": "$72,513", "2013-03-31": "$72,389", "2012-12-31": "$72,806", "2012-09-30": "$71,140", "2012-06-30": "$71,178", "2012-03-31": "$69,758", "2011-12-31": "$68,653", "2011-09-30": "$68,489", "2011-06-30": "$68,483", "2011-03-31": "$59,374", "2010-12-31": "$59,664", "2010-09-30": "$60,015", "2010-06-30": "$60,052", "2010-03-31": "$60,524", "2009-12-31": "$61,127", "2009-09-30": "$61,385", "2009-06-30": "$62,513", "2009-03-31": "$57,981", "2008-12-31": "$59,031", "2008-09-30": "$58,831", "2008-06-30": "$59,374", "2008-03-31": "$59,598", "2007-12-31": "$58,390", "2007-09-30": "$53,770", "2007-06-30": "$51,694", "2007-03-31": "$51,589", "2006-12-31": "$50,784", "2006-09-30": "$50,222", "2006-06-30": "$50,507", "2006-03-31": "$49,500", "2005-12-31": "$49,270", "2005-09-30": "$48,994", "2005-06-30": "$48,644", "2005-03-31": "$48,214"}}, "total-share-holder-equity": {"M&T Bank Annual Share Holder Equity (Millions of US $)": {"2019": "$15,717", "2018": "$15,460", "2017": "$16,251", "2016": "$16,487", "2015": "$16,173", "2014": "$12,336", "2013": "$11,306", "2012": "$10,203", "2011": "$9,271", "2010": "$8,358", "2009": "$7,753", "2008": "$6,785", "2007": "$6,485", "2006": "$6,281", "2005": "$5,876"}, "M&T Bank Quarterly Share Holder Equity (Millions of US $)": {"2020-09-30": "$16,101", "2020-06-30": "$15,945", "2020-03-31": "$15,816", "2019-12-31": "$15,717", "2019-09-30": "$15,780", "2019-06-30": "$15,692", "2019-03-31": "$15,588", "2018-12-31": "$15,460", "2018-09-30": "$15,436", "2018-06-30": "$15,578", "2018-03-31": "$15,710", "2017-12-31": "$16,251", "2017-09-30": "$16,318", "2017-06-30": "$16,284", "2017-03-31": "$16,213", "2016-12-31": "$16,487", "2016-09-30": "$16,341", "2016-06-30": "$16,472", "2016-03-31": "$16,355", "2015-12-31": "$16,173", "2015-09-30": "$12,922", "2015-06-30": "$12,668", "2015-03-31": "$12,528", "2014-12-31": "$12,336", "2014-09-30": "$12,333", "2014-06-30": "$12,169", "2014-03-31": "$11,887", "2013-12-31": "$11,306", "2013-09-30": "$11,016", "2013-06-30": "$10,716", "2013-03-31": "$10,423", "2012-12-31": "$10,203", "2012-09-30": "$9,946", "2012-06-30": "$9,630", "2012-03-31": "$9,429", "2011-12-31": "$9,271", "2011-09-30": "$9,375", "2011-06-30": "$9,244", "2011-03-31": "$8,508", "2010-12-31": "$8,358", "2010-09-30": "$8,232", "2010-06-30": "$8,102", "2010-03-31": "$7,916", "2009-12-31": "$7,753", "2009-09-30": "$7,612", "2009-06-30": "$7,400", "2009-03-31": "$6,902", "2008-12-31": "$6,785", "2008-09-30": "$6,417", "2008-06-30": "$6,519", "2008-03-31": "$6,488", "2007-12-31": "$6,485", "2007-09-30": "$6,238", "2007-06-30": "$6,175", "2007-03-31": "$6,253", "2006-12-31": "$6,281", "2006-09-30": "$6,151", "2006-06-30": "$6,000", "2006-03-31": "$5,919", "2005-12-31": "$5,876", "2005-09-30": "$5,847", "2005-06-30": "$5,838", "2005-03-31": "$5,674"}}, "profit-margins": {"current": "21.54%"}, "gross margin": {"2020-12-31": "94.79%", "2020-09-30": "92.89%", "2020-06-30": "91.02%", "2020-03-31": "89.57%", "2019-12-31": "89.22%", "2019-09-30": "89.44%", "2019-06-30": "90.12%", "2019-03-31": "91.03%", "2018-12-31": "91.84%", "2018-09-30": "92.59%", "2018-06-30": "93.08%", "2018-03-31": "93.43%", "2017-12-31": "93.59%", "2017-09-30": "93.38%", "2017-06-30": "93.13%", "2017-03-31": "92.79%", "2016-12-31": "92.56%", "2016-09-30": "92.64%", "2016-06-30": "92.93%", "2016-03-31": "93.28%", "2015-12-31": "93.45%", "2015-09-30": "93.67%", "2015-06-30": "93.72%", "2015-03-31": "93.88%", "2014-12-31": "94.09%", "2014-09-30": "94.20%", "2014-06-30": "94.32%", "2014-03-31": "94.23%", "2013-12-31": "94.09%", "2013-09-30": "93.91%", "2013-06-30": "93.60%", "2013-03-31": "93.08%", "2012-12-31": "92.54%", "2012-09-30": "91.96%", "2012-06-30": "91.30%", "2012-03-31": "91.12%", "2011-12-31": "90.79%", "2011-09-30": "90.22%", "2011-06-30": "89.66%", "2011-03-31": "88.65%", "2010-12-31": "87.96%", "2010-09-30": "87.27%", "2010-06-30": "86.32%", "2010-03-31": "84.74%", "2009-12-31": "82.25%", "2009-09-30": "78.47%", "2009-06-30": "73.85%", "2009-03-31": "70.82%", "2008-12-31": "68.27%", "2008-09-30": "65.11%", "2008-06-30": "64.42%", "2008-03-31": "63.12%", "2007-12-31": "62.17%", "2007-09-30": "63.46%", "2007-06-30": "63.95%", "2007-03-31": "64.36%", "2006-12-31": "65.67%", "2006-09-30": "67.01%", "2006-06-30": "68.74%", "2006-03-31": "71.05%", "2005-12-31": "73.39%"}, "operating margin": {"2020-12-31": "28.18%", "2020-09-30": "28.15%", "2020-06-30": "29.38%", "2020-03-31": "32.97%", "2019-12-31": "36.70%", "2019-09-30": "37.40%", "2019-06-30": "39.02%", "2019-03-31": "40.42%", "2018-12-31": "38.85%", "2018-09-30": "38.62%", "2018-06-30": "37.46%", "2018-03-31": "37.07%", "2017-12-31": "38.61%", "2017-09-30": "37.32%", "2017-06-30": "37.14%", "2017-03-31": "36.46%", "2016-12-31": "35.97%", "2016-09-30": "34.83%", "2016-06-30": "34.32%", "2016-03-31": "33.93%", "2015-12-31": "33.53%", "2015-09-30": "34.99%", "2015-06-30": "34.92%", "2015-03-31": "34.86%", "2014-12-31": "34.67%", "2014-09-30": "33.64%", "2014-06-30": "33.83%", "2014-03-31": "35.50%", "2013-12-31": "36.62%", "2013-09-30": "37.91%", "2013-06-30": "38.18%", "2013-03-31": "35.41%", "2012-12-31": "33.64%", "2012-09-30": "28.93%", "2012-06-30": "25.50%", "2012-03-31": "27.30%", "2011-12-31": "28.00%", "2011-09-30": "31.41%", "2011-06-30": "32.81%", "2011-03-31": "30.44%", "2010-12-31": "28.50%", "2010-09-30": "25.82%", "2010-06-30": "22.79%", "2010-03-31": "17.17%", "2009-12-31": "13.78%", "2009-09-30": "11.72%", "2009-06-30": "9.11%", "2009-03-31": "13.26%", "2008-12-31": "17.55%", "2008-09-30": "16.33%", "2008-06-30": "20.60%", "2008-03-31": "22.11%", "2007-12-31": "21.59%", "2007-09-30": "26.26%", "2007-06-30": "26.57%", "2007-03-31": "26.92%", "2006-12-31": "28.23%", "2006-09-30": "28.95%", "2006-06-30": "29.80%", "2006-03-31": "30.42%", "2005-12-31": "31.29%"}, "ebitda margin": {"2020-09-30": "0.00%", "2020-06-30": "0.00%", "2020-03-31": "0.00%", "2019-12-31": "0.00%", "2019-09-30": "0.00%", "2019-06-30": "0.00%", "2019-03-31": "0.00%", "2018-12-31": "0.00%", "2018-09-30": "0.00%", "2018-06-30": "0.00%", "2018-03-31": "0.00%", "2017-12-31": "0.00%", "2017-09-30": "0.00%", "2017-06-30": "0.00%", "2017-03-31": "0.00%", "2016-12-31": "0.00%", "2016-09-30": "0.00%", "2016-06-30": "0.00%", "2016-03-31": "0.00%", "2015-12-31": "0.00%", "2015-09-30": "0.00%", "2015-06-30": "0.00%", "2015-03-31": "0.00%", "2014-12-31": "0.00%", "2014-09-30": "0.00%", "2014-06-30": "0.00%", "2014-03-31": "0.00%", "2013-12-31": "0.00%", "2013-09-30": "0.00%", "2013-06-30": "0.00%", "2013-03-31": "0.00%", "2012-12-31": "0.00%", "2012-09-30": "0.00%", "2012-06-30": "0.00%", "2012-03-31": "0.00%", "2011-12-31": "0.00%", "2011-09-30": "0.00%", "2011-06-30": "0.00%", "2011-03-31": "0.00%", "2010-12-31": "0.00%", "2010-09-30": "0.00%", "2010-06-30": "0.00%", "2010-03-31": "0.00%", "2009-12-31": "0.00%", "2009-09-30": "0.00%", "2009-06-30": "0.00%", "2009-03-31": "0.00%", "2008-12-31": "0.00%", "2008-09-30": "0.00%", "2008-06-30": "0.00%", "2008-03-31": "0.00%", "2007-12-31": "0.00%", "2007-09-30": "0.00%", "2007-06-30": "0.00%", "2007-03-31": "0.00%", "2006-12-31": "0.00%", "2006-09-30": "0.00%", "2006-06-30": "0.00%", "2006-03-31": "0.00%", "2005-12-31": "0.00%"}, "pre tax profit margin": {"2020-12-31": "28.18%", "2020-09-30": "28.15%", "2020-06-30": "29.38%", "2020-03-31": "32.97%", "2019-12-31": "36.70%", "2019-09-30": "37.40%", "2019-06-30": "39.02%", "2019-03-31": "40.42%", "2018-12-31": "38.85%", "2018-09-30": "38.62%", "2018-06-30": "37.46%", "2018-03-31": "37.07%", "2017-12-31": "38.61%", "2017-09-30": "37.32%", "2017-06-30": "37.14%", "2017-03-31": "36.46%", "2016-12-31": "35.97%", "2016-09-30": "34.83%", "2016-06-30": "34.32%", "2016-03-31": "33.93%", "2015-12-31": "33.53%", "2015-09-30": "34.99%", "2015-06-30": "34.92%", "2015-03-31": "34.86%", "2014-12-31": "34.67%", "2014-09-30": "33.64%", "2014-06-30": "33.83%", "2014-03-31": "35.50%", "2013-12-31": "36.62%", "2013-09-30": "37.91%", "2013-06-30": "38.18%", "2013-03-31": "35.41%", "2012-12-31": "33.64%", "2012-09-30": "28.93%", "2012-06-30": "25.50%", "2012-03-31": "27.30%", "2011-12-31": "28.00%", "2011-09-30": "31.41%", "2011-06-30": "32.81%", "2011-03-31": "30.44%", "2010-12-31": "28.50%", "2010-09-30": "25.82%", "2010-06-30": "22.79%", "2010-03-31": "17.17%", "2009-12-31": "13.78%", "2009-09-30": "11.72%", "2009-06-30": "9.11%", "2009-03-31": "13.26%", "2008-12-31": "17.55%", "2008-09-30": "16.24%", "2008-06-30": "20.51%", "2008-03-31": "22.02%", "2007-12-31": "21.51%", "2007-09-30": "26.26%", "2007-06-30": "26.57%", "2007-03-31": "26.92%", "2006-12-31": "28.23%", "2006-09-30": "28.95%", "2006-06-30": "29.80%", "2006-03-31": "30.42%", "2005-12-31": "31.29%"}, "net profit margin": {"2020-12-31": "20.66%", "2020-09-30": "20.32%", "2020-06-30": "21.22%", "2020-03-31": "23.86%", "2019-12-31": "26.64%", "2019-09-30": "27.41%", "2019-06-30": "28.58%", "2019-03-31": "29.59%", "2018-12-31": "28.44%", "2018-09-30": "25.55%", "2018-06-30": "23.28%", "2018-03-31": "21.81%", "2017-12-31": "22.06%", "2017-09-30": "22.58%", "2017-06-30": "22.64%", "2017-03-31": "22.09%", "2016-12-31": "21.39%", "2016-09-30": "20.70%", "2016-06-30": "20.36%", "2016-03-31": "20.03%", "2015-12-31": "19.76%", "2015-09-30": "20.46%", "2015-06-30": "20.43%", "2015-03-31": "20.67%", "2014-12-31": "20.67%", "2014-09-30": "19.71%", "2014-06-30": "20.08%", "2014-03-31": "21.22%", "2013-12-31": "22.02%", "2013-09-30": "23.47%", "2013-06-30": "23.59%", "2013-03-31": "21.81%", "2012-12-31": "20.69%", "2012-09-30": "17.83%", "2012-06-30": "15.78%", "2012-03-31": "17.40%", "2011-12-31": "17.87%", "2011-09-30": "19.88%", "2011-06-30": "20.71%", "2011-03-31": "18.79%", "2010-12-31": "17.61%", "2010-09-30": "15.94%", "2010-06-30": "14.28%", "2010-03-31": "10.83%", "2009-12-31": "8.82%", "2009-09-30": "8.12%", "2009-06-30": "7.65%", "2009-03-31": "10.42%", "2008-12-31": "13.14%", "2008-09-30": "12.12%", "2008-06-30": "13.90%", "2008-03-31": "14.86%", "2007-12-31": "14.60%", "2007-09-30": "17.70%", "2007-06-30": "18.01%", "2007-03-31": "18.34%", "2006-12-31": "19.24%", "2006-09-30": "19.62%", "2006-06-30": "20.05%", "2006-03-31": "20.43%", "2005-12-31": "20.91%"}, "pe ratio": {"current": "14.28", "2021-02-11": "22.15", "2020-12-31": "19.83", "2020-09-30": "9.10", "2020-06-30": "9.49", "2020-03-31": "8.13", "2019-12-31": "11.87", "2019-09-30": "10.85", "2019-06-30": "11.55", "2019-03-31": "10.66", "2018-12-31": "10.51", "2018-09-30": "13.92", "2018-06-30": "16.25", "2018-03-31": "19.34", "2017-12-31": "18.10", "2017-09-30": "17.03", "2017-06-30": "17.26", "2017-03-31": "17.15", "2016-12-31": "18.13", "2016-09-30": "13.98", "2016-06-30": "14.48", "2016-03-31": "13.52", "2015-12-31": "14.82", "2015-09-30": "14.30", "2015-06-30": "14.60", "2015-03-31": "14.76", "2014-12-31": "14.59", "2014-09-30": "14.97", "2014-06-30": "14.56", "2014-03-31": "13.13", "2013-12-31": "11.96", "2013-09-30": "10.65", "2013-06-30": "10.50", "2013-03-31": "10.63", "2012-12-31": "10.72", "2012-09-30": "12.08", "2012-06-30": "11.99", "2012-03-31": "11.09", "2011-12-31": "9.53", "2011-09-30": "7.95", "2011-06-30": "9.69", "2011-03-31": "11.18", "2010-12-31": "11.74", "2010-09-30": "12.10", "2010-06-30": "13.84", "2010-03-31": "16.82", "2009-12-31": "17.33", "2009-09-30": "16.67", "2009-06-30": "14.25", "2009-03-31": "8.81", "2008-12-31": "8.06", "2008-09-30": "13.24", "2008-06-30": "8.52", "2008-03-31": "8.85", "2007-12-31": "9.28", "2007-09-30": "9.60", "2007-06-30": "9.83", "2007-03-31": "10.71", "2006-12-31": "10.94"}, "price sales": {"2021-02-11": "2.91", "2020-12-31": "2.61", "2020-09-30": "1.86", "2020-06-30": "2.02", "2020-03-31": "1.95", "2019-12-31": "3.18", "2019-09-30": "2.99", "2019-06-30": "3.32", "2019-03-31": "3.18", "2018-12-31": "3.02", "2018-09-30": "3.58", "2018-06-30": "3.80", "2018-03-31": "4.22", "2017-12-31": "4.00", "2017-09-30": "3.85", "2017-06-30": "3.92", "2017-03-31": "3.80", "2016-12-31": "3.89", "2016-09-30": "2.83", "2016-06-30": "2.88", "2016-03-31": "2.66", "2015-12-31": "2.87", "2015-09-30": "2.93", "2015-06-30": "2.98", "2015-03-31": "3.05", "2014-12-31": "3.01", "2014-09-30": "2.94", "2014-06-30": "2.92", "2014-03-31": "2.78", "2013-12-31": "2.63", "2013-09-30": "2.49", "2013-06-30": "2.47", "2013-03-31": "2.31", "2012-12-31": "2.21", "2012-09-30": "2.15", "2012-06-30": "1.89", "2012-03-31": "1.93", "2011-12-31": "1.70", "2011-09-30": "1.58", "2011-06-30": "2.00", "2011-03-31": "2.10", "2010-12-31": "2.07", "2010-09-30": "1.91", "2010-06-30": "1.96", "2010-03-31": "1.80", "2009-12-31": "1.50", "2009-09-30": "1.35", "2009-06-30": "1.09", "2009-03-31": "0.92", "2008-12-31": "1.06", "2008-09-30": "1.61", "2008-06-30": "1.19", "2008-03-31": "1.32", "2007-12-31": "1.36", "2007-09-30": "1.70", "2007-06-30": "1.78", "2007-03-31": "1.97", "2006-12-31": "2.11"}, "price book": {"current": "1.23", "2021-02-11": "1.13", "2020-09-30": "0.73", "2020-06-30": "0.82", "2020-03-31": "0.81", "2019-12-31": "1.36", "2019-09-30": "1.27", "2019-06-30": "1.38", "2019-03-31": "1.30", "2018-12-31": "1.20", "2018-09-30": "1.41", "2018-06-30": "1.46", "2018-03-31": "1.59", "2017-12-31": "1.45", "2017-09-30": "1.37", "2017-06-30": "1.38", "2017-03-31": "1.33", "2016-12-31": "1.34", "2016-09-30": "0.99", "2016-06-30": "1.01", "2016-03-31": "0.96", "2015-12-31": "1.05", "2015-09-30": "1.10", "2015-06-30": "1.14", "2015-03-31": "1.17", "2014-12-31": "1.16", "2014-09-30": "1.13", "2014-06-30": "1.15", "2014-03-31": "1.14", "2013-12-31": "1.13", "2013-09-30": "1.11", "2013-06-30": "1.12", "2013-03-31": "1.06", "2012-12-31": "1.02", "2012-09-30": "0.99", "2012-06-30": "0.88", "2012-03-31": "0.93", "2011-12-31": "0.82", "2011-09-30": "0.74", "2011-06-30": "0.93", "2011-03-31": "0.97", "2010-12-31": "0.96", "2010-09-30": "0.90", "2010-06-30": "0.94", "2010-03-31": "0.89", "2009-12-31": "0.76", "2009-09-30": "0.71", "2009-06-30": "0.59", "2009-03-31": "0.52", "2008-12-31": "0.66", "2008-09-30": "1.06", "2008-06-30": "0.82", "2008-03-31": "0.93", "2007-12-31": "0.93", "2007-09-30": "1.19", "2007-06-30": "1.24", "2007-03-31": "1.34", "2006-12-31": "1.41", "2006-09-30": "1.42", "2006-06-30": "1.43", "2006-03-31": "1.40"}, "price fcf": {"2021-02-11": "", "2020-09-30": "$7.88", "2020-06-30": "$13.57", "2020-03-31": "$10.00", "2019-12-31": "$16.21", "2019-09-30": "$11.79", "2019-06-30": "$13.42", "2019-03-31": "$13.41", "2018-12-31": "$13.82", "2018-09-30": "$14.87", "2018-06-30": "$10.79", "2018-03-31": "$12.75", "2017-12-31": "$17.72", "2017-09-30": "$13.59", "2017-06-30": "$13.23", "2017-03-31": "$12.28", "2016-12-31": "$6.84", "2016-09-30": "$9.49", "2016-06-30": "$11.93", "2016-03-31": "$11.41", "2015-12-31": "$12.07", "2015-09-30": "$11.34", "2015-06-30": "$8.52", "2015-03-31": "$7.01", "2014-12-31": "$7.78", "2014-09-30": "$8.47", "2014-06-30": "$5.03", "2014-03-31": "$5.05", "2013-12-31": "$6.19", "2013-09-30": "$3.21", "2013-06-30": "$2.92", "2013-03-31": "$4.39", "2012-12-31": "$3.23", "2012-09-30": "$7.07", "2012-06-30": "$11.66", "2012-03-31": "$11.61", "2011-12-31": "$13.83", "2011-09-30": "$13.34", "2011-06-30": "$11.97", "2011-03-31": "$14.43", "2010-12-31": "$13.51", "2010-09-30": "$11.09", "2010-06-30": "$14.81", "2010-03-31": "$14.70", "2009-12-31": "$9.85", "2009-09-30": "$11.67", "2009-06-30": "$10.15", "2009-03-31": "$11.69", "2008-12-31": "$14.03", "2008-09-30": "$14.98", "2008-06-30": "$13.82", "2008-03-31": "$10.95", "2007-12-31": "$11.62", "2007-09-30": "$4.35", "2007-06-30": "$7.69", "2007-03-31": "$7.07", "2006-12-31": "$4.37"}, "net worth": {"value": "$18.35B"}, "current ratio": {"2020-12-31": "1.01", "2020-09-30": "1.07", "2020-06-30": "1.07", "2020-03-31": "1.07", "2019-12-31": "1.08", "2019-09-30": "1.06", "2019-06-30": "1.06", "2019-03-31": "1.06", "2018-12-31": "1.06", "2018-09-30": "1.07", "2018-06-30": "1.06", "2018-03-31": "1.05", "2017-12-31": "1.05", "2017-09-30": "1.05", "2017-06-30": "1.03", "2017-03-31": "1.03", "2016-12-31": "1.05", "2016-09-30": "1.06", "2016-06-30": "1.07", "2016-03-31": "1.06", "2015-12-31": "1.06", "2015-09-30": "1.06", "2015-06-30": "1.05", "2015-03-31": "1.06", "2014-12-31": "1.06", "2014-09-30": "1.05", "2014-06-30": "1.05", "2014-03-31": "1.05", "2013-12-31": "1.05", "2013-09-30": "1.05", "2013-06-30": "1.10", "2013-03-31": "1.09", "2012-12-31": "1.07", "2012-09-30": "1.06", "2012-06-30": "1.06", "2012-03-31": "1.07", "2011-12-31": "1.07", "2011-09-30": "1.07", "2011-06-30": "1.09", "2011-03-31": "1.10", "2010-12-31": "1.10", "2010-09-30": "1.11", "2010-06-30": "1.10", "2010-03-31": "1.11", "2009-12-31": "1.12", "2009-09-30": "1.12", "2009-06-30": "1.13", "2009-03-31": "1.15", "2008-12-31": "1.15", "2008-09-30": "1.15", "2008-06-30": "1.15", "2008-03-31": "1.10", "2007-12-31": "1.08", "2007-09-30": "1.10", "2007-06-30": "1.10", "2007-03-31": "1.08", "2006-12-31": "1.06", "2006-09-30": "1.02", "2006-06-30": "1.01", "2006-03-31": "1.01", "2005-12-31": "1.01", "2005-09-30": "1.03", "2005-06-30": "1.01", "2005-03-31": "1.00"}, "quick ratio": {"2020-12-31": "0.00", "2020-09-30": "0.00", "2020-06-30": "0.00", "2020-03-31": "0.00", "2019-12-31": "0.00", "2019-09-30": "0.00", "2019-06-30": "0.00", "2019-03-31": "0.00", "2018-12-31": "0.00", "2018-09-30": "0.00", "2018-06-30": "0.00", "2018-03-31": "0.00", "2017-12-31": "0.00", "2017-09-30": "0.00", "2017-06-30": "0.00", "2017-03-31": "0.00", "2016-12-31": "0.00", "2016-09-30": "0.00", "2016-06-30": "0.00", "2016-03-31": "0.00", "2015-12-31": "0.00", "2015-09-30": "0.00", "2015-06-30": "0.00", "2015-03-31": "0.00", "2014-12-31": "0.00", "2014-09-30": "0.00", "2014-06-30": "0.00", "2014-03-31": "0.00", "2013-12-31": "0.00", "2013-09-30": "0.00", "2013-06-30": "0.00", "2013-03-31": "0.00", "2012-12-31": "0.00", "2012-09-30": "0.00", "2012-06-30": "0.00", "2012-03-31": "0.00", "2011-12-31": "0.00", "2011-09-30": "0.00", "2011-06-30": "0.00", "2011-03-31": "0.00", "2010-12-31": "0.00", "2010-09-30": "0.00", "2010-06-30": "0.00", "2010-03-31": "0.00", "2009-12-31": "0.00", "2009-09-30": "0.00", "2009-06-30": "0.00", "2009-03-31": "0.00", "2008-12-31": "0.00", "2008-09-30": "0.00", "2008-06-30": "0.00", "2008-03-31": "0.00", "2007-12-31": "0.00", "2007-09-30": "0.00", "2007-06-30": "0.00", "2007-03-31": "0.00", "2006-12-31": "0.00", "2006-09-30": "0.00", "2006-06-30": "0.00", "2006-03-31": "0.00", "2005-12-31": "0.00", "2005-09-30": "0.00", "2005-06-30": "0.00", "2005-03-31": "0.00"}, "debt equity ratio": {"current": "0.29", "2020-12-31": "7.81", "2020-09-30": "7.61", "2020-06-30": "7.75", "2020-03-31": "6.88", "2019-12-31": "6.63", "2019-09-30": "6.95", "2019-06-30": "6.75", "2019-03-31": "6.70", "2018-12-31": "6.77", "2018-09-30": "6.57", "2018-06-30": "6.60", "2018-03-31": "6.55", "2017-12-31": "6.30", "2017-09-30": "6.38", "2017-06-30": "6.42", "2017-03-31": "6.60", "2016-12-31": "6.49", "2016-09-30": "6.76", "2016-06-30": "6.52", "2016-03-31": "6.62", "2015-12-31": "6.59", "2015-09-30": "6.57", "2015-06-30": "6.66", "2015-03-31": "6.85", "2014-12-31": "6.84", "2014-09-30": "6.88", "2014-06-30": "6.47", "2014-03-31": "6.45", "2013-12-31": "6.53", "2013-09-30": "6.66", "2013-06-30": "6.77", "2013-03-31": "6.95", "2012-12-31": "7.14", "2012-09-30": "7.15", "2012-06-30": "7.39", "2012-03-31": "7.40", "2011-12-31": "7.41", "2011-09-30": "7.31", "2011-06-30": "7.41", "2011-03-31": "6.98", "2010-12-31": "7.14", "2010-09-30": "7.29", "2010-06-30": "7.41", "2010-03-31": "7.65", "2009-12-31": "7.88", "2009-09-30": "8.06", "2009-06-30": "8.45", "2009-03-31": "8.40", "2008-12-31": "8.70", "2008-09-30": "9.17", "2008-06-30": "9.11", "2008-03-31": "9.19", "2007-12-31": "9.00", "2007-09-30": "8.62", "2007-06-30": "8.37", "2007-03-31": "8.25", "2006-12-31": "8.09", "2006-09-30": "8.17", "2006-06-30": "8.42", "2006-03-31": "8.36", "2005-12-31": "8.38", "2005-09-30": "8.38", "2005-06-30": "8.33", "2005-03-31": "8.50"}, "return on equity": {"2020-12-31": "8.11%", "2020-09-30": "8.18%", "2020-06-30": "8.90%", "2020-03-31": "10.40%", "2019-12-31": "11.78%", "2019-09-30": "12.16%", "2019-06-30": "12.51%", "2019-03-31": "12.66%", "2018-12-31": "11.81%", "2018-09-30": "10.25%", "2018-06-30": "9.05%", "2018-03-31": "8.25%", "2017-12-31": "8.16%", "2017-09-30": "8.17%", "2017-06-30": "8.11%", "2017-03-31": "7.80%", "2016-12-31": "7.46%", "2016-09-30": "7.13%", "2016-06-30": "7.07%", "2016-03-31": "7.19%", "2015-12-31": "7.27%", "2015-09-30": "7.87%", "2015-06-30": "7.93%", "2015-03-31": "7.99%", "2014-12-31": "8.04%", "2014-09-30": "7.78%", "2014-06-30": "8.20%", "2014-03-31": "9.07%", "2013-12-31": "9.77%", "2013-09-30": "10.73%", "2013-06-30": "11.00%", "2013-03-31": "10.16%", "2012-12-31": "9.73%", "2012-09-30": "8.43%", "2012-06-30": "7.40%", "2012-03-31": "8.36%", "2011-12-31": "8.59%", "2011-09-30": "9.48%", "2011-06-30": "9.94%", "2011-03-31": "8.80%", "2010-12-31": "8.29%", "2010-09-30": "7.62%", "2010-06-30": "6.97%", "2010-03-31": "5.40%", "2009-12-31": "4.49%", "2009-09-30": "4.33%", "2009-06-30": "4.19%", "2009-03-31": "6.12%", "2008-12-31": "8.46%", "2008-09-30": "8.00%", "2008-06-30": "9.73%", "2008-03-31": "10.71%", "2007-12-31": "10.40%", "2007-09-30": "12.86%", "2007-06-30": "13.08%", "2007-03-31": "13.16%", "2006-12-31": "13.78%", "2006-09-30": "13.88%", "2006-06-30": "13.74%", "2006-03-31": "13.56%", "2005-12-31": "13.46%"}, "return on assets": {"2020-12-31": "0.95%", "2020-09-30": "0.99%", "2020-06-30": "1.11%", "2020-03-31": "1.33%", "2019-12-31": "1.52%", "2019-09-30": "1.56%", "2019-06-30": "1.63%", "2019-03-31": "1.65%", "2018-12-31": "1.55%", "2018-09-30": "1.37%", "2018-06-30": "1.21%", "2018-03-31": "1.11%", "2017-12-31": "1.10%", "2017-09-30": "1.09%", "2017-06-30": "1.07%", "2017-03-31": "1.03%", "2016-12-31": "0.98%", "2016-09-30": "0.93%", "2016-06-30": "0.93%", "2016-03-31": "0.94%", "2015-12-31": "0.95%", "2015-09-30": "1.02%", "2015-06-30": "1.01%", "2015-03-31": "1.03%", "2014-12-31": "1.05%", "2014-09-30": "1.03%", "2014-06-30": "1.09%", "2014-03-31": "1.19%", "2013-12-31": "1.27%", "2013-09-30": "1.36%", "2013-06-30": "1.38%", "2013-03-31": "1.25%", "2012-12-31": "1.18%", "2012-09-30": "1.01%", "2012-06-30": "0.88%", "2012-03-31": "1.00%", "2011-12-31": "1.04%", "2011-09-30": "1.15%", "2011-06-30": "1.21%", "2011-03-31": "1.07%", "2010-12-31": "0.99%", "2010-09-30": "0.89%", "2010-06-30": "0.80%", "2010-03-31": "0.60%", "2009-12-31": "0.49%", "2009-09-30": "0.46%", "2009-06-30": "0.43%", "2009-03-31": "0.62%", "2008-12-31": "0.84%", "2008-09-30": "0.79%", "2008-06-30": "0.97%", "2008-03-31": "1.09%", "2007-12-31": "1.09%", "2007-09-30": "1.38%", "2007-06-30": "1.42%", "2007-03-31": "1.43%", "2006-12-31": "1.49%", "2006-09-30": "1.49%", "2006-06-30": "1.46%", "2006-03-31": "1.45%", "2005-12-31": "1.43%"}, "return on investments": {"2020-12-31": "8.18%", "2020-09-30": "8.12%", "2020-06-30": "8.67%", "2020-03-31": "9.95%", "2019-12-31": "10.97%", "2019-09-30": "11.03%", "2019-06-30": "11.07%", "2019-03-31": "11.12%", "2018-12-31": "10.37%", "2018-09-30": "10.03%", "2018-06-30": "9.53%", "2018-03-31": "9.29%", "2017-12-31": "9.53%", "2017-09-30": "8.90%", "2017-06-30": "8.63%", "2017-03-31": "8.14%", "2016-12-31": "7.76%", "2016-09-30": "7.33%", "2016-06-30": "7.13%", "2016-03-31": "7.11%", "2015-12-31": "6.99%", "2015-09-30": "7.52%", "2015-06-30": "7.62%", "2015-03-31": "7.80%", "2014-12-31": "8.17%", "2014-09-30": "8.39%", "2014-06-30": "9.12%", "2014-03-31": "10.25%", "2013-12-31": "11.00%", "2013-09-30": "11.72%", "2013-06-30": "11.97%", "2013-03-31": "10.90%", "2012-12-31": "10.18%", "2012-09-30": "8.43%", "2012-06-30": "7.13%", "2012-03-31": "7.61%", "2011-12-31": "7.62%", "2011-09-30": "8.24%", "2011-06-30": "8.24%", "2011-03-31": "7.11%", "2010-12-31": "6.36%", "2010-09-30": "5.60%", "2010-06-30": "4.90%", "2010-03-31": "3.60%", "2009-12-31": "2.84%", "2009-09-30": "2.42%", "2009-06-30": "1.83%", "2009-03-31": "2.74%", "2008-12-31": "3.99%", "2008-09-30": "3.87%", "2008-06-30": "5.38%", "2008-03-31": "6.29%", "2007-12-31": "6.33%", "2007-09-30": "8.28%", "2007-06-30": "8.95%", "2007-03-31": "9.40%", "2006-12-31": "10.09%", "2006-09-30": "10.28%", "2006-06-30": "9.95%", "2006-03-31": "9.68%", "2005-12-31": "9.57%"}, "return on tangible equity": {"2020-09-30": "11.53%", "2020-06-30": "12.58%", "2020-03-31": "14.72%", "2019-12-31": "16.71%", "2019-09-30": "17.29%", "2019-06-30": "17.84%", "2019-03-31": "18.07%", "2018-12-31": "16.85%", "2018-09-30": "14.55%", "2018-06-30": "12.78%", "2018-03-31": "11.61%", "2017-12-31": "11.46%", "2017-09-30": "11.46%", "2017-06-30": "11.38%", "2017-03-31": "10.93%", "2016-12-31": "10.45%", "2016-09-30": "10.02%", "2016-06-30": "9.89%", "2016-03-31": "10.04%", "2015-12-31": "10.14%", "2015-09-30": "10.95%", "2015-06-30": "11.09%", "2015-03-31": "11.23%", "2014-12-31": "11.37%", "2014-09-30": "11.12%", "2014-06-30": "11.88%", "2014-03-31": "13.35%", "2013-12-31": "14.64%", "2013-09-30": "16.30%", "2013-06-30": "16.97%", "2013-03-31": "15.95%", "2012-12-31": "15.54%", "2012-09-30": "13.70%", "2012-06-30": "12.21%", "2012-03-31": "13.96%", "2011-12-31": "14.56%", "2011-09-30": "16.32%", "2011-06-30": "17.42%", "2011-03-31": "15.73%", "2010-12-31": "15.09%", "2010-09-30": "14.13%", "2010-06-30": "13.19%", "2010-03-31": "10.47%", "2009-12-31": "8.80%", "2009-09-30": "8.58%", "2009-06-30": "8.45%", "2009-03-31": "12.44%", "2008-12-31": "17.57%", "2008-09-30": "16.92%", "2008-06-30": "20.28%", "2008-03-31": "22.14%", "2007-12-31": "21.21%", "2007-09-30": "25.84%", "2007-06-30": "26.53%", "2007-03-31": "27.05%", "2006-12-31": "28.46%", "2006-09-30": "28.81%", "2006-06-30": "28.52%", "2006-03-31": "27.97%", "2005-12-31": "28.17%"}, "dividend yield history": {"last payout": "$4.40", "last yield": "3.08%"}}