{"ticker": "NBR", "price": {"title": "Nabors Industries Historical Annual Stock Price Data", "value": 78.12, "historical": {"2021": {"Average Stock Price": "66.9683", "Year Open": "60.6200", "Year High": "78.1200", "Year Low": "57.3400", "Year Close": "78.1200", "Annual % Change": "34.16%"}, "2020": {"Average Stock Price": "50.0193", "Year Open": "148.0000", "Year High": "166.5000", "Year Low": "10.2700", "Year Close": "58.2300", "Annual % Change": "-59.56%"}, "2019": {"Average Stock Price": "132.8789", "Year Open": "109.5000", "Year High": "200.5000", "Year Low": "78.0000", "Year Close": "144.0000", "Annual % Change": "44.00%"}, "2018": {"Average Stock Price": "314.8785", "Year Open": "343.5000", "Year High": "430.5000", "Year Low": "94.5000", "Year Close": "100.0000", "Annual % Change": "-70.72%"}, "2017": {"Average Stock Price": "487.1056", "Year Open": "840.5000", "Year High": "909.5000", "Year Low": "274.0000", "Year Close": "341.5000", "Annual % Change": "-58.35%"}, "2016": {"Average Stock Price": "511.0635", "Year Open": "432.0000", "Year High": "874.5000", "Year Low": "276.5000", "Year Close": "820.0000", "Annual % Change": "92.71%"}, "2015": {"Average Stock Price": "603.5179", "Year Open": "624.5000", "Year High": "835.0000", "Year Low": "386.5000", "Year Close": "425.5000", "Annual % Change": "-34.44%"}, "2014": {"Average Stock Price": "1103.3254", "Year Open": "845.5000", "Year High": "1502.0000", "Year Low": "500.0000", "Year Close": "649.0000", "Annual % Change": "-23.60%"}, "2013": {"Average Stock Price": "807.9722", "Year Open": "740.0000", "Year High": "907.0000", "Year Low": "725.0000", "Year Close": "849.5000", "Annual % Change": "17.58%"}, "2012": {"Average Stock Price": "787.3130", "Year Open": "951.0000", "Year High": "1115.5000", "Year Low": "632.5000", "Year Close": "722.5000", "Annual % Change": "-16.67%"}, "2011": {"Average Stock Price": "1136.1667", "Year Open": "1167.5000", "Year High": "1603.0000", "Year Low": "587.0000", "Year Close": "867.0000", "Annual % Change": "-26.09%"}, "2010": {"Average Stock Price": "1018.4504", "Year Open": "1159.5000", "Year High": "1343.5000", "Year Low": "782.0000", "Year Close": "1173.0000", "Annual % Change": "7.17%"}, "2009": {"Average Stock Price": "826.9266", "Year Open": "663.5000", "Year High": "1173.0000", "Year Low": "425.0000", "Year Close": "1094.5000", "Annual % Change": "82.87%"}, "2008": {"Average Stock Price": "1497.0455", "Year Open": "1413.0000", "Year High": "2488.5000", "Year Low": "511.0000", "Year Close": "598.5000", "Annual % Change": "-56.30%"}, "2007": {"Average Stock Price": "1525.1992", "Year Open": "1402.5000", "Year High": "1804.0000", "Year Low": "1321.0000", "Year Close": "1369.5000", "Annual % Change": "-8.03%"}, "2006": {"Average Stock Price": "1690.7371", "Year Open": "1961.2500", "Year High": "2057.7500", "Year Low": "1384.5000", "Year Close": "1489.0000", "Annual % Change": "-21.37%"}, "2005": {"Average Stock Price": "1543.9960", "Year Open": "1223.5000", "Year High": "1971.7500", "Year Low": "1175.0000", "Year Close": "1893.7500", "Annual % Change": "47.69%"}, "2004": {"Average Stock Price": "1145.8919", "Year Open": "1038.7500", "Year High": "1341.2500", "Year Low": "1007.5000", "Year Close": "1282.2500", "Annual % Change": "23.59%"}, "2003": {"Average Stock Price": "967.8621", "Year Open": "917.2500", "Year High": "1137.5000", "Year Low": "789.2500", "Year Close": "1037.5000", "Annual % Change": "17.66%"}, "2002": {"Average Stock Price": "899.7351", "Year Open": "825.7500", "Year High": "1217.5000", "Year Low": "663.0000", "Year Close": "881.7500", "Annual % Change": "2.74%"}, "2001": {"Average Stock Price": "1042.6996", "Year Open": "1421.2500", "Year High": "1562.7500", "Year Low": "466.5000", "Year Close": "858.2500", "Annual % Change": "-41.96%"}, "2000": {"Average Stock Price": "1082.2986", "Year Open": "734.5000", "Year High": "1489.5000", "Year Low": "720.2500", "Year Close": "1478.7500", "Annual % Change": "91.18%"}, "1999": {"Average Stock Price": "536.2946", "Year Open": "361.0000", "Year High": "779.7500", "Year Low": "270.2500", "Year Close": "773.5000", "Annual % Change": "128.17%"}, "1998": {"Average Stock Price": "494.9196", "Year Open": "764.0000", "Year High": "764.0000", "Year Low": "295.2500", "Year Close": "339.0000", "Annual % Change": "-57.13%"}, "1997": {"Average Stock Price": "697.5296", "Year Open": "468.7500", "Year High": "1165.7500", "Year Low": "372.0000", "Year Close": "790.7500", "Annual % Change": "64.31%"}, "1996": {"Average Stock Price": "377.9006", "Year Open": "275.0000", "Year High": "525.0000", "Year Low": "259.5000", "Year Close": "481.2500", "Annual % Change": "71.11%"}, "1995": {"Average Stock Price": "210.2639", "Year Open": "165.5000", "Year High": "284.5000", "Year Low": "153.0000", "Year Close": "281.2500", "Annual % Change": "73.08%"}, "1994": {"Average Stock Price": "170.5744", "Year Open": "190.5000", "Year High": "197.0000", "Year Low": "147.0000", "Year Close": "162.5000", "Annual % Change": "-19.95%"}, "1993": {"Average Stock Price": "212.0306", "Year Open": "162.5000", "Year High": "265.5000", "Year Low": "156.2500", "Year Close": "203.0000", "Annual % Change": "24.92%"}, "1992": {"Average Stock Price": "172.1319", "Year Open": "162.5000", "Year High": "203.0000", "Year Low": "140.5000", "Year Close": "162.5000", "Annual % Change": "4.00%"}}}, "market cap": {"value": "$0.57B"}, "income statement": {"Revenue": {"2019-12-31": "3053.59600", "2018-12-31": "3048.12100", "2017-12-31": "2565.48600", "2016-12-31": "2007.10800", "2015-12-31": "3791.66400", "2014-12-31": "6809.72700", "2013-12-31": "6248.63100", "2012-12-31": "6617.47000", "2011-12-31": "6118.86700", "2010-12-31": "4175.01300", "2009-12-31": "3532.31000", "2008-12-31": "5336.40600", "2007-12-31": "4940.68100", "2006-12-31": "4829.84100", "2005-12-31": "3485.57100"}, "Cost Of Goods Sold": {"2019-12-31": "1929.33100", "2018-12-31": "1976.97400", "2017-12-31": "1718.06900", "2016-12-31": "1344.29800", "2015-12-31": "2371.43600", "2014-12-31": "4505.06400", "2013-12-31": "3981.82800", "2012-12-31": "4367.10600", "2011-12-31": "3738.50600", "2010-12-31": "2400.51900", "2009-12-31": "1981.50400", "2008-12-31": "3100.61300", "2007-12-31": "2764.55900", "2006-12-31": "2511.39200", "2005-12-31": "1958.53800"}, "Gross Profit": {"2019-12-31": "1124.26500", "2018-12-31": "1071.14700", "2017-12-31": "847.41710", "2016-12-31": "662.81010", "2015-12-31": "1420.22800", "2014-12-31": "2304.66300", "2013-12-31": "2266.80300", "2012-12-31": "2250.36400", "2011-12-31": "2380.36100", "2010-12-31": "1774.49400", "2009-12-31": "1550.80600", "2008-12-31": "2235.79300", "2007-12-31": "2176.12200", "2006-12-31": "2318.44900", "2005-12-31": "1527.03300"}, "Research And Development Expenses": {"2019-12-31": "50.35900", "2018-12-31": "56.14700", "2017-12-31": "51.06900", "2016-12-31": "33.58200", "2015-12-31": "41.25300", "2014-12-31": "49.69800", "2013-12-31": "45.44000", "2012-12-31": "", "2011-12-31": "", "2010-12-31": "", "2009-12-31": "", "2008-12-31": "", "2007-12-31": "", "2006-12-31": "", "2005-12-31": ""}, "SG&A Expenses": {"2019-12-31": "258.73100", "2018-12-31": "265.82200", "2017-12-31": "251.18400", "2016-12-31": "227.63900", "2015-12-31": "324.32800", "2014-12-31": "500.03600", "2013-12-31": "479.89000", "2012-12-31": "527.95300", "2011-12-31": "487.80800", "2010-12-31": "338.72000", "2009-12-31": "421.49200", "2008-12-31": "479.19400", "2007-12-31": "436.28200", "2006-12-31": "416.61000", "2005-12-31": "247.12900"}, "Other Operating Income Or Expenses": {"2019-12-31": "-323.69500", "2018-12-31": "-173.97800", "2017-12-31": "-59.41600", "2016-12-31": "-542.67300", "2015-12-31": "-329.79500", "2014-12-31": "-1036.49600", "2013-12-31": "-325.21800", "2012-12-31": "-153.62400", "2011-12-31": "-202.54600", "2010-12-31": "-108.53000", "2009-12-31": "-130.52500", "2008-12-31": "-191.95200", "2007-12-31": "-52.33200", "2006-12-31": "-24.11800", "2005-12-31": "-45.95200"}, "Operating Expenses": {"2019-12-31": "3642.51800", "2018-12-31": "3566.91500", "2017-12-31": "3145.57000", "2016-12-31": "3205.18300", "2015-12-31": "4219.19900", "2014-12-31": "7414.34300", "2013-12-31": "6142.47100", "2012-12-31": "6340.51000", "2011-12-31": "5603.61400", "2010-12-31": "3881.44300", "2009-12-31": "3463.52600", "2008-12-31": "4605.15200", "2007-12-31": "3908.92700", "2006-12-31": "3401.93900", "2005-12-31": "2628.41600"}, "Operating Income": {"2019-12-31": "-588.92210", "2018-12-31": "-518.79390", "2017-12-31": "-580.08400", "2016-12-31": "-1198.07500", "2015-12-31": "-427.53470", "2014-12-31": "-604.61570", "2013-12-31": "106.16020", "2012-12-31": "276.96040", "2011-12-31": "515.25340", "2010-12-31": "293.57030", "2009-12-31": "68.78440", "2008-12-31": "731.25340", "2007-12-31": "1031.75400", "2006-12-31": "1427.90200", "2005-12-31": "857.15530"}, "Total Non-Operating Income/Expense": {"2019-12-31": "", "2018-12-31": "", "2017-12-31": "", "2016-12-31": "", "2015-12-31": "", "2014-12-31": "", "2013-12-31": "", "2012-12-31": "", "2011-12-31": "", "2010-12-31": "", "2009-12-31": "", "2008-12-31": "", "2007-12-31": "", "2006-12-31": "", "2005-12-31": ""}, "Pre-Tax Income": {"2019-12-31": "-588.92200", "2018-12-31": "-518.79400", "2017-12-31": "-580.08400", "2016-12-31": "-1198.07500", "2015-12-31": "-427.53500", "2014-12-31": "-604.61500", "2013-12-31": "106.16000", "2012-12-31": "276.96000", "2011-12-31": "515.25300", "2010-12-31": "293.57000", "2009-12-31": "68.78400", "2008-12-31": "731.25400", "2007-12-31": "1031.75400", "2006-12-31": "1427.90200", "2005-12-31": "857.15500"}, "Income Taxes": {"2019-12-31": "91.57600", "2018-12-31": "79.26900", "2017-12-31": "-82.97000", "2016-12-31": "-186.83100", "2015-12-31": "-98.03800", "2014-12-31": "62.66600", "2013-12-31": "-55.18100", "2012-12-31": "40.98600", "2011-12-31": "165.08300", "2010-12-31": "36.95000", "2009-12-31": "-63.93700", "2008-12-31": "209.66000", "2007-12-31": "201.49600", "2006-12-31": "434.89300", "2005-12-31": "219.00000"}, "Income After Taxes": {"2019-12-31": "-680.49800", "2018-12-31": "-598.06300", "2017-12-31": "-497.11400", "2016-12-31": "-1011.24400", "2015-12-31": "-329.49700", "2014-12-31": "-667.28100", "2013-12-31": "161.34100", "2012-12-31": "235.97400", "2011-12-31": "350.17000", "2010-12-31": "256.62000", "2009-12-31": "132.72100", "2008-12-31": "521.59400", "2007-12-31": "830.25810", "2006-12-31": "993.00900", "2005-12-31": "638.15500"}, "Other Income": {"2019-12-31": "", "2018-12-31": "", "2017-12-31": "", "2016-12-31": "", "2015-12-31": "", "2014-12-31": "", "2013-12-31": "", "2012-12-31": "", "2011-12-31": "", "2010-12-31": "", "2009-12-31": "", "2008-12-31": "", "2007-12-31": "", "2006-12-31": "", "2005-12-31": ""}, "Income From Continuous Operations": {"2019-12-31": "-680.49800", "2018-12-31": "-598.06300", "2017-12-31": "-497.11400", "2016-12-31": "-1011.24400", "2015-12-31": "-329.49700", "2014-12-31": "-669.26500", "2013-12-31": "158.34100", "2012-12-31": "232.97400", "2011-12-31": "347.17000", "2010-12-31": "255.87000", "2009-12-31": "132.72100", "2008-12-31": "521.59400", "2007-12-31": "830.25800", "2006-12-31": "993.00900", "2005-12-31": "638.15500"}, "Income From Discontinued Operations": {"2019-12-31": "-0.01200", "2018-12-31": "-14.66300", "2017-12-31": "-43.51900", "2016-12-31": "-18.36300", "2015-12-31": "-42.79700", "2014-12-31": "0.02100", "2013-12-31": "-11.17900", "2012-12-31": "-67.52600", "2011-12-31": "-97.60100", "2010-12-31": "-161.09000", "2009-12-31": "-218.60900", "2008-12-31": "-41.93000", "2007-12-31": "35.02400", "2006-12-31": "27.72700", "2005-12-31": "10.54000"}, "Net Income": {"2019-12-31": "-720.12900", "2018-12-31": "-653.25300", "2017-12-31": "-546.81100", "2016-12-31": "-1029.74200", "2015-12-31": "-372.67500", "2014-12-31": "-670.65900", "2013-12-31": "139.98200", "2012-12-31": "164.82700", "2011-12-31": "248.52400", "2010-12-31": "94.69500", "2009-12-31": "-85.54600", "2008-12-31": "475.73700", "2007-12-31": "865.70200", "2006-12-31": "1020.73600", "2005-12-31": "648.69500"}, "EBITDA": {"2019-12-31": "522.42300", "2018-12-31": "609.05200", "2017-12-31": "515.82700", "2016-12-31": "-131.96410", "2015-12-31": "734.97030", "2014-12-31": "729.00330", "2013-12-31": "1457.98100", "2012-12-31": "1593.39600", "2011-12-31": "1776.04500", "2010-12-31": "1437.40300", "2009-12-31": "1108.68300", "2008-12-31": "1699.88800", "2007-12-31": "1828.92200", "2006-12-31": "1895.27200", "2005-12-31": "1266.76400"}, "EBIT": {"2019-12-31": "-384.61110", "2018-12-31": "-291.67000", "2017-12-31": "-357.19500", "2016-12-31": "-1012.71500", "2015-12-31": "-245.60670", "2014-12-31": "-426.66770", "2013-12-31": "329.57820", "2012-12-31": "528.86440", "2011-12-31": "771.88540", "2010-12-31": "566.28230", "2009-12-31": "334.83140", "2008-12-31": "927.97140", "2007-12-31": "1186.67400", "2006-12-31": "1474.48800", "2005-12-31": "902.00430"}, "Basic Shares Outstanding": {"2019-12-31": "7.03230", "2018-12-31": "6.68790", "2017-12-31": "5.61310", "2016-12-31": "5.52950", "2015-12-31": "5.65960", "2014-12-31": "5.81390", "2013-12-31": "5.88360", "2012-12-31": "5.79930", "2011-12-31": "5.74240", "2010-12-31": "5.70290", "2009-12-31": "5.66650", "2008-12-31": "5.63240", "2007-12-31": "5.62480", "2006-12-31": "5.80480", "2005-12-31": "6.24270"}, "Shares Outstanding": {"2019-12-31": "7.03230", "2018-12-31": "6.68790", "2017-12-31": "5.61310", "2016-12-31": "5.52950", "2015-12-31": "5.65960", "2014-12-31": "5.81390", "2013-12-31": "5.93180", "2012-12-31": "5.84650", "2011-12-31": "5.84970", "2010-12-31": "5.79990", "2009-12-31": "5.73000", "2008-12-31": "5.76470", "2007-12-31": "5.76450", "2006-12-31": "5.99650", "2005-12-31": "6.48760"}, "Basic EPS": {"2019-12-31": "-105.50000", "2018-12-31": "-99.50000", "2017-12-31": "-95.00000", "2016-12-31": "-182.00000", "2015-12-31": "-64.50000", "2014-12-31": "-114.00000", "2013-12-31": "23.50000", "2012-12-31": "28.50000", "2011-12-31": "43.50000", "2010-12-31": "16.50000", "2009-12-31": "-15.00000", "2008-12-31": "84.50000", "2007-12-31": "154.00000", "2006-12-31": "176.00000", "2005-12-31": "104.00000"}, "EPS - Earnings Per Share": {"2019-12-31": "-105.50000", "2018-12-31": "-99.50000", "2017-12-31": "-95.00000", "2016-12-31": "-182.00000", "2015-12-31": "-64.50000", "2014-12-31": "-114.00000", "2013-12-31": "23.50000", "2012-12-31": "28.00000", "2011-12-31": "42.50000", "2010-12-31": "16.50000", "2009-12-31": "-15.00000", "2008-12-31": "82.50000", "2007-12-31": "150.00000", "2006-12-31": "170.00000", "2005-12-31": "100.00000"}}, "income statement, quarterly": {"Revenue": {"2020-09-30": "437.61000", "2020-06-30": "535.96700", "2020-03-31": "715.16600", "2019-12-31": "715.77000", "2019-09-30": "756.63900", "2019-06-30": "771.87500", "2019-03-31": "809.31200", "2018-12-31": "776.62210", "2018-09-30": "778.08300", "2018-06-30": "758.75500", "2018-03-31": "734.66100", "2017-12-31": "709.26410", "2017-09-30": "662.48000", "2017-06-30": "630.46900", "2017-03-31": "563.27300", "2016-12-31": "539.21200", "2016-09-30": "520.04100", "2016-06-30": "517.09200", "2016-03-31": "430.76300", "2015-12-31": "693.68480", "2015-09-30": "812.43100", "2015-06-30": "863.37000", "2015-03-31": "1422.17800", "2014-12-31": "1785.00300", "2014-09-30": "1813.10000", "2014-06-30": "1623.47100", "2014-03-31": "1588.15300", "2013-12-31": "1606.49600", "2013-09-30": "1550.19400", "2013-06-30": "1474.14700", "2013-03-31": "1617.79400", "2012-12-31": "1529.69200", "2012-09-30": "1637.60400", "2012-06-30": "1608.16500", "2012-03-31": "1842.00900", "2011-12-31": "1721.81600", "2011-09-30": "1642.95400", "2011-06-30": "1351.97500", "2011-03-31": "1402.12200", "2010-12-31": "1291.02400", "2010-09-30": "1080.37000", "2010-06-30": "907.18800", "2010-03-31": "896.43100", "2009-12-31": "707.06400", "2009-09-30": "804.49700", "2009-06-30": "877.99000", "2009-03-31": "1142.75900", "2008-12-31": "1271.13300", "2008-09-30": "1440.26000", "2008-06-30": "1303.42400", "2008-03-31": "1321.58900", "2007-12-31": "1309.14800", "2007-09-30": "1225.52200", "2007-06-30": "1128.84800", "2007-03-31": "1277.16300", "2006-12-31": "1247.43500", "2006-09-30": "1256.11300", "2006-06-30": "1144.09800", "2006-03-31": "1182.19500", "2005-12-31": "981.41010", "2005-09-30": "920.52300", "2005-06-30": "786.11900", "2005-03-31": "797.51900"}, "Cost Of Goods Sold": {"2020-09-30": "270.39700", "2020-06-30": "326.55700", "2020-03-31": "461.84000", "2019-12-31": "436.24910", "2019-09-30": "475.46100", "2019-06-30": "496.66400", "2019-03-31": "520.95700", "2018-12-31": "510.40200", "2018-09-30": "497.19400", "2018-06-30": "493.97500", "2018-03-31": "475.40300", "2017-12-31": "471.64090", "2017-09-30": "441.26300", "2017-06-30": "417.52100", "2017-03-31": "387.64400", "2016-12-31": "331.55990", "2016-09-30": "306.43600", "2016-06-30": "341.27900", "2016-03-31": "365.02300", "2015-12-31": "445.13000", "2015-09-30": "518.17400", "2015-06-30": "488.52200", "2015-03-31": "919.61000", "2014-12-31": "1194.84400", "2014-09-30": "1181.98600", "2014-06-30": "1066.49500", "2014-03-31": "1061.73900", "2013-12-31": "1032.84100", "2013-09-30": "981.68500", "2013-06-30": "972.31000", "2013-03-31": "994.99200", "2012-12-31": "952.00180", "2012-09-30": "1107.03200", "2012-06-30": "1123.25600", "2012-03-31": "1184.81600", "2011-12-31": "1050.53600", "2011-09-30": "1019.41200", "2011-06-30": "827.45000", "2011-03-31": "841.10800", "2010-12-31": "752.23000", "2010-09-30": "625.56100", "2010-06-30": "517.53100", "2010-03-31": "505.19700", "2009-12-31": "431.01500", "2009-09-30": "431.28000", "2009-06-30": "453.92200", "2009-03-31": "665.28700", "2008-12-31": "807.13210", "2008-09-30": "805.53300", "2008-06-30": "740.17800", "2008-03-31": "747.77000", "2007-12-31": "721.10010", "2007-09-30": "722.05800", "2007-06-30": "637.10400", "2007-03-31": "684.29700", "2006-12-31": "648.28410", "2006-09-30": "654.26500", "2006-06-30": "594.22600", "2006-03-31": "614.61700", "2005-12-31": "528.77600", "2005-09-30": "500.55200", "2005-06-30": "454.58400", "2005-03-31": "474.62600"}, "Gross Profit": {"2020-09-30": "167.21300", "2020-06-30": "209.41000", "2020-03-31": "253.32600", "2019-12-31": "279.52090", "2019-09-30": "281.17800", "2019-06-30": "275.21100", "2019-03-31": "288.35500", "2018-12-31": "266.22000", "2018-09-30": "280.88900", "2018-06-30": "264.78000", "2018-03-31": "259.25800", "2017-12-31": "237.62320", "2017-09-30": "221.21700", "2017-06-30": "212.94800", "2017-03-31": "175.62900", "2016-12-31": "207.65210", "2016-09-30": "213.60500", "2016-06-30": "175.81300", "2016-03-31": "65.74000", "2015-12-31": "248.55480", "2015-09-30": "294.25700", "2015-06-30": "374.84800", "2015-03-31": "502.56800", "2014-12-31": "590.15910", "2014-09-30": "631.11400", "2014-06-30": "556.97600", "2014-03-31": "526.41390", "2013-12-31": "573.65530", "2013-09-30": "568.50900", "2013-06-30": "501.83700", "2013-03-31": "622.80190", "2012-12-31": "577.69030", "2012-09-30": "530.57200", "2012-06-30": "484.90910", "2012-03-31": "657.19300", "2011-12-31": "671.27970", "2011-09-30": "623.54200", "2011-06-30": "524.52500", "2011-03-31": "561.01400", "2010-12-31": "538.79410", "2010-09-30": "454.80900", "2010-06-30": "389.65700", "2010-03-31": "391.23400", "2009-12-31": "276.04900", "2009-09-30": "373.21700", "2009-06-30": "424.06800", "2009-03-31": "477.47200", "2008-12-31": "464.00060", "2008-09-30": "634.72700", "2008-06-30": "563.24600", "2008-03-31": "573.81900", "2007-12-31": "588.04800", "2007-09-30": "503.46400", "2007-06-30": "491.74400", "2007-03-31": "592.86600", "2006-12-31": "599.15080", "2006-09-30": "601.84800", "2006-06-30": "549.87200", "2006-03-31": "567.57790", "2005-12-31": "452.63410", "2005-09-30": "419.97100", "2005-06-30": "331.53500", "2005-03-31": "322.89300"}, "Research And Development Expenses": {"2020-09-30": "7.56500", "2020-06-30": "7.30500", "2020-03-31": "11.40900", "2019-12-31": "12.91500", "2019-09-30": "12.00400", "2019-06-30": "11.92000", "2019-03-31": "13.52000", "2018-12-31": "13.44400", "2018-09-30": "14.45800", "2018-06-30": "12.43900", "2018-03-31": "15.80600", "2017-12-31": "15.00900", "2017-09-30": "12.96000", "2017-06-30": "11.34300", "2017-03-31": "11.75700", "2016-12-31": "8.76400", "2016-09-30": "8.47600", "2016-06-30": "8.18000", "2016-03-31": "8.16200", "2015-12-31": "9.35400", "2015-09-30": "9.71600", "2015-06-30": "10.48000", "2015-03-31": "11.70300", "2014-12-31": "", "2014-09-30": "", "2014-06-30": "", "2014-03-31": "", "2013-12-31": "", "2013-09-30": "", "2013-06-30": "", "2013-03-31": "", "2012-12-31": "", "2012-09-30": "", "2012-06-30": "", "2012-03-31": "", "2011-12-31": "", "2011-09-30": "", "2011-06-30": "", "2011-03-31": "", "2010-12-31": "", "2010-09-30": "", "2010-06-30": "", "2010-03-31": "", "2009-12-31": "", "2009-09-30": "", "2009-06-30": "", "2009-03-31": "", "2008-12-31": "", "2008-09-30": "", "2008-06-30": "", "2008-03-31": "", "2007-12-31": "", "2007-09-30": "", "2007-06-30": "", "2007-03-31": "", "2006-12-31": "", "2006-09-30": "", "2006-06-30": "", "2006-03-31": "", "2005-12-31": "", "2005-09-30": "", "2005-06-30": "", "2005-03-31": ""}, "SG&A Expenses": {"2020-09-30": "46.16800", "2020-06-30": "46.24400", "2020-03-31": "57.38400", "2019-12-31": "62.57200", "2019-09-30": "63.57700", "2019-06-30": "64.41500", "2019-03-31": "68.16700", "2018-12-31": "56.61500", "2018-09-30": "66.81300", "2018-06-30": "67.82300", "2018-03-31": "74.57100", "2017-12-31": "59.07000", "2017-09-30": "65.01000", "2017-06-30": "63.69500", "2017-03-31": "63.40900", "2016-12-31": "52.60300", "2016-09-30": "56.07800", "2016-06-30": "56.62400", "2016-03-31": "62.33400", "2015-12-31": "61.05600", "2015-09-30": "72.03200", "2015-06-30": "75.81000", "2015-03-31": "115.43000", "2014-12-31": "93.17300", "2014-09-30": "138.96700", "2014-06-30": "133.63000", "2014-03-31": "134.26600", "2013-12-31": "89.86700", "2013-09-30": "127.94300", "2013-06-30": "131.20200", "2013-03-31": "130.87800", "2012-12-31": "127.31400", "2012-09-30": "130.68100", "2012-06-30": "133.61200", "2012-03-31": "136.34600", "2011-12-31": "129.45600", "2011-09-30": "119.43100", "2011-06-30": "122.97000", "2011-03-31": "115.95100", "2010-12-31": "95.76300", "2010-09-30": "87.19400", "2010-06-30": "80.33700", "2010-03-31": "75.42600", "2009-12-31": "68.70400", "2009-09-30": "81.63700", "2009-06-30": "163.80800", "2009-03-31": "107.34300", "2008-12-31": "128.31100", "2008-09-30": "122.64800", "2008-06-30": "116.91400", "2008-03-31": "111.32100", "2007-12-31": "116.45800", "2007-09-30": "105.97500", "2007-06-30": "99.95200", "2007-03-31": "113.89700", "2006-12-31": "147.20000", "2006-09-30": "92.78300", "2006-06-30": "87.83000", "2006-03-31": "88.79700", "2005-12-31": "62.80400", "2005-09-30": "65.87900", "2005-06-30": "59.80500", "2005-03-31": "58.64100"}, "Other Operating Income Or Expenses": {"2020-09-30": "-4.59200", "2020-06-30": "-27.05700", "2020-03-31": "-259.32400", "2019-12-31": "-187.09000", "2019-09-30": "-8.63400", "2019-06-30": "-110.46900", "2019-03-31": "-17.50200", "2018-12-31": "-59.38100", "2018-09-30": "-22.90700", "2018-06-30": "-77.60100", "2018-03-31": "-14.08900", "2017-12-31": "-30.24300", "2017-09-30": "-5.55900", "2017-06-30": "-10.10400", "2017-03-31": "-13.51000", "2016-12-31": "-275.27000", "2016-09-30": "-10.39200", "2016-06-30": "-74.60700", "2016-03-31": "-182.40400", "2015-12-31": "-124.56800", "2015-09-30": "-259.73100", "2015-06-30": "-1.33800", "2015-03-31": "55.84200", "2014-12-31": "-1020.02900", "2014-09-30": "1.51300", "2014-06-30": "-16.50400", "2014-03-31": "-1.47600", "2013-12-31": "-10.73200", "2013-09-30": "-245.50700", "2013-06-30": "-9.24200", "2013-03-31": "-59.73700", "2012-12-31": "15.66900", "2012-09-30": "-10.21600", "2012-06-30": "-160.91700", "2012-03-31": "1.84000", "2011-12-31": "-105.57400", "2011-09-30": "-86.46500", "2011-06-30": "-4.34800", "2011-03-31": "-6.15900", "2010-12-31": "55.36700", "2010-09-30": "-132.50600", "2010-06-30": "-11.02400", "2010-03-31": "-20.36700", "2009-12-31": "97.51700", "2009-09-30": "-10.51600", "2009-06-30": "-233.77200", "2009-03-31": "16.24600", "2008-12-31": "-169.82200", "2008-09-30": "-10.87500", "2008-06-30": "-3.15800", "2008-03-31": "-8.09700", "2007-12-31": "-47.55700", "2007-09-30": "-30.52400", "2007-06-30": "39.63400", "2007-03-31": "-13.88500", "2006-12-31": "-11.79700", "2006-09-30": "-4.07600", "2006-06-30": "-4.21600", "2006-03-31": "-4.02900", "2005-12-31": "-22.17400", "2005-09-30": "-15.68400", "2005-06-30": "-4.22300", "2005-03-31": "-3.87100"}, "Operating Expenses": {"2020-09-30": "587.98700", "2020-06-30": "669.48900", "2020-03-31": "1071.74200", "2019-12-31": "973.82710", "2019-09-30": "832.52400", "2019-06-30": "953.27800", "2019-03-31": "882.88900", "2018-12-31": "920.21610", "2018-09-30": "861.30400", "2018-06-30": "930.69200", "2018-03-31": "854.70290", "2017-12-31": "847.14500", "2017-09-30": "796.47410", "2017-06-30": "765.44100", "2017-03-31": "736.51010", "2016-12-31": "931.94090", "2016-09-30": "648.93100", "2016-06-30": "744.84000", "2016-03-31": "879.47090", "2015-12-31": "917.65480", "2015-09-30": "1144.20800", "2015-06-30": "838.81500", "2015-03-31": "1318.52100", "2014-12-31": "2695.01400", "2014-09-30": "1649.15900", "2014-06-30": "1545.75200", "2014-03-31": "1524.41800", "2013-12-31": "1503.61300", "2013-09-30": "1684.63800", "2013-06-30": "1439.23700", "2013-03-31": "1514.98300", "2012-12-31": "1391.31100", "2012-09-30": "1577.34200", "2012-06-30": "1742.26000", "2012-03-31": "1629.59700", "2011-12-31": "1580.20200", "2011-09-30": "1517.45300", "2011-06-30": "1243.56500", "2011-03-31": "1262.39400", "2010-12-31": "1066.53500", "2010-09-30": "1116.16300", "2010-06-30": "854.42300", "2010-03-31": "844.32200", "2009-12-31": "625.76660", "2009-09-30": "766.29900", "2009-06-30": "1086.09300", "2009-03-31": "985.36710", "2008-12-31": "1316.15000", "2008-09-30": "1159.45600", "2008-06-30": "1065.78100", "2008-03-31": "1063.76500", "2007-12-31": "1132.24700", "2007-09-30": "1009.62900", "2007-06-30": "831.68700", "2007-03-31": "935.36400", "2006-12-31": "929.19980", "2006-09-30": "868.53600", "2006-06-30": "794.29910", "2006-03-31": "809.90400", "2005-12-31": "709.39780", "2005-09-30": "678.33200", "2005-06-30": "612.27000", "2005-03-31": "628.41600"}, "Operating Income": {"2020-09-30": "-150.37700", "2020-06-30": "-133.52200", "2020-03-31": "-356.57590", "2019-12-31": "-258.05710", "2019-09-30": "-75.88510", "2019-06-30": "-181.40300", "2019-03-31": "-73.57700", "2018-12-31": "-143.59410", "2018-09-30": "-83.22100", "2018-06-30": "-171.93700", "2018-03-31": "-120.04190", "2017-12-31": "-137.88090", "2017-09-30": "-133.99410", "2017-06-30": "-134.97200", "2017-03-31": "-173.23710", "2016-12-31": "-392.72890", "2016-09-30": "-128.89000", "2016-06-30": "-227.74800", "2016-03-31": "-448.70790", "2015-12-31": "-223.97000", "2015-09-30": "-331.77700", "2015-06-30": "24.55500", "2015-03-31": "103.65700", "2014-12-31": "-910.01060", "2014-09-30": "163.94100", "2014-06-30": "77.71900", "2014-03-31": "63.73500", "2013-12-31": "102.88280", "2013-09-30": "-134.44400", "2013-06-30": "34.91000", "2013-03-31": "102.81100", "2012-12-31": "138.38120", "2012-09-30": "60.26210", "2012-06-30": "-134.09500", "2012-03-31": "212.41200", "2011-12-31": "141.61440", "2011-09-30": "125.50100", "2011-06-30": "108.40990", "2011-03-31": "139.72790", "2010-12-31": "224.48930", "2010-09-30": "-35.79300", "2010-06-30": "52.76500", "2010-03-31": "52.10900", "2009-12-31": "81.29740", "2009-09-30": "38.19800", "2009-06-30": "-208.10290", "2009-03-31": "157.39200", "2008-12-31": "-45.01750", "2008-09-30": "280.80410", "2008-06-30": "237.64290", "2008-03-31": "257.82390", "2007-12-31": "176.90100", "2007-09-30": "215.89300", "2007-06-30": "297.16100", "2007-03-31": "341.79900", "2006-12-31": "318.23520", "2006-09-30": "387.57700", "2006-06-30": "349.79900", "2006-03-31": "372.29100", "2005-12-31": "272.01230", "2005-09-30": "242.19100", "2005-06-30": "173.84900", "2005-03-31": "169.10300"}, "Total Non-Operating Income/Expense": {"2020-09-30": "", "2020-06-30": "", "2020-03-31": "", "2019-12-31": "", "2019-09-30": "", "2019-06-30": "", "2019-03-31": "", "2018-12-31": "", "2018-09-30": "", "2018-06-30": "", "2018-03-31": "", "2017-12-31": "", "2017-09-30": "", "2017-06-30": "", "2017-03-31": "", "2016-12-31": "", "2016-09-30": "", "2016-06-30": "", "2016-03-31": "", "2015-12-31": "", "2015-09-30": "", "2015-06-30": "", "2015-03-31": "", "2014-12-31": "", "2014-09-30": "", "2014-06-30": "", "2014-03-31": "", "2013-12-31": "", "2013-09-30": "", "2013-06-30": "", "2013-03-31": "", "2012-12-31": "", "2012-09-30": "", "2012-06-30": "", "2012-03-31": "", "2011-12-31": "", "2011-09-30": "", "2011-06-30": "", "2011-03-31": "", "2010-12-31": "", "2010-09-30": "", "2010-06-30": "", "2010-03-31": "", "2009-12-31": "", "2009-09-30": "", "2009-06-30": "", "2009-03-31": "", "2008-12-31": "", "2008-09-30": "", "2008-06-30": "", "2008-03-31": "", "2007-12-31": "", "2007-09-30": "", "2007-06-30": "", "2007-03-31": "", "2006-12-31": "", "2006-09-30": "", "2006-06-30": "", "2006-03-31": "", "2005-12-31": "", "2005-09-30": "", "2005-06-30": "", "2005-03-31": ""}, "Pre-Tax Income": {"2020-09-30": "-150.37700", "2020-06-30": "-133.52200", "2020-03-31": "-356.57600", "2019-12-31": "-258.05700", "2019-09-30": "-75.88500", "2019-06-30": "-181.40300", "2019-03-31": "-73.57700", "2018-12-31": "-143.59400", "2018-09-30": "-83.22100", "2018-06-30": "-171.93700", "2018-03-31": "-120.04200", "2017-12-31": "-137.88100", "2017-09-30": "-133.99400", "2017-06-30": "-134.97200", "2017-03-31": "-173.23700", "2016-12-31": "-392.72890", "2016-09-30": "-128.89000", "2016-06-30": "-227.74800", "2016-03-31": "-448.70800", "2015-12-31": "-223.97000", "2015-09-30": "-331.77700", "2015-06-30": "24.55500", "2015-03-31": "103.65700", "2014-12-31": "-910.00990", "2014-09-30": "163.94100", "2014-06-30": "77.71900", "2014-03-31": "63.73500", "2013-12-31": "102.88300", "2013-09-30": "-134.44400", "2013-06-30": "34.91000", "2013-03-31": "102.81100", "2012-12-31": "138.38100", "2012-09-30": "60.26200", "2012-06-30": "-134.09500", "2012-03-31": "212.41200", "2011-12-31": "141.61400", "2011-09-30": "125.50100", "2011-06-30": "108.41000", "2011-03-31": "139.72800", "2010-12-31": "224.48900", "2010-09-30": "-35.79300", "2010-06-30": "52.76500", "2010-03-31": "52.10900", "2009-12-31": "81.29700", "2009-09-30": "38.19800", "2009-06-30": "-208.10300", "2009-03-31": "157.39200", "2008-12-31": "-45.01700", "2008-09-30": "280.80400", "2008-06-30": "237.64300", "2008-03-31": "257.82400", "2007-12-31": "176.90100", "2007-09-30": "215.89300", "2007-06-30": "297.16100", "2007-03-31": "341.79900", "2006-12-31": "318.23500", "2006-09-30": "387.57700", "2006-06-30": "349.79900", "2006-03-31": "372.29100", "2005-12-31": "272.01210", "2005-09-30": "242.19100", "2005-06-30": "173.84900", "2005-03-31": "169.10300"}, "Income Taxes": {"2020-09-30": "-3.69500", "2020-06-30": "4.44600", "2020-03-31": "17.69300", "2019-12-31": "26.47600", "2019-09-30": "23.90300", "2019-06-30": "11.39800", "2019-03-31": "29.79900", "2018-12-31": "21.95700", "2018-09-30": "10.48900", "2018-06-30": "23.27800", "2018-03-31": "23.54500", "2017-12-31": "-23.15600", "2017-09-30": "-14.70900", "2017-06-30": "-19.49600", "2017-03-31": "-25.60900", "2016-12-31": "-62.53300", "2016-09-30": "-31.05100", "2016-06-30": "-41.18300", "2016-03-31": "-52.06400", "2015-12-31": "-62.88000", "2015-09-30": "-80.89800", "2015-06-30": "66.44500", "2015-03-31": "-20.70500", "2014-12-31": "-23.60900", "2014-09-30": "61.51100", "2014-06-30": "10.75600", "2014-03-31": "14.00800", "2013-12-31": "-26.38300", "2013-09-30": "-44.68400", "2013-06-30": "6.03200", "2013-03-31": "9.85400", "2012-12-31": "13.11100", "2012-09-30": "-4.97700", "2012-06-30": "-36.19200", "2012-03-31": "69.04400", "2011-12-31": "46.32300", "2011-09-30": "37.56100", "2011-06-30": "36.77300", "2011-03-31": "44.42600", "2010-12-31": "23.79600", "2010-09-30": "-4.23000", "2010-06-30": "8.79400", "2010-03-31": "8.59000", "2009-12-31": "-66.83600", "2009-09-30": "-15.47700", "2009-06-30": "-14.89700", "2009-03-31": "33.27300", "2008-12-31": "15.82900", "2008-09-30": "86.82100", "2008-06-30": "61.23000", "2008-03-31": "45.78000", "2007-12-31": "20.15800", "2007-09-30": "20.13000", "2007-06-30": "76.29900", "2007-03-31": "84.90900", "2006-12-31": "100.20500", "2006-09-30": "102.79400", "2006-06-30": "116.36600", "2006-03-31": "115.52800", "2005-12-31": "71.93300", "2005-09-30": "63.33400", "2005-06-30": "42.04400", "2005-03-31": "41.68900"}, "Income After Taxes": {"2020-09-30": "-146.68200", "2020-06-30": "-137.96800", "2020-03-31": "-374.26900", "2019-12-31": "-284.53300", "2019-09-30": "-99.78800", "2019-06-30": "-192.80100", "2019-03-31": "-103.37600", "2018-12-31": "-165.55100", "2018-09-30": "-93.71000", "2018-06-30": "-195.21500", "2018-03-31": "-143.58700", "2017-12-31": "-114.72500", "2017-09-30": "-119.28500", "2017-06-30": "-115.47600", "2017-03-31": "-147.62800", "2016-12-31": "-330.19600", "2016-09-30": "-97.83900", "2016-06-30": "-186.56500", "2016-03-31": "-396.64400", "2015-12-31": "-161.09000", "2015-09-30": "-250.87900", "2015-06-30": "-41.89000", "2015-03-31": "124.36200", "2014-12-31": "-886.40100", "2014-09-30": "102.43000", "2014-06-30": "66.96300", "2014-03-31": "49.72700", "2013-12-31": "129.26600", "2013-09-30": "-89.76000", "2013-06-30": "28.87800", "2013-03-31": "92.95700", "2012-12-31": "125.27000", "2012-09-30": "65.23900", "2012-06-30": "-97.90300", "2012-03-31": "143.36800", "2011-12-31": "95.29100", "2011-09-30": "87.94000", "2011-06-30": "71.63700", "2011-03-31": "95.30200", "2010-12-31": "200.69300", "2010-09-30": "-31.56300", "2010-06-30": "43.97100", "2010-03-31": "43.51900", "2009-12-31": "148.13300", "2009-09-30": "53.67500", "2009-06-30": "-193.20600", "2009-03-31": "124.11900", "2008-12-31": "-60.84600", "2008-09-30": "193.98300", "2008-06-30": "176.41300", "2008-03-31": "212.04400", "2007-12-31": "156.74300", "2007-09-30": "195.76300", "2007-06-30": "220.86200", "2007-03-31": "256.89000", "2006-12-31": "218.02990", "2006-09-30": "284.78300", "2006-06-30": "233.43300", "2006-03-31": "256.76300", "2005-12-31": "200.07900", "2005-09-30": "178.85700", "2005-06-30": "131.80500", "2005-03-31": "127.41400"}, "Other Income": {"2020-09-30": "", "2020-06-30": "", "2020-03-31": "", "2019-12-31": "", "2019-09-30": "", "2019-06-30": "", "2019-03-31": "", "2018-12-31": "", "2018-09-30": "", "2018-06-30": "", "2018-03-31": "", "2017-12-31": "", "2017-09-30": "", "2017-06-30": "", "2017-03-31": "", "2016-12-31": "", "2016-09-30": "", "2016-06-30": "", "2016-03-31": "", "2015-12-31": "", "2015-09-30": "", "2015-06-30": "", "2015-03-31": "", "2014-12-31": "", "2014-09-30": "", "2014-06-30": "", "2014-03-31": "", "2013-12-31": "", "2013-09-30": "", "2013-06-30": "", "2013-03-31": "", "2012-12-31": "", "2012-09-30": "", "2012-06-30": "", "2012-03-31": "", "2011-12-31": "", "2011-09-30": "", "2011-06-30": "", "2011-03-31": "", "2010-12-31": "", "2010-09-30": "", "2010-06-30": "", "2010-03-31": "", "2009-12-31": "", "2009-09-30": "", "2009-06-30": "", "2009-03-31": "", "2008-12-31": "", "2008-09-30": "", "2008-06-30": "", "2008-03-31": "", "2007-12-31": "", "2007-09-30": "", "2007-06-30": "", "2007-03-31": "", "2006-12-31": "", "2006-09-30": "", "2006-06-30": "", "2006-03-31": "", "2005-12-31": "", "2005-09-30": "", "2005-06-30": "", "2005-03-31": ""}, "Income From Continuous Operations": {"2020-09-30": "-146.68200", "2020-06-30": "-137.96800", "2020-03-31": "-374.26900", "2019-12-31": "-284.53300", "2019-09-30": "-99.78800", "2019-06-30": "-192.80100", "2019-03-31": "-103.37600", "2018-12-31": "-165.55100", "2018-09-30": "-93.71000", "2018-06-30": "-195.21500", "2018-03-31": "-143.58700", "2017-12-31": "-114.72500", "2017-09-30": "-119.28500", "2017-06-30": "-115.47600", "2017-03-31": "-147.62800", "2016-12-31": "-330.19600", "2016-09-30": "-97.83900", "2016-06-30": "-186.56500", "2016-03-31": "-396.64400", "2015-12-31": "-161.09000", "2015-09-30": "-250.87900", "2015-06-30": "-41.89000", "2015-03-31": "124.36200", "2014-12-31": "-886.40100", "2014-09-30": "102.43000", "2014-06-30": "65.72900", "2014-03-31": "48.97700", "2013-12-31": "128.51600", "2013-09-30": "-90.51000", "2013-06-30": "28.12800", "2013-03-31": "92.20700", "2012-12-31": "124.52000", "2012-09-30": "64.48900", "2012-06-30": "-98.65300", "2012-03-31": "142.61800", "2011-12-31": "94.54100", "2011-09-30": "87.19000", "2011-06-30": "70.88700", "2011-03-31": "94.55200", "2010-12-31": "199.94300", "2010-09-30": "-31.56300", "2010-06-30": "43.97100", "2010-03-31": "43.51900", "2009-12-31": "148.13300", "2009-09-30": "53.67500", "2009-06-30": "-193.20600", "2009-03-31": "124.11900", "2008-12-31": "-60.84600", "2008-09-30": "193.98300", "2008-06-30": "176.41300", "2008-03-31": "212.04400", "2007-12-31": "156.74300", "2007-09-30": "195.76300", "2007-06-30": "220.86200", "2007-03-31": "256.89000", "2006-12-31": "218.02990", "2006-09-30": "284.78300", "2006-06-30": "233.43300", "2006-03-31": "256.76300", "2005-12-31": "200.07900", "2005-09-30": "178.85700", "2005-06-30": "131.80500", "2005-03-31": "127.41400"}, "Income From Discontinued Operations": {"2020-09-30": "0.02200", "2020-06-30": "0.02300", "2020-03-31": "-0.09300", "2019-12-31": "0.02200", "2019-09-30": "0.15700", "2019-06-30": "-0.03400", "2019-03-31": "-0.15700", "2018-12-31": "-0.07100", "2018-09-30": "-13.93300", "2018-06-30": "-0.58400", "2018-03-31": "-0.07500", "2017-12-31": "-0.44200", "2017-09-30": "-27.13400", "2017-06-30": "-15.50400", "2017-03-31": "-0.43900", "2016-12-31": "-4.26600", "2016-09-30": "-12.18700", "2016-06-30": "-0.98400", "2016-03-31": "-0.92600", "2015-12-31": "-1.73000", "2015-09-30": "-45.27500", "2015-06-30": "5.02500", "2015-03-31": "-0.81700", "2014-12-31": "-4.46700", "2014-09-30": "4.00500", "2014-06-30": "-1.03200", "2014-03-31": "1.51500", "2013-12-31": "23.11300", "2013-09-30": "-14.43000", "2013-06-30": "-26.87300", "2013-03-31": "7.01100", "2012-12-31": "-95.57600", "2012-09-30": "12.15500", "2012-06-30": "24.69000", "2012-03-31": "-8.79500", "2011-12-31": "-194.14600", "2011-09-30": "-12.22600", "2011-06-30": "121.16700", "2011-03-31": "-12.39600", "2010-12-31": "-148.16900", "2010-09-30": "-7.59100", "2010-06-30": "-0.90900", "2010-03-31": "-4.42100", "2009-12-31": "-195.35900", "2009-09-30": "-23.25000", "2009-06-30": "", "2009-03-31": "", "2008-12-31": "", "2008-09-30": "", "2008-06-30": "", "2008-03-31": "", "2007-12-31": "0.00000", "2007-09-30": "22.26500", "2007-06-30": "7.48700", "2007-03-31": "5.27200", "2006-12-31": "19.75900", "2006-09-30": "7.96800", "2006-06-30": "", "2006-03-31": "", "2005-12-31": "", "2005-09-30": "", "2005-06-30": "", "2005-03-31": ""}, "Net Income": {"2020-09-30": "-161.11800", "2020-06-30": "-151.76500", "2020-03-31": "-395.47900", "2019-12-31": "-266.99300", "2019-09-30": "-123.23800", "2019-06-30": "-207.87600", "2019-03-31": "-122.02200", "2018-12-31": "-187.73000", "2018-09-30": "-118.89000", "2018-06-30": "-202.43200", "2018-03-31": "-144.20100", "2017-12-31": "-116.34400", "2017-09-30": "-148.53200", "2017-06-30": "-132.95100", "2017-03-31": "-148.98400", "2016-12-31": "-335.58700", "2016-09-30": "-111.21100", "2016-06-30": "-184.65000", "2016-03-31": "-398.29400", "2015-12-31": "-163.65400", "2015-09-30": "-295.83400", "2015-06-30": "-36.82100", "2015-03-31": "123.63400", "2014-12-31": "-891.07000", "2014-09-30": "106.04800", "2014-06-30": "64.44400", "2014-03-31": "49.91900", "2013-12-31": "150.60300", "2013-09-30": "-105.38100", "2013-06-30": "-4.36100", "2013-03-31": "99.12100", "2012-12-31": "27.87000", "2012-09-30": "75.65600", "2012-06-30": "-72.78900", "2012-03-31": "134.09000", "2011-12-31": "-101.00500", "2011-09-30": "74.25600", "2011-06-30": "192.44800", "2011-03-31": "82.82500", "2010-12-31": "50.48100", "2010-09-30": "-39.60700", "2010-06-30": "43.62100", "2010-03-31": "40.20000", "2009-12-31": "-47.26000", "2009-09-30": "29.53000", "2009-06-30": "-192.98600", "2009-03-31": "125.17000", "2008-12-31": "-106.70300", "2008-09-30": "193.98300", "2008-06-30": "176.41300", "2008-03-31": "212.04400", "2007-12-31": "157.16300", "2007-09-30": "218.02800", "2007-06-30": "228.34900", "2007-03-31": "262.16200", "2006-12-31": "237.78900", "2006-09-30": "292.75100", "2006-06-30": "233.43300", "2006-03-31": "256.76300", "2005-12-31": "210.61900", "2005-09-30": "178.85700", "2005-06-30": "131.80500", "2005-03-31": "127.41400"}, "EBITDA": {"2020-09-30": "117.02790", "2020-06-30": "136.85800", "2020-03-31": "-66.63790", "2019-12-31": "24.67690", "2019-09-30": "204.29800", "2019-06-30": "96.54600", "2019-03-31": "196.90200", "2018-12-31": "146.70690", "2018-09-30": "184.89000", "2018-06-30": "114.80100", "2018-03-31": "162.65410", "2017-12-31": "141.01520", "2017-09-30": "145.43990", "2017-06-30": "135.49400", "2017-03-31": "93.87790", "2016-12-31": "-126.89390", "2016-09-30": "140.90300", "2016-06-30": "38.64990", "2016-03-31": "-184.62290", "2015-12-31": "61.09800", "2015-09-30": "-46.49500", "2015-06-30": "289.09000", "2015-03-31": "431.27700", "2014-12-31": "-564.35760", "2014-09-30": "494.33610", "2014-06-30": "408.13100", "2014-03-31": "390.89400", "2013-12-31": "435.22780", "2013-09-30": "206.92900", "2013-06-30": "379.57900", "2013-03-31": "436.24510", "2012-12-31": "486.31220", "2012-09-30": "393.75510", "2012-06-30": "190.60200", "2012-03-31": "522.72700", "2011-12-31": "456.16540", "2011-09-30": "433.19600", "2011-06-30": "411.17190", "2011-03-31": "475.51190", "2010-12-31": "538.96120", "2010-09-30": "257.54100", "2010-06-30": "321.91200", "2010-03-31": "318.98900", "2009-12-31": "340.81630", "2009-09-30": "305.38900", "2009-06-30": "49.13410", "2009-03-31": "413.34400", "2008-12-31": "199.37260", "2008-09-30": "532.42400", "2008-06-30": "482.25400", "2008-03-31": "485.83790", "2007-12-31": "552.67800", "2007-09-30": "370.83200", "2007-06-30": "435.87700", "2007-03-31": "469.53490", "2006-12-31": "447.81720", "2006-09-30": "509.39800", "2006-06-30": "459.78500", "2006-03-31": "478.27190", "2005-12-31": "380.83430", "2005-09-30": "344.98410", "2005-06-30": "274.05200", "2005-03-31": "266.89400"}, "EBIT": {"2020-09-30": "-97.97400", "2020-06-30": "-82.31600", "2020-03-31": "-301.85390", "2019-12-31": "-208.88010", "2019-09-30": "-24.59410", "2019-06-30": "-129.91200", "2019-03-31": "-21.22500", "2018-12-31": "-89.86310", "2018-09-30": "-31.80600", "2018-06-30": "-111.34500", "2018-03-31": "-58.65590", "2017-12-31": "-80.80490", "2017-09-30": "-79.38710", "2017-06-30": "-80.28400", "2017-03-31": "-116.71910", "2016-12-31": "-345.17210", "2016-09-30": "-82.05400", "2016-06-30": "-182.51100", "2016-03-31": "-402.97790", "2015-12-31": "-177.55970", "2015-09-30": "-287.32900", "2015-06-30": "69.02400", "2015-03-31": "150.25800", "2014-12-31": "-866.31370", "2014-09-30": "207.07900", "2014-06-30": "124.02200", "2014-03-31": "108.54500", "2013-12-31": "149.95810", "2013-09-30": "-78.38500", "2013-06-30": "95.18300", "2013-03-31": "162.82200", "2012-12-31": "200.39640", "2012-09-30": "124.03810", "2012-06-30": "-70.63600", "2012-03-31": "275.06600", "2011-12-31": "202.46560", "2011-09-30": "183.56100", "2011-06-30": "172.16490", "2011-03-31": "213.69390", "2010-12-31": "298.16630", "2010-09-30": "31.18000", "2010-06-30": "118.05800", "2010-03-31": "118.87800", "2009-12-31": "147.56840", "2009-09-30": "104.86900", "2009-06-30": "-142.07590", "2009-03-31": "224.47000", "2008-12-31": "5.08750", "2008-09-30": "331.35010", "2008-06-30": "287.01790", "2008-03-31": "304.51590", "2007-12-31": "291.58620", "2007-09-30": "229.34300", "2007-06-30": "310.89400", "2007-03-31": "354.85100", "2006-12-31": "330.85410", "2006-09-30": "401.32100", "2006-06-30": "361.96690", "2006-03-31": "380.34590", "2005-12-31": "283.59620", "2005-09-30": "253.38600", "2005-06-30": "185.18200", "2005-03-31": "179.84000"}, "Basic Shares Outstanding": {"2020-09-30": "7.06400", "2020-06-30": "7.05200", "2020-03-31": "7.05100", "2019-12-31": "7.03230", "2019-09-30": "7.04100", "2019-06-30": "7.03100", "2019-03-31": "7.01500", "2018-12-31": "6.68790", "2018-09-30": "7.00390", "2018-06-30": "6.56740", "2018-03-31": "6.17580", "2017-12-31": "5.61310", "2017-09-30": "5.58630", "2017-06-30": "5.57830", "2017-03-31": "5.55560", "2016-12-31": "5.52950", "2016-09-30": "5.53410", "2016-06-30": "5.53100", "2016-03-31": "5.51700", "2015-12-31": "5.65960", "2015-09-30": "5.68220", "2015-06-30": "5.72170", "2015-03-31": "5.70720", "2014-12-31": "5.81390", "2014-09-30": "5.85240", "2014-06-30": "5.95970", "2014-03-31": "5.92420", "2013-12-31": "5.88360", "2013-09-30": "5.90150", "2013-06-30": "5.89490", "2013-03-31": "5.83370", "2012-12-31": "5.79930", "2012-09-30": "5.80730", "2012-06-30": "5.80620", "2012-03-31": "5.77080", "2011-12-31": "5.74240", "2011-09-30": "5.74970", "2011-06-30": "5.74620", "2011-03-31": "5.72230", "2010-12-31": "5.70290", "2010-09-30": "5.70560", "2010-06-30": "5.70360", "2010-03-31": "5.69340", "2009-12-31": "5.66650", "2009-09-30": "5.66390", "2009-06-30": "5.66310", "2009-03-31": "5.66200", "2008-12-31": "5.63240", "2008-09-30": "5.64780", "2008-06-30": "5.61700", "2008-03-31": "5.60330", "2007-12-31": "5.62480", "2007-09-30": "5.60300", "2007-06-30": "5.58510", "2007-03-31": "5.53880", "2006-12-31": "5.80480", "2006-09-30": "5.55110", "2006-06-30": "5.88840", "2006-03-31": "6.25980", "2005-12-31": "6.24270", "2005-09-30": "6.28840", "2005-06-30": "6.29760", "2005-03-31": "6.08660"}, "Shares Outstanding": {"2020-09-30": "7.06400", "2020-06-30": "7.05200", "2020-03-31": "7.05100", "2019-12-31": "7.03230", "2019-09-30": "7.04100", "2019-06-30": "7.03100", "2019-03-31": "7.01500", "2018-12-31": "6.68790", "2018-09-30": "7.00390", "2018-06-30": "6.56740", "2018-03-31": "6.17580", "2017-12-31": "5.61310", "2017-09-30": "5.58630", "2017-06-30": "5.57830", "2017-03-31": "5.55560", "2016-12-31": "5.52950", "2016-09-30": "5.53410", "2016-06-30": "5.53100", "2016-03-31": "5.51700", "2015-12-31": "5.65960", "2015-09-30": "5.68220", "2015-06-30": "5.72170", "2015-03-31": "5.72350", "2014-12-31": "5.81390", "2014-09-30": "5.90010", "2014-06-30": "6.01960", "2014-03-31": "5.98100", "2013-12-31": "5.93180", "2013-09-30": "5.90150", "2013-06-30": "5.94240", "2013-03-31": "5.88340", "2012-12-31": "5.84650", "2012-09-30": "5.85000", "2012-06-30": "5.80620", "2012-03-31": "5.83420", "2011-12-31": "5.84970", "2011-09-30": "5.83970", "2011-06-30": "5.88600", "2011-03-31": "5.85380", "2010-12-31": "5.79990", "2010-09-30": "5.70560", "2010-06-30": "5.79590", "2010-03-31": "5.81470", "2009-12-31": "5.73000", "2009-09-30": "5.74810", "2009-06-30": "5.66310", "2009-03-31": "5.66240", "2008-12-31": "5.76470", "2008-09-30": "5.78300", "2008-06-30": "5.88970", "2008-03-31": "5.71560", "2007-12-31": "5.76450", "2007-09-30": "5.75940", "2007-06-30": "5.75800", "2007-03-31": "5.69630", "2006-12-31": "5.99650", "2006-09-30": "5.73090", "2006-06-30": "6.08790", "2006-03-31": "6.49070", "2005-12-31": "6.48760", "2005-09-30": "6.47400", "2005-06-30": "6.44850", "2005-03-31": "6.35110"}, "Basic EPS": {"2020-09-30": "-23.42000", "2020-06-30": "-22.13000", "2020-03-31": "-56.73000", "2019-12-31": "-38.81000", "2019-09-30": "-18.25000", "2019-06-30": "-30.31000", "2019-03-31": "-18.13000", "2018-12-31": "-28.50000", "2018-09-30": "-17.50000", "2018-06-30": "-30.50000", "2018-03-31": "-23.00000", "2017-12-31": "-20.00000", "2017-09-30": "-26.00000", "2017-06-30": "-23.00000", "2017-03-31": "-26.00000", "2016-12-31": "-59.50000", "2016-09-30": "-19.50000", "2016-06-30": "-32.50000", "2016-03-31": "-70.50000", "2015-12-31": "-28.50000", "2015-09-30": "-51.00000", "2015-06-30": "-6.50000", "2015-03-31": "21.50000", "2014-12-31": "-151.00000", "2014-09-30": "18.00000", "2014-06-30": "10.50000", "2014-03-31": "8.50000", "2013-12-31": "24.50000", "2013-09-30": "-17.50000", "2013-06-30": "-0.50000", "2013-03-31": "17.00000", "2012-12-31": "5.00000", "2012-09-30": "13.00000", "2012-06-30": "-12.50000", "2012-03-31": "23.00000", "2011-12-31": "-17.50000", "2011-09-30": "13.00000", "2011-06-30": "33.50000", "2011-03-31": "14.50000", "2010-12-31": "9.00000", "2010-09-30": "-7.00000", "2010-06-30": "7.50000", "2010-03-31": "7.00000", "2009-12-31": "-8.00000", "2009-09-30": "5.00000", "2009-06-30": "-34.00000", "2009-03-31": "22.00000", "2008-12-31": "-19.50000", "2008-09-30": "34.50000", "2008-06-30": "31.50000", "2008-03-31": "38.00000", "2007-12-31": "26.50000", "2007-09-30": "39.00000", "2007-06-30": "41.00000", "2007-03-31": "47.50000", "2006-12-31": "43.00000", "2006-09-30": "52.50000", "2006-06-30": "39.50000", "2006-03-31": "41.00000", "2005-12-31": "33.50000", "2005-09-30": "28.50000", "2005-06-30": "21.00000", "2005-03-31": "21.00000"}, "EPS - Earnings Per Share": {"2020-09-30": "-23.42000", "2020-06-30": "-22.13000", "2020-03-31": "-56.73000", "2019-12-31": "-38.81000", "2019-09-30": "-18.25000", "2019-06-30": "-30.31000", "2019-03-31": "-18.13000", "2018-12-31": "-28.50000", "2018-09-30": "-17.50000", "2018-06-30": "-30.50000", "2018-03-31": "-23.00000", "2017-12-31": "-20.00000", "2017-09-30": "-26.00000", "2017-06-30": "-23.00000", "2017-03-31": "-26.00000", "2016-12-31": "-59.50000", "2016-09-30": "-19.50000", "2016-06-30": "-32.50000", "2016-03-31": "-70.50000", "2015-12-31": "-28.00000", "2015-09-30": "-51.00000", "2015-06-30": "-6.50000", "2015-03-31": "21.00000", "2014-12-31": "-150.00000", "2014-09-30": "17.50000", "2014-06-30": "10.50000", "2014-03-31": "8.00000", "2013-12-31": "25.00000", "2013-09-30": "-17.50000", "2013-06-30": "-0.50000", "2013-03-31": "16.50000", "2012-12-31": "4.50000", "2012-09-30": "13.00000", "2012-06-30": "-12.50000", "2012-03-31": "23.00000", "2011-12-31": "-16.50000", "2011-09-30": "12.50000", "2011-06-30": "32.50000", "2011-03-31": "14.00000", "2010-12-31": "9.00000", "2010-09-30": "-7.00000", "2010-06-30": "7.50000", "2010-03-31": "7.00000", "2009-12-31": "-8.00000", "2009-09-30": "5.00000", "2009-06-30": "-34.00000", "2009-03-31": "22.00000", "2008-12-31": "-18.00000", "2008-09-30": "33.50000", "2008-06-30": "30.00000", "2008-03-31": "37.00000", "2007-12-31": "26.50000", "2007-09-30": "38.00000", "2007-06-30": "39.50000", "2007-03-31": "46.00000", "2006-12-31": "41.00000", "2006-09-30": "51.00000", "2006-06-30": "38.50000", "2006-03-31": "39.50000", "2005-12-31": "32.00000", "2005-09-30": "27.50000", "2005-06-30": "20.50000", "2005-03-31": "20.00000"}}, "balance sheet": {"Cash On Hand": {"2019-12-31": "452.49600", "2018-12-31": "481.80200", "2017-12-31": "365.36600", "2016-12-31": "295.20200", "2015-12-31": "274.58900", "2014-12-31": "536.16900", "2013-12-31": "507.13300", "2012-12-31": "778.20400", "2011-12-31": "539.48900", "2010-12-31": "801.19010", "2009-12-31": "1090.85100", "2008-12-31": "584.24500", "2007-12-31": "767.05100", "2006-12-31": "1140.01600", "2005-12-31": "1423.52500"}, "Receivables": {"2019-12-31": "453.04200", "2018-12-31": "756.32000", "2017-12-31": "698.47700", "2016-12-31": "508.35500", "2015-12-31": "784.67100", "2014-12-31": "1517.50300", "2013-12-31": "1399.54300", "2012-12-31": "1382.62300", "2011-12-31": "1576.55500", "2010-12-31": "1116.51000", "2009-12-31": "724.04000", "2008-12-31": "1160.76800", "2007-12-31": "1039.23800", "2006-12-31": "1109.73800", "2005-12-31": "822.10400"}, "Inventory": {"2019-12-31": "176.34100", "2018-12-31": "165.58700", "2017-12-31": "166.30700", "2016-12-31": "103.59500", "2015-12-31": "153.82400", "2014-12-31": "230.06700", "2013-12-31": "209.79300", "2012-12-31": "251.13300", "2011-12-31": "272.85200", "2010-12-31": "158.83600", "2009-12-31": "100.81900", "2008-12-31": "150.11800", "2007-12-31": "133.78600", "2006-12-31": "100.48700", "2005-12-31": "51.29200"}, "Pre-Paid Expenses": {"2019-12-31": "", "2018-12-31": "", "2017-12-31": "", "2016-12-31": "", "2015-12-31": "", "2014-12-31": "", "2013-12-31": "", "2012-12-31": "", "2011-12-31": "", "2010-12-31": "", "2009-12-31": "", "2008-12-31": "", "2007-12-31": "", "2006-12-31": "", "2005-12-31": ""}, "Other Current Assets": {"2019-12-31": "166.78700", "2018-12-31": "189.85400", "2017-12-31": "217.18600", "2016-12-31": "248.68700", "2015-12-31": "262.81300", "2014-12-31": "339.90500", "2013-12-31": "516.04500", "2012-12-31": "610.41700", "2011-12-31": "571.54400", "2010-12-31": "504.88400", "2009-12-31": "135.79100", "2008-12-31": "243.37900", "2007-12-31": "252.28000", "2006-12-31": "116.53400", "2005-12-31": "121.19100"}, "Total Current Assets": {"2019-12-31": "1248.66600", "2018-12-31": "1593.56300", "2017-12-31": "1447.33600", "2016-12-31": "1155.83900", "2015-12-31": "1475.89700", "2014-12-31": "2741.87400", "2013-12-31": "2753.83000", "2012-12-31": "3132.85700", "2011-12-31": "3088.31400", "2010-12-31": "2612.93000", "2009-12-31": "2176.66400", "2008-12-31": "2166.59300", "2007-12-31": "2205.11200", "2006-12-31": "2504.85600", "2005-12-31": "2617.30800"}, "Property, Plant, And Equipment": {"2019-12-31": "4930.54900", "2018-12-31": "5467.87000", "2017-12-31": "6109.56500", "2016-12-31": "6267.58300", "2015-12-31": "7027.80200", "2014-12-31": "8599.12500", "2013-12-31": "8597.81300", "2012-12-31": "8712.08800", "2011-12-31": "8629.94600", "2010-12-31": "7815.41900", "2009-12-31": "7646.05000", "2008-12-31": "7331.95900", "2007-12-31": "6632.61200", "2006-12-31": "5410.10100", "2005-12-31": "3886.92400"}, "Long-Term Investments": {"2019-12-31": "", "2018-12-31": "", "2017-12-31": "", "2016-12-31": "", "2015-12-31": "415.17700", "2014-12-31": "58.25100", "2013-12-31": "67.49600", "2012-12-31": "65.95900", "2011-12-31": "382.14500", "2010-12-31": "308.02300", "2009-12-31": "407.49000", "2008-12-31": "651.67900", "2007-12-31": "764.37600", "2006-12-31": "513.26900", "2005-12-31": "222.80200"}, "Goodwill And Intangible Assets": {"2019-12-31": "28.38000", "2018-12-31": "183.91400", "2017-12-31": "173.22600", "2016-12-31": "166.91700", "2015-12-31": "166.65900", "2014-12-31": "173.92800", "2013-12-31": "512.96400", "2012-12-31": "472.32600", "2011-12-31": "501.25800", "2010-12-31": "494.37200", "2009-12-31": "164.26500", "2008-12-31": "175.74900", "2007-12-31": "368.43200", "2006-12-31": "362.26900", "2005-12-31": "341.93900"}, "Other Long-Term Assets": {"2019-12-31": "247.21900", "2018-12-31": "263.50600", "2017-12-31": "252.85400", "2016-12-31": "230.09000", "2015-12-31": "452.30500", "2014-12-31": "289.74500", "2013-12-31": "227.70800", "2012-12-31": "272.79200", "2011-12-31": "310.47700", "2010-12-31": "415.82500", "2009-12-31": "250.22100", "2008-12-31": "191.91900", "2007-12-31": "132.85000", "2006-12-31": "351.80800", "2005-12-31": "161.43400"}, "Total Long-Term Assets": {"2019-12-31": "5511.99100", "2018-12-31": "6260.38100", "2017-12-31": "6954.64800", "2016-12-31": "7031.17600", "2015-12-31": "8061.94300", "2014-12-31": "9121.04900", "2013-12-31": "9405.98100", "2012-12-31": "9523.16500", "2011-12-31": "9823.82500", "2010-12-31": "9033.63900", "2009-12-31": "8468.02500", "2008-12-31": "8351.30700", "2007-12-31": "7898.27000", "2006-12-31": "6637.44700", "2005-12-31": "4613.09900"}, "Total Assets": {"2019-12-31": "6760.65800", "2018-12-31": "7853.94400", "2017-12-31": "8401.98400", "2016-12-31": "8187.01500", "2015-12-31": "9537.84000", "2014-12-31": "11862.92000", "2013-12-31": "12159.81000", "2012-12-31": "12656.02000", "2011-12-31": "12912.14000", "2010-12-31": "11646.57000", "2009-12-31": "10644.69000", "2008-12-31": "10517.90000", "2007-12-31": "10103.38000", "2006-12-31": "9142.30300", "2005-12-31": "7230.40700"}, "Total Current Liabilities": {"2019-12-31": "656.54800", "2018-12-31": "832.07700", "2017-12-31": "919.47600", "2016-12-31": "821.93400", "2015-12-31": "1006.49900", "2014-12-31": "1567.47500", "2013-12-31": "1311.42400", "2012-12-31": "1132.38200", "2011-12-31": "1802.56200", "2010-12-31": "2154.38000", "2009-12-31": "608.62200", "2008-12-31": "1128.85900", "2007-12-31": "1494.13200", "2006-12-31": "854.36000", "2005-12-31": "1352.45600"}, "Long Term Debt": {"2019-12-31": "3333.22000", "2018-12-31": "3585.88400", "2017-12-31": "4027.76600", "2016-12-31": "3578.33500", "2015-12-31": "3655.20000", "2014-12-31": "4331.84000", "2013-12-31": "3904.11700", "2012-12-31": "4379.33600", "2011-12-31": "4348.49000", "2010-12-31": "3064.12600", "2009-12-31": "3940.60500", "2008-12-31": "3600.53300", "2007-12-31": "3306.43300", "2006-12-31": "4004.07400", "2005-12-31": "1251.75100"}, "Other Non-Current Liabilities": {"2019-12-31": "292.18400", "2018-12-31": "274.48500", "2017-12-31": "301.63300", "2016-12-31": "522.45600", "2015-12-31": "552.94700", "2014-12-31": "601.81600", "2013-12-31": "377.74400", "2012-12-31": "518.66400", "2011-12-31": "292.75800", "2010-12-31": "245.76500", "2009-12-31": "240.05700", "2008-12-31": "247.56000", "2007-12-31": "246.71400", "2006-12-31": "208.55300", "2005-12-31": "151.41500"}, "Total Long Term Liabilities": {"2019-12-31": "4053.94500", "2018-12-31": "4271.54100", "2017-12-31": "4543.73500", "2016-12-31": "4110.28600", "2015-12-31": "4237.47300", "2014-12-31": "5376.65900", "2013-12-31": "4867.21000", "2012-12-31": "5566.52300", "2011-12-31": "5508.36100", "2010-12-31": "4149.32600", "2009-12-31": "4854.08900", "2008-12-31": "4470.61600", "2007-12-31": "4095.12900", "2006-12-31": "4751.29000", "2005-12-31": "2119.81100"}, "Total Liabilities": {"2019-12-31": "4710.49300", "2018-12-31": "5103.61800", "2017-12-31": "5463.21100", "2016-12-31": "4932.22000", "2015-12-31": "5243.97200", "2014-12-31": "6944.13400", "2013-12-31": "6178.63400", "2012-12-31": "6698.90500", "2011-12-31": "7310.92300", "2010-12-31": "6303.70600", "2009-12-31": "5462.71100", "2008-12-31": "5599.47500", "2007-12-31": "5589.26100", "2006-12-31": "5605.65000", "2005-12-31": "3472.26700"}, "Common Stock Net": {"2019-12-31": "0.41600", "2018-12-31": "0.41000", "2017-12-31": "0.36800", "2016-12-31": "0.33400", "2015-12-31": "0.33100", "2014-12-31": "0.32800", "2013-12-31": "0.32400", "2012-12-31": "0.31900", "2011-12-31": "0.31700", "2010-12-31": "0.31500", "2009-12-31": "0.31400", "2008-12-31": "0.31200", "2007-12-31": "0.30500", "2006-12-31": "0.29900", "2005-12-31": "0.31500"}, "Retained Earnings (Accumulated Deficit)": {"2019-12-31": "-104.77500", "2018-12-31": "650.84200", "2017-12-31": "1423.15400", "2016-12-31": "2033.42700", "2015-12-31": "3131.13400", "2014-12-31": "3573.17200", "2013-12-31": "4304.66400", "2012-12-31": "4120.39800", "2011-12-31": "3956.36400", "2010-12-31": "3707.88100", "2009-12-31": "3613.18600", "2008-12-31": "3698.73200", "2007-12-31": "3359.08000", "2006-12-31": "2473.37300", "2005-12-31": "1989.52600"}, "Comprehensive Income": {"2019-12-31": "-11.78800", "2018-12-31": "-29.32500", "2017-12-31": "11.18500", "2016-12-31": "-12.11900", "2015-12-31": "-47.59300", "2014-12-31": "77.52200", "2013-12-31": "216.14000", "2012-12-31": "431.59500", "2011-12-31": "321.26400", "2010-12-31": "342.05200", "2009-12-31": "292.70600", "2008-12-31": "53.52000", "2007-12-31": "322.63500", "2006-12-31": "201.26100", "2005-12-31": "192.98000"}, "Other Share Holders Equity": {"2019-12-31": "", "2018-12-31": "", "2017-12-31": "", "2016-12-31": "", "2015-12-31": "", "2014-12-31": "", "2013-12-31": "", "2012-12-31": "", "2011-12-31": "", "2010-12-31": "", "2009-12-31": "", "2008-12-31": "", "2007-12-31": "", "2006-12-31": "", "2005-12-31": ""}, "Share Holder Equity": {"2019-12-31": "2050.16500", "2018-12-31": "2750.32600", "2017-12-31": "2938.77300", "2016-12-31": "3254.79500", "2015-12-31": "4293.86800", "2014-12-31": "4918.78900", "2013-12-31": "5981.17700", "2012-12-31": "5957.11700", "2011-12-31": "5601.21700", "2010-12-31": "5342.86300", "2009-12-31": "5181.97900", "2008-12-31": "4918.42400", "2007-12-31": "4514.12100", "2006-12-31": "3536.65300", "2005-12-31": "3758.14000"}, "Total Liabilities And Share Holders Equity": {"2019-12-31": "6760.65800", "2018-12-31": "7853.94400", "2017-12-31": "8401.98400", "2016-12-31": "8187.01500", "2015-12-31": "9537.84000", "2014-12-31": "11862.92000", "2013-12-31": "12159.81000", "2012-12-31": "12656.02000", "2011-12-31": "12912.14000", "2010-12-31": "11646.57000", "2009-12-31": "10644.69000", "2008-12-31": "10517.90000", "2007-12-31": "10103.38000", "2006-12-31": "9142.30300", "2005-12-31": "7230.40700"}}, "balance sheet, quarterly": {"Cash On Hand": {"2020-09-30": "513.82500", "2020-06-30": "494.27800", "2020-03-31": "489.65800", "2019-12-31": "452.49600", "2019-09-30": "418.93700", "2019-06-30": "395.71600", "2019-03-31": "469.71700", "2018-12-31": "481.80200", "2018-09-30": "388.55800", "2018-06-30": "636.54600", "2018-03-31": "393.58700", "2017-12-31": "365.36600", "2017-09-30": "220.32600", "2017-06-30": "232.04300", "2017-03-31": "228.59500", "2016-12-31": "295.20200", "2016-09-30": "200.65000", "2016-06-30": "255.85600", "2016-03-31": "221.50100", "2015-12-31": "274.58900", "2015-09-30": "276.56200", "2015-06-30": "469.89700", "2015-03-31": "621.17100", "2014-12-31": "536.16900", "2014-09-30": "464.81800", "2014-06-30": "486.34400", "2014-03-31": "424.76700", "2013-12-31": "507.13300", "2013-09-30": "491.93800", "2013-06-30": "607.96000", "2013-03-31": "690.48000", "2012-12-31": "778.20400", "2012-09-30": "619.56300", "2012-06-30": "455.18200", "2012-03-31": "493.97200", "2011-12-31": "539.48900", "2011-09-30": "395.32000", "2011-06-30": "673.04200", "2011-03-31": "730.30700", "2010-12-31": "801.19010", "2010-09-30": "772.46900", "2010-06-30": "892.87600", "2010-03-31": "1061.01400", "2009-12-31": "1090.85100", "2009-09-30": "1104.16300", "2009-06-30": "1196.44000", "2009-03-31": "1108.58800", "2008-12-31": "584.24500", "2008-09-30": "838.12800", "2008-06-30": "1236.54700", "2008-03-31": "1450.24400", "2007-12-31": "767.05100", "2007-09-30": "879.97300", "2007-06-30": "827.29100", "2007-03-31": "951.01200", "2006-12-31": "1140.01600", "2006-09-30": "1273.42200", "2006-06-30": "1659.08800", "2006-03-31": "474.85600", "2005-12-31": "1423.52500", "2005-09-30": "1431.58900", "2005-06-30": "1061.28800", "2005-03-31": "1008.48100"}, "Receivables": {"2020-09-30": "347.21200", "2020-06-30": "349.00500", "2020-03-31": "454.71800", "2019-12-31": "453.04200", "2019-09-30": "613.52700", "2019-06-30": "737.35300", "2019-03-31": "743.52800", "2018-12-31": "756.32000", "2018-09-30": "775.13700", "2018-06-30": "780.24700", "2018-03-31": "733.54100", "2017-12-31": "698.47700", "2017-09-30": "621.64000", "2017-06-30": "582.78700", "2017-03-31": "514.44600", "2016-12-31": "508.35500", "2016-09-30": "503.96600", "2016-06-30": "504.09900", "2016-03-31": "594.50600", "2015-12-31": "784.67100", "2015-09-30": "871.38500", "2015-06-30": "908.56300", "2015-03-31": "971.60100", "2014-12-31": "1517.50300", "2014-09-30": "1624.44100", "2014-06-30": "1448.51100", "2014-03-31": "1454.36800", "2013-12-31": "1399.54300", "2013-09-30": "1362.43400", "2013-06-30": "1342.38600", "2013-03-31": "1434.53000", "2012-12-31": "1382.62300", "2012-09-30": "1529.23200", "2012-06-30": "1607.42200", "2012-03-31": "1717.37500", "2011-12-31": "1576.55500", "2011-09-30": "1397.72500", "2011-06-30": "1191.18200", "2011-03-31": "1242.95400", "2010-12-31": "1116.51000", "2010-09-30": "1002.97400", "2010-06-30": "762.58900", "2010-03-31": "735.43200", "2009-12-31": "724.04000", "2009-09-30": "702.71200", "2009-06-30": "787.65300", "2009-03-31": "975.79700", "2008-12-31": "1160.76800", "2008-09-30": "1161.42600", "2008-06-30": "1083.74800", "2008-03-31": "1112.19000", "2007-12-31": "1039.23800", "2007-09-30": "1043.23500", "2007-06-30": "1035.89500", "2007-03-31": "1130.61400", "2006-12-31": "1109.73800", "2006-09-30": "1098.81800", "2006-06-30": "1007.87800", "2006-03-31": "949.52400", "2005-12-31": "822.10400", "2005-09-30": "734.98200", "2005-06-30": "619.33000", "2005-03-31": "646.59800"}, "Inventory": {"2020-09-30": "164.02900", "2020-06-30": "166.53700", "2020-03-31": "173.99100", "2019-12-31": "176.34100", "2019-09-30": "186.12400", "2019-06-30": "178.36700", "2019-03-31": "166.13900", "2018-12-31": "165.58700", "2018-09-30": "166.82700", "2018-06-30": "173.06300", "2018-03-31": "174.30800", "2017-12-31": "166.30700", "2017-09-30": "119.05000", "2017-06-30": "108.14100", "2017-03-31": "109.46100", "2016-12-31": "103.59500", "2016-09-30": "141.93400", "2016-06-30": "151.75300", "2016-03-31": "153.83700", "2015-12-31": "153.82400", "2015-09-30": "177.22100", "2015-06-30": "183.77500", "2015-03-31": "190.42300", "2014-12-31": "230.06700", "2014-09-30": "242.87600", "2014-06-30": "216.44400", "2014-03-31": "194.37100", "2013-12-31": "209.79300", "2013-09-30": "229.49400", "2013-06-30": "235.04200", "2013-03-31": "245.49500", "2012-12-31": "251.13300", "2012-09-30": "257.15800", "2012-06-30": "259.94300", "2012-03-31": "265.78700", "2011-12-31": "272.85200", "2011-09-30": "233.29800", "2011-06-30": "199.89900", "2011-03-31": "195.23000", "2010-12-31": "158.83600", "2010-09-30": "142.97300", "2010-06-30": "107.54900", "2010-03-31": "99.82800", "2009-12-31": "100.81900", "2009-09-30": "115.71400", "2009-06-30": "134.01700", "2009-03-31": "143.16000", "2008-12-31": "150.11800", "2008-09-30": "129.07900", "2008-06-30": "128.89300", "2008-03-31": "129.61100", "2007-12-31": "133.78600", "2007-09-30": "131.64600", "2007-06-30": "127.36800", "2007-03-31": "114.36600", "2006-12-31": "100.48700", "2006-09-30": "98.76900", "2006-06-30": "70.75600", "2006-03-31": "58.23800", "2005-12-31": "51.29200", "2005-09-30": "42.67600", "2005-06-30": "36.16300", "2005-03-31": "31.98400"}, "Pre-Paid Expenses": {"2020-09-30": "", "2020-06-30": "", "2020-03-31": "", "2019-12-31": "", "2019-09-30": "", "2019-06-30": "", "2019-03-31": "", "2018-12-31": "", "2018-09-30": "", "2018-06-30": "", "2018-03-31": "", "2017-12-31": "", "2017-09-30": "", "2017-06-30": "", "2017-03-31": "", "2016-12-31": "", "2016-09-30": "", "2016-06-30": "", "2016-03-31": "", "2015-12-31": "", "2015-09-30": "", "2015-06-30": "", "2015-03-31": "", "2014-12-31": "", "2014-09-30": "", "2014-06-30": "", "2014-03-31": "", "2013-12-31": "", "2013-09-30": "", "2013-06-30": "", "2013-03-31": "", "2012-12-31": "", "2012-09-30": "", "2012-06-30": "", "2012-03-31": "", "2011-12-31": "", "2011-09-30": "", "2011-06-30": "", "2011-03-31": "", "2010-12-31": "", "2010-09-30": "", "2010-06-30": "", "2010-03-31": "", "2009-12-31": "", "2009-09-30": "", "2009-06-30": "", "2009-03-31": "", "2008-12-31": "", "2008-09-30": "", "2008-06-30": "", "2008-03-31": "", "2007-12-31": "", "2007-09-30": "", "2007-06-30": "", "2007-03-31": "", "2006-12-31": "", "2006-09-30": "", "2006-06-30": "", "2006-03-31": "", "2005-12-31": "", "2005-09-30": "", "2005-06-30": "", "2005-03-31": ""}, "Other Current Assets": {"2020-09-30": "137.94600", "2020-06-30": "143.10200", "2020-03-31": "152.46900", "2019-12-31": "166.78700", "2019-09-30": "161.76000", "2019-06-30": "155.24300", "2019-03-31": "176.51900", "2018-12-31": "189.85400", "2018-09-30": "208.51800", "2018-06-30": "192.61500", "2018-03-31": "192.93700", "2017-12-31": "217.18600", "2017-09-30": "213.90500", "2017-06-30": "251.19700", "2017-03-31": "270.15400", "2016-12-31": "248.68700", "2016-09-30": "225.53000", "2016-06-30": "279.53500", "2016-03-31": "289.54300", "2015-12-31": "262.81300", "2015-09-30": "353.92600", "2015-06-30": "406.92000", "2015-03-31": "296.08700", "2014-12-31": "339.90500", "2014-09-30": "368.49900", "2014-06-30": "571.98500", "2014-03-31": "484.09500", "2013-12-31": "516.04500", "2013-09-30": "633.41800", "2013-06-30": "603.66500", "2013-03-31": "655.88300", "2012-12-31": "610.41700", "2012-09-30": "616.02300", "2012-06-30": "582.33500", "2012-03-31": "607.05200", "2011-12-31": "571.54400", "2011-09-30": "434.61300", "2011-06-30": "450.00900", "2011-03-31": "521.42500", "2010-12-31": "504.88400", "2010-09-30": "618.18300", "2010-06-30": "133.83900", "2010-03-31": "132.03300", "2009-12-31": "135.79100", "2009-09-30": "147.59800", "2009-06-30": "161.21400", "2009-03-31": "229.20900", "2008-12-31": "243.37900", "2008-09-30": "215.53100", "2008-06-30": "264.47100", "2008-03-31": "242.45300", "2007-12-31": "252.28000", "2007-09-30": "455.82900", "2007-06-30": "230.72900", "2007-03-31": "180.41700", "2006-12-31": "116.53400", "2006-09-30": "115.51400", "2006-06-30": "100.70300", "2006-03-31": "72.22200", "2005-12-31": "121.19100", "2005-09-30": "118.42700", "2005-06-30": "79.58100", "2005-03-31": "71.26500"}, "Total Current Assets": {"2020-09-30": "1163.01200", "2020-06-30": "1152.92200", "2020-03-31": "1270.83600", "2019-12-31": "1248.66600", "2019-09-30": "1380.34800", "2019-06-30": "1466.67900", "2019-03-31": "1555.90300", "2018-12-31": "1593.56300", "2018-09-30": "1539.04000", "2018-06-30": "1782.47100", "2018-03-31": "1494.37300", "2017-12-31": "1447.33600", "2017-09-30": "1174.92100", "2017-06-30": "1174.16800", "2017-03-31": "1122.65600", "2016-12-31": "1155.83900", "2016-09-30": "1072.08000", "2016-06-30": "1191.24300", "2016-03-31": "1259.38700", "2015-12-31": "1475.89700", "2015-09-30": "1719.07500", "2015-06-30": "1969.15500", "2015-03-31": "2170.33200", "2014-12-31": "2741.87400", "2014-09-30": "2792.47100", "2014-06-30": "2810.63800", "2014-03-31": "2691.26800", "2013-12-31": "2753.83000", "2013-09-30": "2956.45500", "2013-06-30": "2892.83200", "2013-03-31": "3118.69800", "2012-12-31": "3132.85700", "2012-09-30": "3133.64900", "2012-06-30": "2975.17000", "2012-03-31": "3129.22400", "2011-12-31": "3088.31400", "2011-09-30": "2544.34400", "2011-06-30": "2552.94100", "2011-03-31": "2711.13000", "2010-12-31": "2612.93000", "2010-09-30": "2565.92400", "2010-06-30": "2025.40800", "2010-03-31": "2154.70100", "2009-12-31": "2176.66400", "2009-09-30": "2091.08600", "2009-06-30": "2302.16100", "2009-03-31": "2479.84700", "2008-12-31": "2166.59300", "2008-09-30": "2367.90100", "2008-06-30": "2730.34600", "2008-03-31": "2954.72500", "2007-12-31": "2205.11200", "2007-09-30": "2546.42100", "2007-06-30": "2258.22600", "2007-03-31": "2414.19900", "2006-12-31": "2504.85600", "2006-09-30": "2790.66300", "2006-06-30": "3037.70100", "2006-03-31": "1756.07000", "2005-12-31": "2617.30800", "2005-09-30": "2368.09300", "2005-06-30": "1833.21500", "2005-03-31": "1792.42100"}, "Property, Plant, And Equipment": {"2020-09-30": "4225.03400", "2020-06-30": "4395.72500", "2020-03-31": "4597.30800", "2019-12-31": "4930.54900", "2019-09-30": "5152.23600", "2019-06-30": "5301.25200", "2019-03-31": "5399.51400", "2018-12-31": "5467.87000", "2018-09-30": "5608.94800", "2018-06-30": "5709.89500", "2018-03-31": "5969.06300", "2017-12-31": "6109.56500", "2017-09-30": "6051.60600", "2017-06-30": "6142.21600", "2017-03-31": "6218.69900", "2016-12-31": "6267.58300", "2016-09-30": "6616.71100", "2016-06-30": "6765.25700", "2016-03-31": "6942.31500", "2015-12-31": "7027.80200", "2015-09-30": "7287.53100", "2015-06-30": "7405.44100", "2015-03-31": "7333.80800", "2014-12-31": "8599.12500", "2014-09-30": "9016.50800", "2014-06-30": "8832.96600", "2014-03-31": "8690.75900", "2013-12-31": "8597.81300", "2013-09-30": "8463.80400", "2013-06-30": "8577.58600", "2013-03-31": "8641.94700", "2012-12-31": "8712.08800", "2012-09-30": "8894.08400", "2012-06-30": "8904.32400", "2012-03-31": "8814.08100", "2011-12-31": "8629.94600", "2011-09-30": "8577.21300", "2011-06-30": "8372.40500", "2011-03-31": "7975.95700", "2010-12-31": "7815.41900", "2010-09-30": "7884.87400", "2010-06-30": "7641.56300", "2010-03-31": "7646.60800", "2009-12-31": "7646.05000", "2009-09-30": "7728.50600", "2009-06-30": "7621.18600", "2009-03-31": "7488.67900", "2008-12-31": "7331.95900", "2008-09-30": "7166.04800", "2008-06-30": "7020.94100", "2008-03-31": "6758.51600", "2007-12-31": "6632.61200", "2007-09-30": "6466.73200", "2007-06-30": "6298.37100", "2007-03-31": "5810.74500", "2006-12-31": "5410.10100", "2006-09-30": "4975.08100", "2006-06-30": "4563.89300", "2006-03-31": "4156.55400", "2005-12-31": "3886.92400", "2005-09-30": "3622.73200", "2005-06-30": "3460.59900", "2005-03-31": "3358.06800"}, "Long-Term Investments": {"2020-09-30": "", "2020-06-30": "", "2020-03-31": "", "2019-12-31": "", "2019-09-30": "", "2019-06-30": "", "2019-03-31": "", "2018-12-31": "", "2018-09-30": "", "2018-06-30": "", "2018-03-31": "", "2017-12-31": "", "2017-09-30": "", "2017-06-30": "", "2017-03-31": "", "2016-12-31": "", "2016-09-30": "0.88900", "2016-06-30": "0.88800", "2016-03-31": "94.65700", "2015-12-31": "415.17700", "2015-09-30": "462.99800", "2015-06-30": "678.85100", "2015-03-31": "733.11400", "2014-12-31": "58.25100", "2014-09-30": "63.01900", "2014-06-30": "63.23300", "2014-03-31": "65.98400", "2013-12-31": "67.49600", "2013-09-30": "72.27800", "2013-06-30": "72.07300", "2013-03-31": "68.50800", "2012-12-31": "65.95900", "2012-09-30": "75.47300", "2012-06-30": "170.45500", "2012-03-31": "309.47600", "2011-12-31": "382.14500", "2011-09-30": "363.43900", "2011-06-30": "346.08900", "2011-03-31": "344.16900", "2010-12-31": "308.02300", "2010-09-30": "309.88000", "2010-06-30": "415.25800", "2010-03-31": "406.23900", "2009-12-31": "407.49000", "2009-09-30": "611.51300", "2009-06-30": "574.05600", "2009-03-31": "660.10700", "2008-12-31": "651.67900", "2008-09-30": "229.56700", "2008-06-30": "239.86600", "2008-03-31": "310.93800", "2007-12-31": "764.37600", "2007-09-30": "383.28800", "2007-06-30": "480.34100", "2007-03-31": "549.77300", "2006-12-31": "513.26900", "2006-09-30": "491.40400", "2006-06-30": "349.40600", "2006-03-31": "250.41300", "2005-12-31": "222.80200", "2005-09-30": "208.26900", "2005-06-30": "518.07000", "2005-03-31": "545.97500"}, "Goodwill And Intangible Assets": {"2020-09-30": "", "2020-06-30": "", "2020-03-31": "", "2019-12-31": "28.38000", "2019-09-30": "90.54300", "2019-06-30": "90.64500", "2019-03-31": "184.10400", "2018-12-31": "183.91400", "2018-09-30": "172.97600", "2018-06-30": "172.81700", "2018-03-31": "172.98200", "2017-12-31": "173.22600", "2017-09-30": "173.32100", "2017-06-30": "167.24600", "2017-03-31": "166.99900", "2016-12-31": "166.91700", "2016-09-30": "167.13100", "2016-06-30": "167.27500", "2016-03-31": "167.21700", "2015-12-31": "166.65900", "2015-09-30": "150.03200", "2015-06-30": "139.75600", "2015-03-31": "80.94700", "2014-12-31": "173.92800", "2014-09-30": "512.20300", "2014-06-30": "512.89700", "2014-03-31": "512.39100", "2013-12-31": "512.96400", "2013-09-30": "479.55700", "2013-06-30": "487.25200", "2013-03-31": "487.76000", "2012-12-31": "472.32600", "2012-09-30": "472.46200", "2012-06-30": "471.91300", "2012-03-31": "501.53600", "2011-12-31": "501.25800", "2011-09-30": "501.29700", "2011-06-30": "494.10000", "2011-03-31": "494.00500", "2010-12-31": "494.37200", "2010-09-30": "463.42700", "2010-06-30": "164.07800", "2010-03-31": "164.75600", "2009-12-31": "164.26500", "2009-09-30": "163.98400", "2009-06-30": "162.81200", "2009-03-31": "174.80600", "2008-12-31": "175.74900", "2008-09-30": "354.51700", "2008-06-30": "363.15800", "2008-03-31": "360.70900", "2007-12-31": "368.43200", "2007-09-30": "367.37600", "2007-06-30": "388.98100", "2007-03-31": "372.59600", "2006-12-31": "362.26900", "2006-09-30": "369.97800", "2006-06-30": "370.31000", "2006-03-31": "359.95500", "2005-12-31": "341.93900", "2005-09-30": "342.11600", "2005-06-30": "331.63500", "2005-03-31": "331.25100"}, "Other Long-Term Assets": {"2020-09-30": "151.36500", "2020-06-30": "158.04900", "2020-03-31": "159.85900", "2019-12-31": "247.21900", "2019-09-30": "297.18900", "2019-06-30": "298.66000", "2019-03-31": "289.63200", "2018-12-31": "263.50600", "2018-09-30": "231.73200", "2018-06-30": "228.82400", "2018-03-31": "245.63100", "2017-12-31": "252.85400", "2017-09-30": "243.94100", "2017-06-30": "199.15700", "2017-03-31": "212.98500", "2016-12-31": "230.09000", "2016-09-30": "567.69300", "2016-06-30": "531.64200", "2016-03-31": "486.75500", "2015-12-31": "452.30500", "2015-09-30": "309.54500", "2015-06-30": "324.08000", "2015-03-31": "286.39700", "2014-12-31": "289.74500", "2014-09-30": "235.13900", "2014-06-30": "216.26500", "2014-03-31": "226.67100", "2013-12-31": "227.70800", "2013-09-30": "230.02200", "2013-06-30": "237.16000", "2013-03-31": "268.54400", "2012-12-31": "272.79200", "2012-09-30": "348.89300", "2012-06-30": "321.61000", "2012-03-31": "393.87700", "2011-12-31": "310.47700", "2011-09-30": "332.05300", "2011-06-30": "350.11700", "2011-03-31": "365.14700", "2010-12-31": "415.82500", "2010-09-30": "396.62300", "2010-06-30": "253.83400", "2010-03-31": "252.42100", "2009-12-31": "250.22100", "2009-09-30": "202.00200", "2009-06-30": "209.14700", "2009-03-31": "191.05200", "2008-12-31": "191.91900", "2008-09-30": "657.74400", "2008-06-30": "550.33300", "2008-03-31": "520.33500", "2007-12-31": "132.85000", "2007-09-30": "314.59000", "2007-06-30": "486.34100", "2007-03-31": "433.09300", "2006-12-31": "351.80800", "2006-09-30": "301.70200", "2006-06-30": "269.82500", "2006-03-31": "167.54700", "2005-12-31": "161.43400", "2005-09-30": "161.12400", "2005-06-30": "165.07300", "2005-03-31": "160.51200"}, "Total Long-Term Assets": {"2020-09-30": "4654.29600", "2020-06-30": "4829.49300", "2020-03-31": "5037.71200", "2019-12-31": "5511.99100", "2019-09-30": "5893.14900", "2019-06-30": "6047.82400", "2019-03-31": "6217.78100", "2018-12-31": "6260.38100", "2018-09-30": "6421.50700", "2018-06-30": "6517.81700", "2018-03-31": "6805.45700", "2017-12-31": "6954.64800", "2017-09-30": "6913.66400", "2017-06-30": "6918.29000", "2017-03-31": "6972.65600", "2016-12-31": "7031.17600", "2016-09-30": "7352.42400", "2016-06-30": "7465.06200", "2016-03-31": "7690.94400", "2015-12-31": "8061.94300", "2015-09-30": "8210.10600", "2015-06-30": "8548.12800", "2015-03-31": "8434.26600", "2014-12-31": "9121.04900", "2014-09-30": "9826.86800", "2014-06-30": "9625.36000", "2014-03-31": "9495.80500", "2013-12-31": "9405.98100", "2013-09-30": "9245.66100", "2013-06-30": "9374.07100", "2013-03-31": "9466.75900", "2012-12-31": "9523.16500", "2012-09-30": "9790.91100", "2012-06-30": "9868.30300", "2012-03-31": "10018.97000", "2011-12-31": "9823.82500", "2011-09-30": "9774.00200", "2011-06-30": "9562.71100", "2011-03-31": "9179.27800", "2010-12-31": "9033.63900", "2010-09-30": "9054.80400", "2010-06-30": "8474.73200", "2010-03-31": "8470.02300", "2009-12-31": "8468.02500", "2009-09-30": "8706.00500", "2009-06-30": "8567.20100", "2009-03-31": "8514.64400", "2008-12-31": "8351.30700", "2008-09-30": "8407.87600", "2008-06-30": "8174.29800", "2008-03-31": "7950.49800", "2007-12-31": "7898.27000", "2007-09-30": "7531.98600", "2007-06-30": "7654.03400", "2007-03-31": "7166.20700", "2006-12-31": "6637.44700", "2006-09-30": "6138.16500", "2006-06-30": "5553.43400", "2006-03-31": "4934.46900", "2005-12-31": "4613.09900", "2005-09-30": "4334.24100", "2005-06-30": "4475.37700", "2005-03-31": "4395.80600"}, "Total Assets": {"2020-09-30": "5817.30800", "2020-06-30": "5982.41500", "2020-03-31": "6308.54800", "2019-12-31": "6760.65800", "2019-09-30": "7273.49700", "2019-06-30": "7514.50300", "2019-03-31": "7773.68400", "2018-12-31": "7853.94400", "2018-09-30": "7960.54700", "2018-06-30": "8300.28800", "2018-03-31": "8299.83000", "2017-12-31": "8401.98400", "2017-09-30": "8088.58500", "2017-06-30": "8092.45800", "2017-03-31": "8095.31200", "2016-12-31": "8187.01500", "2016-09-30": "8424.50400", "2016-06-30": "8656.30500", "2016-03-31": "8950.33100", "2015-12-31": "9537.84000", "2015-09-30": "9929.18100", "2015-06-30": "10517.28000", "2015-03-31": "10604.60000", "2014-12-31": "11862.92000", "2014-09-30": "12619.34000", "2014-06-30": "12436.00000", "2014-03-31": "12187.07000", "2013-12-31": "12159.81000", "2013-09-30": "12202.12000", "2013-06-30": "12266.90000", "2013-03-31": "12585.46000", "2012-12-31": "12656.02000", "2012-09-30": "12924.56000", "2012-06-30": "12843.47000", "2012-03-31": "13148.19000", "2011-12-31": "12912.14000", "2011-09-30": "12318.35000", "2011-06-30": "12115.65000", "2011-03-31": "11890.41000", "2010-12-31": "11646.57000", "2010-09-30": "11620.73000", "2010-06-30": "10500.14000", "2010-03-31": "10624.72000", "2009-12-31": "10644.69000", "2009-09-30": "10797.09000", "2009-06-30": "10869.36000", "2009-03-31": "10994.49000", "2008-12-31": "10517.90000", "2008-09-30": "10775.78000", "2008-06-30": "10904.64000", "2008-03-31": "10905.22000", "2007-12-31": "10103.38000", "2007-09-30": "10078.41000", "2007-06-30": "9912.26000", "2007-03-31": "9580.40600", "2006-12-31": "9142.30300", "2006-09-30": "8928.82800", "2006-06-30": "8591.13500", "2006-03-31": "6690.53900", "2005-12-31": "7230.40700", "2005-09-30": "6702.33400", "2005-06-30": "6308.59200", "2005-03-31": "6188.22700"}, "Total Current Liabilities": {"2020-09-30": "486.01800", "2020-06-30": "523.69000", "2020-03-31": "584.87000", "2019-12-31": "656.54800", "2019-09-30": "682.30400", "2019-06-30": "772.16700", "2019-03-31": "735.80200", "2018-12-31": "832.07700", "2018-09-30": "752.39200", "2018-06-30": "873.78200", "2018-03-31": "766.82800", "2017-12-31": "919.47600", "2017-09-30": "830.67400", "2017-06-30": "876.56700", "2017-03-31": "771.64900", "2016-12-31": "821.93400", "2016-09-30": "787.86200", "2016-06-30": "868.17500", "2016-03-31": "871.26800", "2015-12-31": "1006.49900", "2015-09-30": "1049.55100", "2015-06-30": "1222.75300", "2015-03-31": "1156.59600", "2014-12-31": "1567.47500", "2014-09-30": "1415.58100", "2014-06-30": "1319.58600", "2014-03-31": "1238.14200", "2013-12-31": "1311.42400", "2013-09-30": "1125.42200", "2013-06-30": "1180.15600", "2013-03-31": "1091.14600", "2012-12-31": "1132.38200", "2012-09-30": "1134.66600", "2012-06-30": "1486.52100", "2012-03-31": "1581.04100", "2011-12-31": "1802.56200", "2011-09-30": "1415.76500", "2011-06-30": "1024.95000", "2011-03-31": "2230.59200", "2010-12-31": "2154.38000", "2010-09-30": "2261.52000", "2010-06-30": "1988.08200", "2010-03-31": "579.28400", "2009-12-31": "608.62200", "2009-09-30": "663.87500", "2009-06-30": "844.49900", "2009-03-31": "984.99300", "2008-12-31": "1128.85900", "2008-09-30": "1092.07800", "2008-06-30": "1365.68000", "2008-03-31": "1486.13000", "2007-12-31": "1494.13200", "2007-09-30": "1557.49600", "2007-06-30": "1648.68500", "2007-03-31": "942.64900", "2006-12-31": "854.36000", "2006-09-30": "747.17400", "2006-06-30": "709.50600", "2006-03-31": "688.96500", "2005-12-31": "1352.45600", "2005-09-30": "1302.75000", "2005-06-30": "1241.53000", "2005-03-31": "1240.67900"}, "Long Term Debt": {"2020-09-30": "3290.30300", "2020-06-30": "3276.10300", "2020-03-31": "3388.01400", "2019-12-31": "3333.22000", "2019-09-30": "3516.59200", "2019-06-30": "3550.57700", "2019-03-31": "3677.58000", "2018-12-31": "3585.88400", "2018-09-30": "3737.27300", "2018-06-30": "3818.61300", "2018-03-31": "4256.16000", "2017-12-31": "4027.76600", "2017-09-30": "3958.61500", "2017-06-30": "3740.24800", "2017-03-31": "3661.66500", "2016-12-31": "3578.33500", "2016-09-30": "3475.97800", "2016-06-30": "3503.17200", "2016-03-31": "3584.40200", "2015-12-31": "3655.20000", "2015-09-30": "3737.77300", "2015-06-30": "3691.35700", "2015-03-31": "3816.71700", "2014-12-31": "4331.84000", "2014-09-30": "4255.13600", "2014-06-30": "3956.29000", "2014-03-31": "3812.47600", "2013-12-31": "3904.11700", "2013-09-30": "4036.02700", "2013-06-30": "4071.19100", "2013-03-31": "4379.75800", "2012-12-31": "4379.33600", "2012-09-30": "4678.89600", "2012-06-30": "4398.45200", "2012-03-31": "4497.72500", "2011-12-31": "4348.49000", "2011-09-30": "4088.13300", "2011-06-30": "4264.58600", "2011-03-31": "3064.03500", "2010-12-31": "3064.12600", "2010-09-30": "3066.74800", "2010-06-30": "2364.70300", "2010-03-31": "3855.89700", "2009-12-31": "3940.60500", "2009-09-30": "4084.58700", "2009-06-30": "4063.28800", "2009-03-31": "4158.33100", "2008-12-31": "3600.53300", "2008-09-30": "3986.72200", "2008-06-30": "3822.28500", "2008-03-31": "3881.57500", "2007-12-31": "3306.43300", "2007-09-30": "3305.84000", "2007-06-30": "3305.24900", "2007-03-31": "4004.66000", "2006-12-31": "4004.07400", "2006-09-30": "4003.54500", "2006-06-30": "4002.96300", "2006-03-31": "1252.38400", "2005-12-31": "1251.75100", "2005-09-30": "1197.81000", "2005-06-30": "1203.40900", "2005-03-31": "1196.38900"}, "Other Non-Current Liabilities": {"2020-09-30": "239.68400", "2020-06-30": "238.20500", "2020-03-31": "261.94200", "2019-12-31": "292.18400", "2019-09-30": "284.38800", "2019-06-30": "294.12800", "2019-03-31": "280.59100", "2018-12-31": "274.48500", "2018-09-30": "272.60700", "2018-06-30": "290.01300", "2018-03-31": "321.65200", "2017-12-31": "301.63300", "2017-09-30": "351.78700", "2017-06-30": "390.50100", "2017-03-31": "467.24800", "2016-12-31": "522.45600", "2016-09-30": "551.00400", "2016-06-30": "518.03500", "2016-03-31": "565.08600", "2015-12-31": "552.94700", "2015-09-30": "630.45800", "2015-06-30": "626.51100", "2015-03-31": "604.52600", "2014-12-31": "601.81600", "2014-09-30": "596.96800", "2014-06-30": "596.53000", "2014-03-31": "569.99300", "2013-12-31": "377.74400", "2013-09-30": "441.37200", "2013-06-30": "464.46500", "2013-03-31": "490.55900", "2012-12-31": "518.66400", "2012-09-30": "448.41800", "2012-06-30": "326.20200", "2012-03-31": "322.00300", "2011-12-31": "292.75800", "2011-09-30": "220.06200", "2011-06-30": "257.69600", "2011-03-31": "262.55600", "2010-12-31": "245.76500", "2010-09-30": "233.84000", "2010-06-30": "244.15100", "2010-03-31": "242.75600", "2009-12-31": "240.05700", "2009-09-30": "267.84900", "2009-06-30": "267.17800", "2009-03-31": "246.20300", "2008-12-31": "247.56000", "2008-09-30": "256.51700", "2008-06-30": "270.06000", "2008-03-31": "258.88400", "2007-12-31": "246.71400", "2007-09-30": "238.93600", "2007-06-30": "295.22300", "2007-03-31": "272.11100", "2006-12-31": "208.55300", "2006-09-30": "174.36100", "2006-06-30": "168.77100", "2006-03-31": "158.22000", "2005-12-31": "151.41500", "2005-09-30": "148.08900", "2005-06-30": "144.58900", "2005-03-31": "141.12500"}, "Total Long Term Liabilities": {"2020-09-30": "3971.52600", "2020-06-30": "3951.23900", "2020-03-31": "4082.58000", "2019-12-31": "4053.94500", "2019-09-30": "4250.30600", "2019-06-30": "4287.19500", "2019-03-31": "4387.84300", "2018-12-31": "4271.54100", "2018-09-30": "4244.32700", "2018-06-30": "4337.85800", "2018-03-31": "4795.99400", "2017-12-31": "4543.73500", "2017-09-30": "4330.69000", "2017-06-30": "4143.11300", "2017-03-31": "4137.26900", "2016-12-31": "4110.28600", "2016-09-30": "4037.94800", "2016-06-30": "4065.43200", "2016-03-31": "4162.86600", "2015-12-31": "4237.47300", "2015-09-30": "4368.23100", "2015-06-30": "4355.15500", "2015-03-31": "4480.24000", "2014-12-31": "5376.65900", "2014-09-30": "5330.52500", "2014-06-30": "5034.49100", "2014-03-31": "4977.66200", "2013-12-31": "4867.21000", "2013-09-30": "5239.10100", "2013-06-30": "5153.46200", "2013-03-31": "5509.62600", "2012-12-31": "5566.52300", "2012-09-30": "5933.77100", "2012-06-30": "5628.04900", "2012-03-31": "5743.97300", "2011-12-31": "5508.36100", "2011-09-30": "5259.04200", "2011-06-30": "5422.22700", "2011-03-31": "4185.52200", "2010-12-31": "4149.32600", "2010-09-30": "4138.63800", "2010-06-30": "3283.65000", "2010-03-31": "4786.75800", "2009-12-31": "4854.08900", "2009-09-30": "4963.06300", "2009-06-30": "4977.04000", "2009-03-31": "4996.30200", "2008-12-31": "4470.61600", "2008-09-30": "4687.08500", "2008-06-30": "4605.30500", "2008-03-31": "4631.25300", "2007-12-31": "4095.12900", "2007-09-30": "4107.21800", "2007-06-30": "4140.96000", "2007-03-31": "4806.24200", "2006-12-31": "4751.29000", "2006-09-30": "4898.52200", "2006-06-30": "4805.77000", "2006-03-31": "2188.42400", "2005-12-31": "2119.81100", "2005-09-30": "1833.43200", "2005-06-30": "1776.45300", "2005-03-31": "1729.11700"}, "Total Liabilities": {"2020-09-30": "4457.54400", "2020-06-30": "4474.92900", "2020-03-31": "4667.45000", "2019-12-31": "4710.49300", "2019-09-30": "4932.61000", "2019-06-30": "5059.36200", "2019-03-31": "5123.64500", "2018-12-31": "5103.61800", "2018-09-30": "4996.71900", "2018-06-30": "5211.64000", "2018-03-31": "5562.82200", "2017-12-31": "5463.21100", "2017-09-30": "5161.36400", "2017-06-30": "5019.68000", "2017-03-31": "4908.91800", "2016-12-31": "4932.22000", "2016-09-30": "4825.81000", "2016-06-30": "4933.60700", "2016-03-31": "5034.13400", "2015-12-31": "5243.97200", "2015-09-30": "5417.78200", "2015-06-30": "5577.90800", "2015-03-31": "5636.83600", "2014-12-31": "6944.13400", "2014-09-30": "6746.10600", "2014-06-30": "6354.07700", "2014-03-31": "6215.80400", "2013-12-31": "6178.63400", "2013-09-30": "6364.52300", "2013-06-30": "6333.61800", "2013-03-31": "6600.77500", "2012-12-31": "6698.90500", "2012-09-30": "7068.43700", "2012-06-30": "7114.57000", "2012-03-31": "7325.01400", "2011-12-31": "7310.92300", "2011-09-30": "6674.80700", "2011-06-30": "6447.17700", "2011-03-31": "6416.11400", "2010-12-31": "6303.70600", "2010-09-30": "6400.15800", "2010-06-30": "5271.73200", "2010-03-31": "5366.04200", "2009-12-31": "5462.71100", "2009-09-30": "5626.93800", "2009-06-30": "5821.53800", "2009-03-31": "5981.29500", "2008-12-31": "5599.47500", "2008-09-30": "5779.16300", "2008-06-30": "5970.98500", "2008-03-31": "6117.38300", "2007-12-31": "5589.26100", "2007-09-30": "5664.71400", "2007-06-30": "5789.64500", "2007-03-31": "5748.89100", "2006-12-31": "5605.65000", "2006-09-30": "5645.69600", "2006-06-30": "5515.27600", "2006-03-31": "2877.38900", "2005-12-31": "3472.26700", "2005-09-30": "3136.18200", "2005-06-30": "3017.98300", "2005-03-31": "2969.79600"}, "Common Stock Net": {"2020-09-30": "0.41900", "2020-06-30": "0.41900", "2020-03-31": "0.41900", "2019-12-31": "0.41600", "2019-09-30": "0.41600", "2019-06-30": "0.41600", "2019-03-31": "0.41600", "2018-12-31": "0.41000", "2018-09-30": "0.41000", "2018-06-30": "0.41000", "2018-03-31": "0.37000", "2017-12-31": "0.36800", "2017-09-30": "0.33600", "2017-06-30": "0.33600", "2017-03-31": "0.33600", "2016-12-31": "0.33400", "2016-09-30": "0.33300", "2016-06-30": "0.33300", "2016-03-31": "0.33200", "2015-12-31": "0.33100", "2015-09-30": "0.33100", "2015-06-30": "0.33100", "2015-03-31": "0.33000", "2014-12-31": "0.32800", "2014-09-30": "0.32800", "2014-06-30": "0.32800", "2014-03-31": "0.32600", "2013-12-31": "0.32400", "2013-09-30": "0.32300", "2013-06-30": "0.32300", "2013-03-31": "0.32300", "2012-12-31": "0.31900", "2012-09-30": "0.31900", "2012-06-30": "0.31900", "2012-03-31": "0.31800", "2011-12-31": "0.31700", "2011-09-30": "0.31700", "2011-06-30": "0.31600", "2011-03-31": "0.31600", "2010-12-31": "0.31500", "2010-09-30": "0.31400", "2010-06-30": "0.31400", "2010-03-31": "0.31400", "2009-12-31": "0.31400", "2009-09-30": "0.31300", "2009-06-30": "0.31200", "2009-03-31": "0.31200", "2008-12-31": "0.31200", "2008-09-30": "0.30900", "2008-06-30": "0.30900", "2008-03-31": "0.30700", "2007-12-31": "0.30500", "2007-09-30": "0.30600", "2007-06-30": "0.30400", "2007-03-31": "0.30400", "2006-12-31": "0.29900", "2006-09-30": "0.29800", "2006-06-30": "0.29800", "2006-03-31": "0.30900", "2005-12-31": "0.31500", "2005-09-30": "0.15800", "2005-06-30": "0.15700", "2005-03-31": "0.15800"}, "Retained Earnings (Accumulated Deficit)": {"2020-09-30": "-829.86200", "2020-06-30": "-664.39100", "2020-03-31": "-508.20000", "2019-12-31": "-104.77500", "2019-09-30": "171.13900", "2019-06-30": "303.18100", "2019-03-31": "519.81000", "2018-12-31": "650.84200", "2018-09-30": "864.01900", "2018-06-30": "1006.50000", "2018-03-31": "1232.51600", "2017-12-31": "1423.15400", "2017-09-30": "1556.65000", "2017-06-30": "1722.33500", "2017-03-31": "1872.44000", "2016-12-31": "2033.42700", "2016-09-30": "2386.05300", "2016-06-30": "2514.26500", "2016-03-31": "2715.91800", "2015-12-31": "3131.13400", "2015-09-30": "3311.66200", "2015-06-30": "3625.00500", "2015-03-31": "3679.33600", "2014-12-31": "3573.17200", "2014-09-30": "4481.60600", "2014-06-30": "4393.54700", "2014-03-31": "4342.69000", "2013-12-31": "4304.66400", "2013-09-30": "4074.42000", "2013-06-30": "4191.60600", "2013-03-31": "4206.62800", "2012-12-31": "4120.39800", "2012-09-30": "4093.32100", "2012-06-30": "4017.66500", "2012-03-31": "4090.45400", "2011-12-31": "3956.36400", "2011-09-30": "4057.41000", "2011-06-30": "3983.15400", "2011-03-31": "3790.70600", "2010-12-31": "3707.88100", "2010-09-30": "3657.40000", "2010-06-30": "3697.00700", "2010-03-31": "3653.38600", "2009-12-31": "3613.18600", "2009-09-30": "3660.44600", "2009-06-30": "3630.91600", "2009-03-31": "3894.99800", "2008-12-31": "3698.73200", "2008-09-30": "3994.24600", "2008-06-30": "3783.94700", "2008-03-31": "3589.58600", "2007-12-31": "3359.08000", "2007-09-30": "3136.92800", "2007-06-30": "2918.90000", "2007-03-31": "2690.55100", "2006-12-31": "2473.37300", "2006-09-30": "2235.58300", "2006-06-30": "1942.83300", "2006-03-31": "2056.06300", "2005-12-31": "1989.52600", "2005-09-30": "1794.90700", "2005-06-30": "1616.05000", "2005-03-31": "1550.05400"}, "Comprehensive Income": {"2020-09-30": "-18.63000", "2020-06-30": "-22.18800", "2020-03-31": "-29.00600", "2019-12-31": "-11.78800", "2019-09-30": "-16.56700", "2019-06-30": "-13.49000", "2019-03-31": "-19.98700", "2018-12-31": "-29.32500", "2018-09-30": "-7.11500", "2018-06-30": "-12.57300", "2018-03-31": "-7.15100", "2017-12-31": "11.18500", "2017-09-30": "15.65700", "2017-06-30": "4.79400", "2017-03-31": "-11.33600", "2016-12-31": "-12.11900", "2016-09-30": "-11.92500", "2016-06-30": "-8.25000", "2016-03-31": "-13.26400", "2015-12-31": "-47.59300", "2015-09-30": "-21.56300", "2015-06-30": "25.15600", "2015-03-31": "14.76800", "2014-12-31": "77.52200", "2014-09-30": "132.22200", "2014-06-30": "188.55200", "2014-03-31": "160.46600", "2013-12-31": "216.14000", "2013-09-30": "311.63100", "2013-06-30": "299.01600", "2013-03-31": "343.14300", "2012-12-31": "431.59500", "2012-09-30": "362.48000", "2012-06-30": "318.08800", "2012-03-31": "342.46300", "2011-12-31": "321.26400", "2011-09-30": "269.15500", "2011-06-30": "376.89100", "2011-03-31": "379.95600", "2010-12-31": "342.05200", "2010-09-30": "277.99500", "2010-06-30": "251.26800", "2010-03-31": "327.74600", "2009-12-31": "292.70600", "2009-09-30": "254.50500", "2009-06-30": "167.77500", "2009-03-31": "14.61400", "2008-12-31": "53.52000", "2008-09-30": "273.40700", "2008-06-30": "399.71200", "2008-03-31": "363.04300", "2007-12-31": "322.63500", "2007-09-30": "320.41200", "2007-06-30": "257.69500", "2007-03-31": "213.04500", "2006-12-31": "201.26100", "2006-09-30": "232.42900", "2006-06-30": "241.88400", "2006-03-31": "195.83300", "2005-12-31": "192.98000", "2005-09-30": "204.00900", "2005-06-30": "141.60400", "2005-03-31": "148.26700"}, "Other Share Holders Equity": {"2020-09-30": "", "2020-06-30": "", "2020-03-31": "", "2019-12-31": "", "2019-09-30": "", "2019-06-30": "", "2019-03-31": "", "2018-12-31": "", "2018-09-30": "", "2018-06-30": "", "2018-03-31": "", "2017-12-31": "", "2017-09-30": "", "2017-06-30": "", "2017-03-31": "", "2016-12-31": "", "2016-09-30": "", "2016-06-30": "", "2016-03-31": "", "2015-12-31": "", "2015-09-30": "", "2015-06-30": "", "2015-03-31": "", "2014-12-31": "", "2014-09-30": "", "2014-06-30": "", "2014-03-31": "", "2013-12-31": "", "2013-09-30": "", "2013-06-30": "", "2013-03-31": "", "2012-12-31": "", "2012-09-30": "", "2012-06-30": "", "2012-03-31": "", "2011-12-31": "", "2011-09-30": "", "2011-06-30": "", "2011-03-31": "", "2010-12-31": "", "2010-09-30": "", "2010-06-30": "", "2010-03-31": "", "2009-12-31": "", "2009-09-30": "", "2009-06-30": "", "2009-03-31": "", "2008-12-31": "", "2008-09-30": "", "2008-06-30": "", "2008-03-31": "", "2007-12-31": "", "2007-09-30": "", "2007-06-30": "", "2007-03-31": "", "2006-12-31": "", "2006-09-30": "", "2006-06-30": "", "2006-03-31": "", "2005-12-31": "", "2005-09-30": "", "2005-06-30": "", "2005-03-31": ""}, "Share Holder Equity": {"2020-09-30": "1359.76400", "2020-06-30": "1507.48600", "2020-03-31": "1641.09800", "2019-12-31": "2050.16500", "2019-09-30": "2340.88700", "2019-06-30": "2455.14100", "2019-03-31": "2650.03900", "2018-12-31": "2750.32600", "2018-09-30": "2963.82800", "2018-06-30": "3088.64800", "2018-03-31": "2737.00800", "2017-12-31": "2938.77300", "2017-09-30": "2927.22100", "2017-06-30": "3072.77800", "2017-03-31": "3186.39400", "2016-12-31": "3254.79500", "2016-09-30": "3598.69400", "2016-06-30": "3722.69800", "2016-03-31": "3916.19700", "2015-12-31": "4293.86800", "2015-09-30": "4511.39900", "2015-06-30": "4939.37500", "2015-03-31": "4967.76200", "2014-12-31": "4918.78900", "2014-09-30": "5873.23400", "2014-06-30": "6081.92200", "2014-03-31": "5971.26900", "2013-12-31": "5981.17700", "2013-09-30": "5837.59300", "2013-06-30": "5933.28500", "2013-03-31": "5984.68500", "2012-12-31": "5957.11700", "2012-09-30": "5856.12400", "2012-06-30": "5728.90200", "2012-03-31": "5823.18000", "2011-12-31": "5601.21700", "2011-09-30": "5643.53900", "2011-06-30": "5668.47500", "2011-03-31": "5474.29400", "2010-12-31": "5342.86300", "2010-09-30": "5220.57000", "2010-06-30": "5228.40900", "2010-03-31": "5258.68300", "2009-12-31": "5181.97900", "2009-09-30": "5170.15300", "2009-06-30": "5047.82400", "2009-03-31": "5013.19600", "2008-12-31": "4918.42400", "2008-09-30": "4996.61400", "2008-06-30": "4933.65900", "2008-03-31": "4787.84000", "2007-12-31": "4514.12100", "2007-09-30": "4413.69300", "2007-06-30": "4122.61500", "2007-03-31": "3831.51500", "2006-12-31": "3536.65300", "2006-09-30": "3283.13200", "2006-06-30": "3075.85900", "2006-03-31": "3813.15000", "2005-12-31": "3758.14000", "2005-09-30": "3566.15200", "2005-06-30": "3290.60900", "2005-03-31": "3218.43100"}, "Total Liabilities And Share Holders Equity": {"2020-09-30": "5817.30800", "2020-06-30": "5982.41500", "2020-03-31": "6308.54800", "2019-12-31": "6760.65800", "2019-09-30": "7273.49700", "2019-06-30": "7514.50300", "2019-03-31": "7773.68400", "2018-12-31": "7853.94400", "2018-09-30": "7960.54700", "2018-06-30": "8300.28800", "2018-03-31": "8299.83000", "2017-12-31": "8401.98400", "2017-09-30": "8088.58500", "2017-06-30": "8092.45800", "2017-03-31": "8095.31200", "2016-12-31": "8187.01500", "2016-09-30": "8424.50400", "2016-06-30": "8656.30500", "2016-03-31": "8950.33100", "2015-12-31": "9537.84000", "2015-09-30": "9929.18100", "2015-06-30": "10517.28000", "2015-03-31": "10604.60000", "2014-12-31": "11862.92000", "2014-09-30": "12619.34000", "2014-06-30": "12436.00000", "2014-03-31": "12187.07000", "2013-12-31": "12159.81000", "2013-09-30": "12202.12000", "2013-06-30": "12266.90000", "2013-03-31": "12585.46000", "2012-12-31": "12656.02000", "2012-09-30": "12924.56000", "2012-06-30": "12843.47000", "2012-03-31": "13148.19000", "2011-12-31": "12912.14000", "2011-09-30": "12318.35000", "2011-06-30": "12115.65000", "2011-03-31": "11890.41000", "2010-12-31": "11646.57000", "2010-09-30": "11620.73000", "2010-06-30": "10500.14000", "2010-03-31": "10624.72000", "2009-12-31": "10644.69000", "2009-09-30": "10797.09000", "2009-06-30": "10869.36000", "2009-03-31": "10994.49000", "2008-12-31": "10517.90000", "2008-09-30": "10775.78000", "2008-06-30": "10904.64000", "2008-03-31": "10905.22000", "2007-12-31": "10103.38000", "2007-09-30": "10078.41000", "2007-06-30": "9912.26000", "2007-03-31": "9580.40600", "2006-12-31": "9142.30300", "2006-09-30": "8928.82800", "2006-06-30": "8591.13500", "2006-03-31": "6690.53900", "2005-12-31": "7230.40700", "2005-09-30": "6702.33400", "2005-06-30": "6308.59200", "2005-03-31": "6188.22700"}}, "cash flow statement": {"Net Income/Loss": {"2019-12-31": "-680.51000", "2018-12-31": "-612.72600", "2017-12-31": "-540.63300", "2016-12-31": "-1029.60700", "2015-12-31": "-372.29400", "2014-12-31": "-669.24400", "2013-12-31": "147.16200", "2012-12-31": "165.44800", "2011-12-31": "248.52400", "2010-12-31": "94.69500", "2009-12-31": "-85.54600", "2008-12-31": "475.73700", "2007-12-31": "865.70200", "2006-12-31": "1020.73600", "2005-12-31": "648.69500"}, "Total Depreciation And Amortization - Cash Flow": {"2019-12-31": "907.03410", "2018-12-31": "900.72200", "2017-12-31": "873.02200", "2016-12-31": "880.75100", "2015-12-31": "980.57700", "2014-12-31": "1155.67100", "2013-12-31": "1128.40300", "2012-12-31": "1064.53200", "2011-12-31": "1004.16000", "2010-12-31": "871.12100", "2009-12-31": "773.85200", "2008-12-31": "771.91700", "2007-12-31": "642.24800", "2006-12-31": "420.78400", "2005-12-31": "364.76000"}, "Other Non-Cash Items": {"2019-12-31": "321.37800", "2018-12-31": "253.93900", "2017-12-31": "118.35900", "2016-12-31": "585.15100", "2015-12-31": "262.83900", "2014-12-31": "807.66090", "2013-12-31": "139.73900", "2012-12-31": "395.37800", "2011-12-31": "238.86400", "2010-12-31": "343.54500", "2009-12-31": "456.80500", "2008-12-31": "493.79900", "2007-12-31": "17.50100", "2006-12-31": "255.47900", "2005-12-31": "175.61400"}, "Total Non-Cash Items": {"2019-12-31": "1228.41200", "2018-12-31": "1154.66100", "2017-12-31": "991.38100", "2016-12-31": "1465.90200", "2015-12-31": "1243.41600", "2014-12-31": "1963.33200", "2013-12-31": "1268.14200", "2012-12-31": "1459.91000", "2011-12-31": "1243.02400", "2010-12-31": "1214.66600", "2009-12-31": "1230.65700", "2008-12-31": "1265.71600", "2007-12-31": "659.74900", "2006-12-31": "676.26290", "2005-12-31": "540.37400"}, "Change In Accounts Receivable": {"2019-12-31": "276.68500", "2018-12-31": "-66.48600", "2017-12-31": "-168.43600", "2016-12-31": "253.94000", "2015-12-31": "529.15100", "2014-12-31": "-126.88300", "2013-12-31": "-44.56100", "2012-12-31": "200.53700", "2011-12-31": "-459.45500", "2010-12-31": "-249.72500", "2009-12-31": "450.53000", "2008-12-31": "-157.69700", "2007-12-31": "93.49000", "2006-12-31": "-279.68600", "2005-12-31": "-271.96900"}, "Change In Inventories": {"2019-12-31": "-18.69500", "2018-12-31": "-13.98100", "2017-12-31": "-17.44400", "2016-12-31": "40.64700", "2015-12-31": "23.85200", "2014-12-31": "-65.39800", "2013-12-31": "39.41200", "2012-12-31": "14.44700", "2011-12-31": "-114.89600", "2010-12-31": "-15.20100", "2009-12-31": "52.99500", "2008-12-31": "-26.77400", "2007-12-31": "-28.66800", "2006-12-31": "-48.63100", "2005-12-31": "-21.70400"}, "Change In Accounts Payable": {"2019-12-31": "", "2018-12-31": "", "2017-12-31": "", "2016-12-31": "", "2015-12-31": "", "2014-12-31": "", "2013-12-31": "", "2012-12-31": "", "2011-12-31": "", "2010-12-31": "", "2009-12-31": "", "2008-12-31": "", "2007-12-31": "", "2006-12-31": "", "2005-12-31": ""}, "Change In Assets/Liabilities": {"2019-12-31": "26.38000", "2018-12-31": "-17.19500", "2017-12-31": "-296.12700", "2016-12-31": "27.79900", "2015-12-31": "0.15300", "2014-12-31": "469.31000", "2013-12-31": "-73.73000", "2012-12-31": "-51.35400", "2011-12-31": "19.08000", "2010-12-31": "11.29400", "2009-12-31": "177.34100", "2008-12-31": "-156.33000", "2007-12-31": "-119.17300", "2006-12-31": "-99.23700", "2005-12-31": "3.99200"}, "Total Change In Assets/Liabilities": {"2019-12-31": "136.65600", "2018-12-31": "-216.16200", "2017-12-31": "-387.99200", "2016-12-31": "95.61000", "2015-12-31": "-14.56600", "2014-12-31": "487.82300", "2013-12-31": "2.91900", "2012-12-31": "-62.65300", "2011-12-31": "-35.06100", "2010-12-31": "-202.37700", "2009-12-31": "471.86100", "2008-12-31": "-278.62900", "2007-12-31": "-130.54200", "2006-12-31": "-210.74100", "2005-12-31": "-159.56900"}, "Cash Flow From Operating Activities": {"2019-12-31": "684.55800", "2018-12-31": "325.77300", "2017-12-31": "62.75600", "2016-12-31": "531.90500", "2015-12-31": "856.55600", "2014-12-31": "1781.91100", "2013-12-31": "1418.22300", "2012-12-31": "1562.70500", "2011-12-31": "1456.48700", "2010-12-31": "1106.98400", "2009-12-31": "1616.97200", "2008-12-31": "1462.82400", "2007-12-31": "1394.90900", "2006-12-31": "1486.25800", "2005-12-31": "1029.50000"}, "Net Change In Property, Plant, And Equipment": {"2019-12-31": "-427.74100", "2018-12-31": "-458.93800", "2017-12-31": "-574.46700", "2016-12-31": "-395.45500", "2015-12-31": "-867.10600", "2014-12-31": "-1821.31500", "2013-12-31": "-1178.20500", "2012-12-31": "-1518.62800", "2011-12-31": "-2042.61700", "2010-12-31": "-930.27700", "2009-12-31": "-1093.43500", "2008-12-31": "-1506.97900", "2007-12-31": "-2039.18000", "2006-12-31": "-1927.40700", "2005-12-31": "-907.31600"}, "Net Change In Intangible Assets": {"2019-12-31": "", "2018-12-31": "", "2017-12-31": "", "2016-12-31": "", "2015-12-31": "", "2014-12-31": "", "2013-12-31": "", "2012-12-31": "", "2011-12-31": "", "2010-12-31": "", "2009-12-31": "", "2008-12-31": "", "2007-12-31": "", "2006-12-31": "", "2005-12-31": ""}, "Net Acquisitions/Divestitures": {"2019-12-31": "-2.92900", "2018-12-31": "-20.85900", "2017-12-31": "12.31900", "2016-12-31": "-22.27800", "2015-12-31": "-80.18700", "2014-12-31": "-72.53400", "2013-12-31": "-116.97100", "2012-12-31": "", "2011-12-31": "-55.45900", "2010-12-31": "-733.63000", "2009-12-31": "", "2008-12-31": "-0.28700", "2007-12-31": "185.94100", "2006-12-31": "-82.40700", "2005-12-31": "-46.20100"}, "Net Change In Short-term Investments": {"2019-12-31": "", "2018-12-31": "", "2017-12-31": "", "2016-12-31": "", "2015-12-31": "", "2014-12-31": "", "2013-12-31": "", "2012-12-31": "", "2011-12-31": "", "2010-12-31": "", "2009-12-31": "", "2008-12-31": "", "2007-12-31": "", "2006-12-31": "", "2005-12-31": ""}, "Net Change In Long-Term Investments": {"2019-12-31": "14.52600", "2018-12-31": "3.61100", "2017-12-31": "6.34700", "2016-12-31": "0.71500", "2015-12-31": "0.50700", "2014-12-31": "22.05800", "2013-12-31": "171.18300", "2012-12-31": "189.19900", "2011-12-31": "-84.94500", "2010-12-31": "-40.47000", "2009-12-31": "-100.71700", "2008-12-31": "-19.67900", "2007-12-31": "203.96700", "2006-12-31": "187.94490", "2005-12-31": "3.81900"}, "Net Change In Investments - Total": {"2019-12-31": "14.52600", "2018-12-31": "3.61100", "2017-12-31": "6.34700", "2016-12-31": "0.71500", "2015-12-31": "0.50700", "2014-12-31": "22.05800", "2013-12-31": "171.18300", "2012-12-31": "189.19900", "2011-12-31": "-84.94500", "2010-12-31": "-40.47000", "2009-12-31": "-100.71700", "2008-12-31": "-19.67900", "2007-12-31": "203.96700", "2006-12-31": "187.94490", "2005-12-31": "3.81900"}, "Investing Activities - Other": {"2019-12-31": "60.28800", "2018-12-31": "109.09800", "2017-12-31": "57.93300", "2016-12-31": "34.83100", "2015-12-31": "719.33700", "2014-12-31": "154.88200", "2013-12-31": "308.52500", "2012-12-31": "149.80100", "2011-12-31": "323.54200", "2010-12-31": "31.07200", "2009-12-31": "31.37500", "2008-12-31": "69.84200", "2007-12-31": "162.05500", "2006-12-31": "53.40000", "2005-12-31": "-8.54200"}, "Cash Flow From Investing Activities": {"2019-12-31": "-355.85600", "2018-12-31": "-367.08800", "2017-12-31": "-497.86800", "2016-12-31": "-382.18700", "2015-12-31": "-227.44900", "2014-12-31": "-1716.90900", "2013-12-31": "-815.46800", "2012-12-31": "-1179.62800", "2011-12-31": "-1859.47900", "2010-12-31": "-1673.30500", "2009-12-31": "-1162.77700", "2008-12-31": "-1457.10300", "2007-12-31": "-1487.21700", "2006-12-31": "-1768.46900", "2005-12-31": "-958.24000"}, "Net Long-Term Debt": {"2019-12-31": "-270.36000", "2018-12-31": "-458.27810", "2017-12-31": "416.88600", "2016-12-31": "-64.11210", "2015-12-31": "-677.59700", "2014-12-31": "437.34300", "2013-12-31": "-685.58400", "2012-12-31": "-246.25800", "2011-12-31": "153.29710", "2010-12-31": "293.72200", "2009-12-31": "36.59090", "2008-12-31": "126.39000", "2007-12-31": "", "2006-12-31": "1980.21100", "2005-12-31": "-0.42400"}, "Net Current Debt": {"2019-12-31": "-0.56100", "2018-12-31": "0.38000", "2017-12-31": "-0.54300", "2016-12-31": "-6.21100", "2015-12-31": "0.96300", "2014-12-31": "-6.15100", "2013-12-31": "-4.42100", "2012-12-31": "1.61200", "2011-12-31": "6.37500", "2010-12-31": "-6.29800", "2009-12-31": "-18.15700", "2008-12-31": "23.85800", "2007-12-31": "-38.41600", "2006-12-31": "-581.39600", "2005-12-31": "10.80500"}, "Debt Issuance/Retirement Net - Total": {"2019-12-31": "-270.92100", "2018-12-31": "-457.89810", "2017-12-31": "416.34300", "2016-12-31": "-70.32310", "2015-12-31": "-676.63400", "2014-12-31": "431.19200", "2013-12-31": "-690.00500", "2012-12-31": "-244.64600", "2011-12-31": "159.67210", "2010-12-31": "287.42400", "2009-12-31": "18.43390", "2008-12-31": "150.24800", "2007-12-31": "-38.41600", "2006-12-31": "1398.81500", "2005-12-31": "10.38100"}, "Net Common Equity Issued/Repurchased": {"2019-12-31": "", "2018-12-31": "301.40400", "2017-12-31": "-9.77100", "2016-12-31": "-0.72000", "2015-12-31": "-98.30200", "2014-12-31": "-219.77400", "2013-12-31": "5.38300", "2012-12-31": "-3.62500", "2011-12-31": "11.60500", "2010-12-31": "6.26600", "2009-12-31": "9.73400", "2008-12-31": "-237.53200", "2007-12-31": "-42.64200", "2006-12-31": "-1377.15800", "2005-12-31": "94.98100"}, "Net Total Equity Issued/Repurchased": {"2019-12-31": "", "2018-12-31": "579.33100", "2017-12-31": "-9.77100", "2016-12-31": "-0.72000", "2015-12-31": "-98.30200", "2014-12-31": "-290.64900", "2013-12-31": "5.38300", "2012-12-31": "-3.62500", "2011-12-31": "11.60500", "2010-12-31": "6.26600", "2009-12-31": "9.73400", "2008-12-31": "-237.53200", "2007-12-31": "-42.64200", "2006-12-31": "-1377.15800", "2005-12-31": "94.98100"}, "Total Common And Preferred Stock Dividends Paid": {"2019-12-31": "-49.58300", "2018-12-31": "-87.09800", "2017-12-31": "-68.50300", "2016-12-31": "-50.92400", "2015-12-31": "-69.36300", "2014-12-31": "-59.14500", "2013-12-31": "-47.16800", "2012-12-31": "", "2011-12-31": "", "2010-12-31": "", "2009-12-31": "", "2008-12-31": "", "2007-12-31": "", "2006-12-31": "", "2005-12-31": ""}, "Financial Activities - Other": {"2019-12-31": "-11.06900", "2018-12-31": "121.29400", "2017-12-31": "174.11100", "2016-12-31": "-16.24900", "2015-12-31": "-5.64200", "2014-12-31": "-11.55000", "2013-12-31": "2.20400", "2012-12-31": "-5.85600", "2011-12-31": "-8.03200", "2010-12-31": "-13.43600", "2009-12-31": "-8.79500", "2008-12-31": "-1.95500", "2007-12-31": "2.15900", "2006-12-31": "396.61800", "2005-12-31": "-2.73600"}, "Cash Flow From Financial Activities": {"2019-12-31": "-331.57300", "2018-12-31": "155.62900", "2017-12-31": "512.18000", "2016-12-31": "-138.21600", "2015-12-31": "-849.94100", "2014-12-31": "69.84800", "2013-12-31": "-729.58600", "2012-12-31": "-254.12700", "2011-12-31": "163.24500", "2010-12-31": "280.25400", "2009-12-31": "19.37300", "2008-12-31": "-89.23900", "2007-12-31": "-78.89900", "2006-12-31": "418.27500", "2005-12-31": "102.62600"}, "Net Cash Flow": {"2019-12-31": "-9.04200", "2018-12-31": "109.05100", "2017-12-31": "77.03900", "2016-12-31": "9.49900", "2015-12-31": "-246.61900", "2014-12-31": "111.23400", "2013-12-31": "-135.00700", "2012-12-31": "126.34700", "2011-12-31": "-243.12700", "2010-12-31": "-286.11300", "2009-12-31": "485.72800", "2008-12-31": "-89.21900", "2007-12-31": "-169.24300", "2006-12-31": "135.54800", "2005-12-31": "180.29200"}, "Stock-Based Compensation": {"2019-12-31": "24.66000", "2018-12-31": "26.39600", "2017-12-31": "31.89600", "2016-12-31": "32.00000", "2015-12-31": "47.31300", "2014-12-31": "37.19000", "2013-12-31": "53.25500", "2012-12-31": "18.31200", "2011-12-31": "21.24400", "2010-12-31": "13.74600", "2009-12-31": "106.72500", "2008-12-31": "45.40100", "2007-12-31": "30.17600", "2006-12-31": "79.88800", "2005-12-31": "4.81900"}, "Common Stock Dividends Paid": {"2019-12-31": "-49.58300", "2018-12-31": "-87.09800", "2017-12-31": "-68.50300", "2016-12-31": "-50.92400", "2015-12-31": "-69.36300", "2014-12-31": "-59.14500", "2013-12-31": "-47.16800", "2012-12-31": "", "2011-12-31": "", "2010-12-31": "", "2009-12-31": "", "2008-12-31": "", "2007-12-31": "", "2006-12-31": "", "2005-12-31": ""}}, "cash flow statement, quarterly": {"Net Income/Loss": {"2020-09-30": -146.66, "2020-06-30": -137.945, "2020-03-31": "-374.36200", "2019-12-31": -284.511, "2019-09-30": -99.631, "2019-06-30": -192.835, "2019-03-31": "-103.53300", "2018-12-31": -165.622, "2018-09-30": -107.643, "2018-06-30": -195.799, "2018-03-31": "-143.66200", "2017-12-31": -115.167, "2017-09-30": -146.419, "2017-06-30": -130.98, "2017-03-31": "-148.06700", "2016-12-31": -334.462, "2016-09-30": -110.026, "2016-06-30": -187.549, "2016-03-31": "-397.57000", "2015-12-31": -162.82, "2015-09-30": -296.154, "2015-06-30": -36.865, "2015-03-31": "123.54500", "2014-12-31": -890.868, "2014-09-30": 106.435, "2014-06-30": 64.697, "2014-03-31": "50.49200", "2013-12-31": 151.629, "2013-09-30": -104.94, "2013-06-30": 1.255, "2013-03-31": "99.21800", "2012-12-31": 28.491, "2012-09-30": 75.656, "2012-06-30": -72.789, "2012-03-31": "134.09000", "2011-12-31": -101.005, "2011-09-30": 74.256, "2011-06-30": 192.448, "2011-03-31": "82.82500", "2010-12-31": 50.481, "2010-09-30": -39.607, "2010-06-30": 43.621, "2010-03-31": "40.20000", "2009-12-31": -47.26, "2009-09-30": 29.53, "2009-06-30": -192.986, "2009-03-31": "125.17000", "2008-12-31": -106.703, "2008-09-30": 193.983, "2008-06-30": 176.413, "2008-03-31": "212.04400", "2007-12-31": 157.163, "2007-09-30": 218.028, "2007-06-30": 228.349, "2007-03-31": "262.16200", "2006-12-31": 237.789, "2006-09-30": 292.751, "2006-06-30": 233.433, "2006-03-31": "256.76300", "2005-12-31": 210.619, "2005-09-30": 178.857, "2005-06-30": 131.805, "2005-03-31": "127.41400"}, "Total Depreciation And Amortization - Cash Flow": {"2020-09-30": 215.002, "2020-06-30": 219.174, "2020-03-31": "235.21600", "2019-12-31": 233.557, "2019-09-30": 228.8921, "2019-06-30": 226.458, "2019-03-31": "218.12700", "2018-12-31": 236.57, "2018-09-30": 216.696, "2018-06-30": 226.146, "2018-03-31": "221.31000", "2017-12-31": 221.82, "2017-09-30": 224.827, "2017-06-30": 215.778, "2017-03-31": "210.59700", "2016-12-31": 218.278, "2016-09-30": 222.957, "2016-06-30": 221.161, "2016-03-31": "218.35500", "2015-12-31": 238.658, "2015-09-30": 240.834, "2015-06-30": 220.066, "2015-03-31": "281.01900", "2014-12-31": 301.956, "2014-09-30": 287.257, "2014-06-30": 284.109, "2014-03-31": "282.34900", "2013-12-31": 285.27, "2013-09-30": 285.314, "2013-06-30": 284.396, "2013-03-31": "273.42300", "2012-12-31": 285.916, "2012-09-30": 269.717, "2012-06-30": 261.238, "2012-03-31": "247.66100", "2011-12-31": 253.7, "2011-09-30": 249.635, "2011-06-30": 239.007, "2011-03-31": "261.81800", "2010-12-31": 240.795, "2010-09-30": 226.361, "2010-06-30": 203.854, "2010-03-31": "200.11100", "2009-12-31": 193.248, "2009-09-30": 200.52, "2009-06-30": 191.21, "2009-03-31": "188.87400", "2008-12-31": 194.285, "2008-09-30": 201.074, "2008-06-30": 195.236, "2008-03-31": "181.32200", "2007-12-31": 261.092, "2007-09-30": 141.489, "2007-06-30": 124.983, "2007-03-31": "114.68400", "2006-12-31": 116.963, "2006-09-30": 108.077, "2006-06-30": 97.818, "2006-03-31": "97.92600", "2005-12-31": 97.238, "2005-09-30": 91.598, "2005-06-30": 88.87, "2005-03-31": "87.05400"}, "Other Non-Cash Items": {"2020-09-30": -21.395, "2020-06-30": 12.622, "2020-03-31": "283.60900", "2019-12-31": 205.324, "2019-09-30": 2.831, "2019-06-30": 103.325, "2019-03-31": "9.89800", "2018-12-31": 93.376, "2018-09-30": 36.953, "2018-06-30": 98.893, "2018-03-31": "24.71700", "2017-12-31": 149.021, "2017-09-30": 16.948, "2017-06-30": -21.078, "2017-03-31": "-26.53200", "2016-12-31": 230.683, "2016-09-30": -13.363, "2016-06-30": 80.297, "2016-03-31": "287.53400", "2015-12-31": 63.706, "2015-09-30": 208.073, "2015-06-30": 101.928, "2015-03-31": "-110.86800", "2014-12-31": 794.1729, "2014-09-30": -26.384, "2014-06-30": 25.164, "2014-03-31": "14.70800", "2013-12-31": -84.116, "2013-09-30": 248.779, "2013-06-30": 12.002, "2013-03-31": "-36.92600", "2012-12-31": 55.973, "2012-09-30": 38.105, "2012-06-30": 203.514, "2012-03-31": "97.78600", "2011-12-31": 258.134, "2011-09-30": 76.645, "2011-06-30": -96.743, "2011-03-31": "0.82800", "2010-12-31": 142.989, "2010-09-30": 186.556, "2010-06-30": -2.167, "2010-03-31": "16.16700", "2009-12-31": 88.256, "2009-09-30": -28.638, "2009-06-30": 341.792, "2009-03-31": "55.39500", "2008-12-31": 462.864, "2008-09-30": 46.519, "2008-06-30": 30.917, "2008-03-31": "-46.50100", "2007-12-31": 31.181, "2007-09-30": 4.697, "2007-06-30": 13.889, "2007-03-31": "-32.26600", "2006-12-31": 67.51, "2006-09-30": 73.469, "2006-06-30": 60.801, "2006-03-31": "53.69900", "2005-12-31": 65.91, "2005-09-30": 45.916, "2005-06-30": 34.551, "2005-03-31": "29.23700"}, "Total Non-Cash Items": {"2020-09-30": 193.6069, "2020-06-30": 231.796, "2020-03-31": "518.82500", "2019-12-31": 438.8809, "2019-09-30": 231.7231, "2019-06-30": 329.783, "2019-03-31": "228.02500", "2018-12-31": 329.946, "2018-09-30": 253.649, "2018-06-30": 325.039, "2018-03-31": "246.02700", "2017-12-31": 370.841, "2017-09-30": 241.775, "2017-06-30": 194.7, "2017-03-31": "184.06500", "2016-12-31": 448.961, "2016-09-30": 209.5941, "2016-06-30": 301.4579, "2016-03-31": "505.88900", "2015-12-31": 302.3639, "2015-09-30": 448.9071, "2015-06-30": 321.994, "2015-03-31": "170.15100", "2014-12-31": 1096.129, "2014-09-30": 260.873, "2014-06-30": 309.273, "2014-03-31": "297.05700", "2013-12-31": 201.154, "2013-09-30": 534.093, "2013-06-30": 296.398, "2013-03-31": "236.49700", "2012-12-31": 341.889, "2012-09-30": 307.8221, "2012-06-30": 464.7519, "2012-03-31": "345.44700", "2011-12-31": 511.834, "2011-09-30": 326.28, "2011-06-30": 142.264, "2011-03-31": "262.64600", "2010-12-31": 383.784, "2010-09-30": 412.917, "2010-06-30": 201.687, "2010-03-31": "216.27800", "2009-12-31": 281.504, "2009-09-30": 171.8821, "2009-06-30": 533.0019, "2009-03-31": "244.26900", "2008-12-31": 657.149, "2008-09-30": 247.593, "2008-06-30": 226.153, "2008-03-31": "134.82100", "2007-12-31": 292.273, "2007-09-30": 146.186, "2007-06-30": 138.872, "2007-03-31": "82.41800", "2006-12-31": 184.4729, "2006-09-30": 181.546, "2006-06-30": 158.619, "2006-03-31": "151.62500", "2005-12-31": 163.148, "2005-09-30": 137.514, "2005-06-30": 123.421, "2005-03-31": "116.29100"}, "Change In Accounts Receivable": {"2020-09-30": 0.776, "2020-06-30": 105.989, "2020-03-31": "-16.00800", "2019-12-31": 140.419, "2019-09-30": 112.478, "2019-06-30": 8.874, "2019-03-31": "14.91400", "2018-12-31": 15.709, "2018-09-30": 4.773, "2018-06-30": -52.587, "2018-03-31": "-34.38100", "2017-12-31": -40.586, "2017-09-30": -38.51, "2017-06-30": -70.08, "2017-03-31": "-19.26000", "2016-12-31": -1.515, "2016-09-30": -0.49, "2016-06-30": 89.871, "2016-03-31": "166.07400", "2015-12-31": 79.304, "2015-09-30": 0.785, "2015-06-30": 204.518, "2015-03-31": "244.54400", "2014-12-31": 102.278, "2014-09-30": -181.072, "2014-06-30": 8.915, "2014-03-31": "-57.00400", "2013-12-31": -22.993, "2013-09-30": -44.124, "2013-06-30": 83.955, "2013-03-31": "-61.39900", "2012-12-31": 153.564, "2012-09-30": 80.954, "2012-06-30": 103.715, "2012-03-31": "-137.69600", "2011-12-31": -176.373, "2011-09-30": -200.549, "2011-06-30": 39.039, "2011-03-31": "-121.57200", "2010-12-31": -109.133, "2010-09-30": -98.229, "2010-06-30": -33.795, "2010-03-31": "-8.56800", "2009-12-31": -17.72, "2009-09-30": 88.967, "2009-06-30": 198.229, "2009-03-31": "181.05400", "2008-12-31": -18.021, "2008-09-30": -80.184, "2008-06-30": 27.477, "2008-03-31": "-86.96900", "2007-12-31": 4.598, "2007-09-30": 0.625, "2007-06-30": 109.724, "2007-03-31": "-21.45700", "2006-12-31": -25.283, "2006-09-30": -91.006, "2006-06-30": -42.286, "2006-03-31": "-121.11100", "2005-12-31": -83.35, "2005-09-30": -105.476, "2005-06-30": 23.328, "2005-03-31": "-106.47100"}, "Change In Inventories": {"2020-09-30": 11.835, "2020-06-30": 0.697, "2020-03-31": "-1.42100", "2019-12-31": 2.805, "2019-09-30": -8.686, "2019-06-30": -12.129, "2019-03-31": "-0.68500", "2018-12-31": -12.503, "2018-09-30": 5.675, "2018-06-30": 0.682, "2018-03-31": "-7.83500", "2017-12-31": -2.877, "2017-09-30": -10.442, "2017-06-30": 1.176, "2017-03-31": "-5.30100", "2016-12-31": 25.987, "2016-09-30": 9.438, "2016-06-30": 3.165, "2016-03-31": "2.05700", "2015-12-31": 14.369, "2015-09-30": 1.72, "2015-06-30": 7.252, "2015-03-31": "0.51100", "2014-12-31": -30.411, "2014-09-30": -28.364, "2014-06-30": -21.103, "2014-03-31": "14.48000", "2013-12-31": 19.192, "2013-09-30": 6.327, "2013-06-30": 8.393, "2013-03-31": "5.50000", "2012-12-31": 3.547, "2012-09-30": 4.264, "2012-06-30": -1.247, "2012-03-31": "7.88300", "2011-12-31": -37.983, "2011-09-30": -37.106, "2011-06-30": -4.587, "2011-03-31": "-35.22000", "2010-12-31": -7.422, "2010-09-30": -0.471, "2010-06-30": -9.237, "2010-03-31": "1.92900", "2009-12-31": 15.243, "2009-09-30": 20.864, "2009-06-30": 10.978, "2009-03-31": "5.91000", "2008-12-31": -30.087, "2008-09-30": -2.839, "2008-06-30": 4.077, "2008-03-31": "2.07500", "2007-12-31": -2.817, "2007-09-30": -1.638, "2007-06-30": -10.678, "2007-03-31": "-13.53500", "2006-12-31": -2.584, "2006-09-30": -28.019, "2006-06-30": -11.012, "2006-03-31": "-7.01600", "2005-12-31": -8.661, "2005-09-30": -5.717, "2005-06-30": -4.186, "2005-03-31": "-3.14000"}, "Change In Accounts Payable": {"2020-09-30": 0, "2020-06-30": 0, "2020-03-31": "", "2019-12-31": 0, "2019-09-30": 0, "2019-06-30": 0, "2019-03-31": "", "2018-12-31": 0, "2018-09-30": 0, "2018-06-30": 0, "2018-03-31": "", "2017-12-31": 0, "2017-09-30": 0, "2017-06-30": 0, "2017-03-31": "", "2016-12-31": 0, "2016-09-30": 0, "2016-06-30": 0, "2016-03-31": "", "2015-12-31": 0, "2015-09-30": 0, "2015-06-30": 0, "2015-03-31": "", "2014-12-31": 0, "2014-09-30": 0, "2014-06-30": 0, "2014-03-31": "", "2013-12-31": 0, "2013-09-30": 0, "2013-06-30": 0, "2013-03-31": "", "2012-12-31": 0, "2012-09-30": 0, "2012-06-30": 0, "2012-03-31": "", "2011-12-31": 0, "2011-09-30": 0, "2011-06-30": 0, "2011-03-31": "", "2010-12-31": 0, "2010-09-30": 0, "2010-06-30": 0, "2010-03-31": "", "2009-12-31": 0, "2009-09-30": 0, "2009-06-30": 0, "2009-03-31": "", "2008-12-31": 0, "2008-09-30": 0, "2008-06-30": 0, "2008-03-31": "", "2007-12-31": 0, "2007-09-30": 0, "2007-06-30": 0, "2007-03-31": "", "2006-12-31": 0, "2006-09-30": 0, "2006-06-30": 0, "2006-03-31": "", "2005-12-31": 0, "2005-09-30": 0, "2005-06-30": 0, "2005-03-31": ""}, "Change In Assets/Liabilities": {"2020-09-30": 24.797, "2020-06-30": -11.397, "2020-03-31": "4.60500", "2019-12-31": -22.066, "2019-09-30": -5.731, "2019-06-30": 33.482, "2019-03-31": "20.69500", "2018-12-31": 16.089, "2018-09-30": -17.41, "2018-06-30": -16.256, "2018-03-31": "0.38200", "2017-12-31": -165.96, "2017-09-30": -25.705, "2017-06-30": -55.764, "2017-03-31": "-48.69800", "2016-12-31": 4.675, "2016-09-30": 38.596, "2016-06-30": -20.319, "2016-03-31": "4.84700", "2015-12-31": -154.471, "2015-09-30": 10.018, "2015-06-30": 125.801, "2015-03-31": "18.80500", "2014-12-31": 167.542, "2014-09-30": 116.886, "2014-06-30": -9.163, "2014-03-31": "194.04500", "2013-12-31": -29.847, "2013-09-30": -30.092, "2013-06-30": 34.928, "2013-03-31": "-48.71900", "2012-12-31": -43.224, "2012-09-30": -3.482, "2012-06-30": -10.912, "2012-03-31": "6.26400", "2011-12-31": -37.163, "2011-09-30": -31.436, "2011-06-30": 30.605, "2011-03-31": "57.07400", "2010-12-31": 139.948, "2010-09-30": -141.045, "2010-06-30": -5.566, "2010-03-31": "17.95700", "2009-12-31": 60.757, "2009-09-30": 39.181, "2009-06-30": 77.977, "2009-03-31": "-0.57400", "2008-12-31": -94.616, "2008-09-30": -14.611, "2008-06-30": -58.058, "2008-03-31": "10.95500", "2007-12-31": 56.28, "2007-09-30": -42.084, "2007-06-30": -89.081, "2007-03-31": "-44.28800", "2006-12-31": -44.774, "2006-09-30": -37.456, "2006-06-30": -46.005, "2006-03-31": "28.99800", "2005-12-31": 31.38, "2005-09-30": -28.887, "2005-06-30": -4.227, "2005-03-31": "5.72600"}, "Total Change In Assets/Liabilities": {"2020-09-30": -0.813, "2020-06-30": 48.759, "2020-03-31": "-85.30100", "2019-12-31": 99.36, "2019-09-30": 25.651, "2019-06-30": 66.283, "2019-03-31": "-54.63800", "2018-12-31": 84.53, "2018-09-30": -146.444, "2018-06-30": 29.8, "2018-03-31": "-184.04800", "2017-12-31": -156.809, "2017-09-30": -121.935, "2017-06-30": -15.259, "2017-03-31": "-93.98900", "2016-12-31": 12.638, "2016-09-30": -31.472, "2016-06-30": 61.257, "2016-03-31": "53.18700", "2015-12-31": 112.001, "2015-09-30": -65.146, "2015-06-30": -74.895, "2015-03-31": "13.47400", "2014-12-31": 332.306, "2014-09-30": 30.999, "2014-06-30": 27.504, "2014-03-31": "97.01400", "2013-12-31": 90.725, "2013-09-30": -119.846, "2013-06-30": 188.461, "2013-03-31": "-156.42100", "2012-12-31": 98.28, "2012-09-30": -1.37, "2012-06-30": 75.791, "2012-03-31": "-235.35400", "2011-12-31": -62.476, "2011-09-30": -162.304, "2011-06-30": 244.266, "2011-03-31": "-54.54700", "2010-12-31": -9.415, "2010-09-30": -161.085, "2010-06-30": 1.454, "2010-03-31": "-33.33100", "2009-12-31": 82.517, "2009-09-30": 91.484, "2009-06-30": 164.435, "2009-03-31": "133.42500", "2008-12-31": -147.502, "2008-09-30": -13.691, "2008-06-30": -50.962, "2008-03-31": "-66.47400", "2007-12-31": 87.417, "2007-09-30": -161.543, "2007-06-30": -67.975, "2007-03-31": "11.55900", "2006-12-31": 24.457, "2006-09-30": -176.324, "2006-06-30": -46.452, "2006-03-31": "-12.42200", "2005-12-31": -9.641, "2005-09-30": -82.991, "2005-06-30": 13.594, "2005-03-31": "-80.53100"}, "Cash Flow From Operating Activities": {"2020-09-30": 46.134, "2020-06-30": 142.61, "2020-03-31": "59.16200", "2019-12-31": 253.73, "2019-09-30": 157.743, "2019-06-30": 203.231, "2019-03-31": "69.85400", "2018-12-31": 248.854, "2018-09-30": -0.438, "2018-06-30": 159.04, "2018-03-31": "-81.68300", "2017-12-31": 98.865, "2017-09-30": -26.579, "2017-06-30": 48.461, "2017-03-31": "-57.99100", "2016-12-31": 127.137, "2016-09-30": 68.096, "2016-06-30": 175.166, "2016-03-31": "161.50600", "2015-12-31": 251.545, "2015-09-30": 87.607, "2015-06-30": 210.234, "2015-03-31": "307.17000", "2014-12-31": 537.567, "2014-09-30": 398.307, "2014-06-30": 401.474, "2014-03-31": "444.56300", "2013-12-31": 443.508, "2013-09-30": 309.307, "2013-06-30": 486.113, "2013-03-31": "179.29500", "2012-12-31": 468.66, "2012-09-30": 382.108, "2012-06-30": 467.754, "2012-03-31": "244.18300", "2011-12-31": 348.353, "2011-09-30": 238.232, "2011-06-30": 578.978, "2011-03-31": "290.92400", "2010-12-31": 424.85, "2010-09-30": 212.225, "2010-06-30": 246.762, "2010-03-31": "223.14700", "2009-12-31": 316.761, "2009-09-30": 292.896, "2009-06-30": 504.451, "2009-03-31": "502.86400", "2008-12-31": 402.944, "2008-09-30": 427.885, "2008-06-30": 351.604, "2008-03-31": "280.39100", "2007-12-31": 536.853, "2007-09-30": 202.671, "2007-06-30": 299.246, "2007-03-31": "356.13900", "2006-12-31": 446.719, "2006-09-30": 297.973, "2006-06-30": 345.6, "2006-03-31": "395.96600", "2005-12-31": 364.126, "2005-09-30": 233.38, "2005-06-30": 268.82, "2005-03-31": "163.17400"}, "Net Change In Property, Plant, And Equipment": {"2020-09-30": -46.362, "2020-06-30": -47.336, "2020-03-31": "-59.43000", "2019-12-31": -61.147, "2019-09-30": -92.115, "2019-06-30": -133.409, "2019-03-31": "-141.07000", "2018-12-31": -119.97, "2018-09-30": -129.497, "2018-06-30": -115.445, "2018-03-31": "-94.02600", "2017-12-31": -125.603, "2017-09-30": -133.095, "2017-06-30": -132.342, "2017-03-31": "-183.42700", "2016-12-31": -110.505, "2016-09-30": -91.716, "2016-06-30": -63.359, "2016-03-31": "-129.87500", "2015-12-31": -123.059, "2015-09-30": -177.375, "2015-06-30": -202.438, "2015-03-31": "-364.23400", "2014-12-31": -477.093, "2014-09-30": -481.542, "2014-06-30": -466.215, "2014-03-31": "-396.46500", "2013-12-31": -397.494, "2013-09-30": -280.343, "2013-06-30": -264.829, "2013-03-31": "-235.53900", "2012-12-31": -296.859, "2012-09-30": -253.908, "2012-06-30": -494.174, "2012-03-31": "-473.68700", "2011-12-31": -510.02, "2011-09-30": -529.352, "2011-06-30": -644.671, "2011-03-31": "-358.57400", "2010-12-31": -289.324, "2010-09-30": -271.498, "2010-06-30": -218.715, "2010-03-31": "-150.74000", "2009-12-31": -165.237, "2009-09-30": -217.349, "2009-06-30": -320.334, "2009-03-31": "-390.51500", "2008-12-31": -393.723, "2008-09-30": -361.431, "2008-06-30": -423.894, "2008-03-31": "-327.93100", "2007-12-31": -556.335, "2007-09-30": -387.349, "2007-06-30": -512.285, "2007-03-31": "-583.21100", "2006-12-31": -582.725, "2006-09-30": -504.676, "2006-06-30": -493.795, "2006-03-31": "-346.21100", "2005-12-31": -329.472, "2005-09-30": -230.72, "2005-06-30": -173.344, "2005-03-31": "-173.78000"}, "Net Change In Intangible Assets": {"2020-09-30": 0, "2020-06-30": 0, "2020-03-31": "", "2019-12-31": 0, "2019-09-30": 0, "2019-06-30": 0, "2019-03-31": "", "2018-12-31": 0, "2018-09-30": 0, "2018-06-30": 0, "2018-03-31": "", "2017-12-31": 0, "2017-09-30": 0, "2017-06-30": 0, "2017-03-31": "", "2016-12-31": 0, "2016-09-30": 0, "2016-06-30": 0, "2016-03-31": "", "2015-12-31": 0, "2015-09-30": 0, "2015-06-30": 0, "2015-03-31": "", "2014-12-31": 0, "2014-09-30": 0, "2014-06-30": 0, "2014-03-31": "", "2013-12-31": 0, "2013-09-30": 0, "2013-06-30": 0, "2013-03-31": "", "2012-12-31": 0, "2012-09-30": 0, "2012-06-30": 0, "2012-03-31": "", "2011-12-31": 0, "2011-09-30": 0, "2011-06-30": 0, "2011-03-31": "", "2010-12-31": 0, "2010-09-30": 0, "2010-06-30": 0, "2010-03-31": "", "2009-12-31": 0, "2009-09-30": 0, "2009-06-30": 0, "2009-03-31": "", "2008-12-31": 0, "2008-09-30": 0, "2008-06-30": 0, "2008-03-31": "", "2007-12-31": 0, "2007-09-30": 0, "2007-06-30": 0, "2007-03-31": "", "2006-12-31": 0, "2006-09-30": 0, "2006-06-30": 0, "2006-03-31": "", "2005-12-31": 0, "2005-09-30": 0, "2005-06-30": 0, "2005-03-31": ""}, "Net Acquisitions/Divestitures": {"2020-09-30": 0, "2020-06-30": 0, "2020-03-31": "", "2019-12-31": 0, "2019-09-30": 0, "2019-06-30": 0, "2019-03-31": "-2.92900", "2018-12-31": -20.859, "2018-09-30": 0, "2018-06-30": 0, "2018-03-31": "", "2017-12-31": 63.083, "2017-09-30": -50.764, "2017-06-30": 0, "2017-03-31": "", "2016-12-31": -22.278, "2016-09-30": 0, "2016-06-30": 0, "2016-03-31": "", "2015-12-31": -22.278, "2015-09-30": 0, "2015-06-30": -57.909, "2015-03-31": "", "2014-12-31": -62.334, "2014-09-30": 0, "2014-06-30": 0, "2014-03-31": "-10.20000", "2013-12-31": -79.455, "2013-09-30": 0, "2013-06-30": 0, "2013-03-31": "-37.51600", "2012-12-31": 0, "2012-09-30": 0, "2012-06-30": 0, "2012-03-31": "", "2011-12-31": 0, "2011-09-30": -55.459, "2011-06-30": 0, "2011-03-31": "", "2010-12-31": -53.4, "2010-09-30": -680.23, "2010-06-30": 0, "2010-03-31": "", "2009-12-31": 0, "2009-09-30": 0, "2009-06-30": 0, "2009-03-31": "", "2008-12-31": -0.287, "2008-09-30": 0, "2008-06-30": 0, "2008-03-31": "", "2007-12-31": 0, "2007-09-30": 194.332, "2007-06-30": 0, "2007-03-31": "-8.39100", "2006-12-31": -35.897, "2006-09-30": 35.726, "2006-06-30": -32.927, "2006-03-31": "-49.30900", "2005-12-31": 0, "2005-09-30": -3.196, "2005-06-30": -36.23, "2005-03-31": "-6.77500"}, "Net Change In Short-term Investments": {"2020-09-30": 0, "2020-06-30": 0, "2020-03-31": "", "2019-12-31": 0, "2019-09-30": 0, "2019-06-30": 0, "2019-03-31": "", "2018-12-31": 0, "2018-09-30": 0, "2018-06-30": 0, "2018-03-31": "", "2017-12-31": 0, "2017-09-30": 0, "2017-06-30": 0, "2017-03-31": "", "2016-12-31": 0, "2016-09-30": 0, "2016-06-30": 0, "2016-03-31": "", "2015-12-31": 0, "2015-09-30": -0.745, "2015-06-30": 0.745, "2015-03-31": "", "2014-12-31": 0, "2014-09-30": 0, "2014-06-30": 0, "2014-03-31": "", "2013-12-31": 0, "2013-09-30": 0, "2013-06-30": 0, "2013-03-31": "", "2012-12-31": 0, "2012-09-30": 0, "2012-06-30": 0, "2012-03-31": "", "2011-12-31": 0, "2011-09-30": -20.622, "2011-06-30": 20.622, "2011-03-31": "", "2010-12-31": 0, "2010-09-30": 0, "2010-06-30": 0, "2010-03-31": "", "2009-12-31": 0, "2009-09-30": 0, "2009-06-30": 0, "2009-03-31": "", "2008-12-31": 0, "2008-09-30": 0, "2008-06-30": 0, "2008-03-31": "", "2007-12-31": 0, "2007-09-30": 0, "2007-06-30": 0, "2007-03-31": "", "2006-12-31": 0, "2006-09-30": 0, "2006-06-30": 0, "2006-03-31": "", "2005-12-31": 0, "2005-09-30": 0, "2005-06-30": 0, "2005-03-31": ""}, "Net Change In Long-Term Investments": {"2020-09-30": 0.168, "2020-06-30": 0.01, "2020-03-31": "1.83500", "2019-12-31": 5.068, "2019-09-30": 2.111, "2019-06-30": 10.434, "2019-03-31": "-3.08700", "2018-12-31": 1.325, "2018-09-30": 0.36, "2018-06-30": 1.454, "2018-03-31": "0.47200", "2017-12-31": 0.536, "2017-09-30": -2.129, "2017-06-30": 7.853, "2017-03-31": "0.08700", "2016-12-31": 0.096, "2016-09-30": 0.252, "2016-06-30": 0.326, "2016-03-31": "0.04100", "2015-12-31": 0.101, "2015-09-30": 0.859, "2015-06-30": -0.631, "2015-03-31": "0.17800", "2014-12-31": 0.858, "2014-09-30": -0.16, "2014-06-30": 22.168, "2014-03-31": "-0.80800", "2013-12-31": 3.206, "2013-09-30": -1.257, "2013-06-30": 26.91, "2013-03-31": "142.32400", "2012-12-31": 160.037, "2012-09-30": 4.44, "2012-06-30": 2.035, "2012-03-31": "22.68700", "2011-12-31": -45.196, "2011-09-30": -2.042, "2011-06-30": -16.366, "2011-03-31": "-21.34100", "2010-12-31": -3.942, "2010-09-30": -25.601, "2010-06-30": -18.057, "2010-03-31": "7.13000", "2009-12-31": 2.265, "2009-09-30": -19.29, "2009-06-30": -26.945, "2009-03-31": "-56.74700", "2008-12-31": -127.482, "2008-09-30": -53.905, "2008-06-30": 131.275, "2008-03-31": "30.43300", "2007-12-31": -32.212, "2007-09-30": 81.595, "2007-06-30": 227.393, "2007-03-31": "-72.80900", "2006-12-31": 478.6519, "2006-09-30": -803.333, "2006-06-30": -149.763, "2006-03-31": "662.38900", "2005-12-31": -9.827, "2005-09-30": -18.169, "2005-06-30": 90.775, "2005-03-31": "-58.96000"}, "Net Change In Investments - Total": {"2020-09-30": 0.168, "2020-06-30": 0.01, "2020-03-31": "1.83500", "2019-12-31": 5.068, "2019-09-30": 2.111, "2019-06-30": 10.434, "2019-03-31": "-3.08700", "2018-12-31": 1.325, "2018-09-30": 0.36, "2018-06-30": 1.454, "2018-03-31": "0.47200", "2017-12-31": 0.536, "2017-09-30": -2.129, "2017-06-30": 7.853, "2017-03-31": "0.08700", "2016-12-31": 0.096, "2016-09-30": 0.252, "2016-06-30": 0.326, "2016-03-31": "0.04100", "2015-12-31": 0.101, "2015-09-30": 0.114, "2015-06-30": 0.114, "2015-03-31": "0.17800", "2014-12-31": 0.858, "2014-09-30": -0.16, "2014-06-30": 22.168, "2014-03-31": "-0.80800", "2013-12-31": 3.206, "2013-09-30": -1.257, "2013-06-30": 26.91, "2013-03-31": "142.32400", "2012-12-31": 160.037, "2012-09-30": 4.44, "2012-06-30": 2.035, "2012-03-31": "22.68700", "2011-12-31": -45.196, "2011-09-30": -22.664, "2011-06-30": 4.256, "2011-03-31": "-21.34100", "2010-12-31": -3.942, "2010-09-30": -25.601, "2010-06-30": -18.057, "2010-03-31": "7.13000", "2009-12-31": 2.265, "2009-09-30": -19.29, "2009-06-30": -26.945, "2009-03-31": "-56.74700", "2008-12-31": -127.482, "2008-09-30": -53.905, "2008-06-30": 131.275, "2008-03-31": "30.43300", "2007-12-31": -32.212, "2007-09-30": 81.595, "2007-06-30": 227.393, "2007-03-31": "-72.80900", "2006-12-31": 478.6519, "2006-09-30": -803.333, "2006-06-30": -149.763, "2006-03-31": "662.38900", "2005-12-31": -9.827, "2005-09-30": -18.169, "2005-06-30": 90.775, "2005-03-31": "-58.96000"}, "Investing Activities - Other": {"2020-09-30": 9.001, "2020-06-30": 5.95, "2020-03-31": "6.82200", "2019-12-31": 33.923, "2019-09-30": 14.508, "2019-06-30": 9.215, "2019-03-31": "2.64200", "2018-12-31": 22.432, "2018-09-30": 9.394, "2018-06-30": 74.196, "2018-03-31": "3.07600", "2017-12-31": 25.128, "2017-09-30": 14.009, "2017-06-30": 15.649, "2017-03-31": "3.14700", "2016-12-31": 8.253, "2016-09-30": 12.706, "2016-06-30": 12.863, "2016-03-31": "1.00900", "2015-12-31": 37.423, "2015-09-30": -4.735, "2015-06-30": -17.508, "2015-03-31": "704.15700", "2014-12-31": 28.988, "2014-09-30": 57.312, "2014-06-30": 46.977, "2014-03-31": "21.60500", "2013-12-31": 169.278, "2013-09-30": 112.658, "2013-06-30": 19.984, "2013-03-31": "6.60500", "2012-12-31": 21.369, "2012-09-30": 11.509, "2012-06-30": 95.602, "2012-03-31": "21.32100", "2011-12-31": 70.023, "2011-09-30": 32.245, "2011-06-30": 215.783, "2011-03-31": "5.49100", "2010-12-31": 4.988, "2010-09-30": 8.517, "2010-06-30": 8.885, "2010-03-31": "8.68200", "2009-12-31": 7.08, "2009-09-30": 11.504, "2009-06-30": 5.91, "2009-03-31": "6.88100", "2008-12-31": 22.748, "2008-09-30": 30.096, "2008-06-30": 4.728, "2008-03-31": "12.27000", "2007-12-31": 26.53, "2007-09-30": 16.078, "2007-06-30": 110.912, "2007-03-31": "8.53500", "2006-12-31": 43.078, "2006-09-30": -33.316, "2006-06-30": 5.378, "2006-03-31": "38.26000", "2005-12-31": -28.531, "2005-09-30": 3.727, "2005-06-30": 13.059, "2005-03-31": "3.20300"}, "Cash Flow From Investing Activities": {"2020-09-30": -37.193, "2020-06-30": -41.376, "2020-03-31": "-50.77300", "2019-12-31": -22.156, "2019-09-30": -75.496, "2019-06-30": -113.76, "2019-03-31": "-144.44400", "2018-12-31": -117.072, "2018-09-30": -119.743, "2018-06-30": -39.795, "2018-03-31": "-90.47800", "2017-12-31": -36.856, "2017-09-30": -171.979, "2017-06-30": -108.84, "2017-03-31": "-180.19300", "2016-12-31": -124.434, "2016-09-30": -78.758, "2016-06-30": -50.17, "2016-03-31": "-128.82500", "2015-12-31": -107.813, "2015-09-30": -181.996, "2015-06-30": -277.741, "2015-03-31": "340.10100", "2014-12-31": -509.581, "2014-09-30": -424.39, "2014-06-30": -397.07, "2014-03-31": "-385.86800", "2013-12-31": -304.465, "2013-09-30": -168.942, "2013-06-30": -217.935, "2013-03-31": "-124.12600", "2012-12-31": -115.453, "2012-09-30": -237.959, "2012-06-30": -396.537, "2012-03-31": "-429.67900", "2011-12-31": -485.193, "2011-09-30": -575.23, "2011-06-30": -424.632, "2011-03-31": "-374.42400", "2010-12-31": -341.678, "2010-09-30": -968.812, "2010-06-30": -227.887, "2010-03-31": "-134.92800", "2009-12-31": -155.892, "2009-09-30": -225.135, "2009-06-30": -341.369, "2009-03-31": "-440.38100", "2008-12-31": -498.744, "2008-09-30": -385.24, "2008-06-30": -287.891, "2008-03-31": "-285.22800", "2007-12-31": -562.017, "2007-09-30": -95.344, "2007-06-30": -173.98, "2007-03-31": "-655.87600", "2006-12-31": -96.892, "2006-09-30": -1305.599, "2006-06-30": -671.107, "2006-03-31": "305.12900", "2005-12-31": -367.83, "2005-09-30": -248.358, "2005-06-30": -105.74, "2005-03-31": "-236.31200"}, "Net Long-Term Debt": {"2020-09-30": 20.6512, "2020-06-30": -90.2171, "2020-03-31": "76.59500", "2019-12-31": -176.167, "2019-09-30": -42.227, "2019-06-30": -138.426, "2019-03-31": "86.46000", "2018-12-31": -148.4761, "2018-09-30": -98.965, "2018-06-30": -445, "2018-03-31": "234.16300", "2017-12-31": -96.951, "2017-09-30": 371.135, "2017-06-30": -95.459, "2017-03-31": "238.16100", "2016-12-31": 113.5129, "2016-09-30": -28.08, "2016-06-30": -82.825, "2016-03-31": "-66.72000", "2015-12-31": -65.053, "2015-09-30": 45.923, "2015-06-30": -125.852, "2015-03-31": "-532.61500", "2014-12-31": 90.911, "2014-09-30": 295.204, "2014-06-30": 143.322, "2014-03-31": "-92.09400", "2013-12-31": -143.7389, "2013-09-30": -240.5611, "2013-06-30": -288.393, "2013-03-31": "-12.89100", "2012-12-31": -300.026, "2012-09-30": 5.003, "2012-06-30": -100.163, "2012-03-31": "148.92800", "2011-12-31": 260.0021, "2011-09-30": 97.556, "2011-06-30": -198.687, "2011-03-31": "-5.57400", "2010-12-31": -78.494, "2010-09-30": 650.533, "2010-06-30": -168.875, "2010-03-31": "-109.44200", "2009-12-31": -173.1301, "2009-09-30": -168.504, "2009-06-30": -116.72, "2009-03-31": "494.94500", "2008-12-31": -75.923, "2008-09-30": -201.118, "2008-06-30": -171.788, "2008-03-31": "575.21900", "2007-12-31": 0, "2007-09-30": 0, "2007-06-30": 0, "2007-03-31": "", "2006-12-31": 0, "2006-09-30": 0, "2006-06-30": 2750, "2006-03-31": "-769.78900", "2005-12-31": 0, "2005-09-30": -0.424, "2005-06-30": 0, "2005-03-31": ""}, "Net Current Debt": {"2020-09-30": 0, "2020-06-30": -0.055, "2020-03-31": "0.05500", "2019-12-31": -1.058, "2019-09-30": 0.268, "2019-06-30": -0.06, "2019-03-31": "0.28900", "2018-12-31": 0.389, "2018-09-30": 0.273, "2018-06-30": -0.476, "2018-03-31": "0.19400", "2017-12-31": 0.063, "2017-09-30": -0.391, "2017-06-30": 0.238, "2017-03-31": "-0.45300", "2016-12-31": 0.172, "2016-09-30": -0.344, "2016-06-30": -7.053, "2016-03-31": "1.01400", "2015-12-31": -2.192, "2015-09-30": -57.324, "2015-06-30": 61.496, "2015-03-31": "-1.01700", "2014-12-31": 7.716, "2014-09-30": -0.484, "2014-06-30": -11.561, "2014-03-31": "-1.82200", "2013-12-31": 3.076, "2013-09-30": 1.189, "2013-06-30": -6.711, "2013-03-31": "-1.97500", "2012-12-31": 3.36, "2012-09-30": 0.312, "2012-06-30": 0.209, "2012-03-31": "-2.26900", "2011-12-31": 1.301, "2011-09-30": -6.129, "2011-06-30": 3.638, "2011-03-31": "7.56500", "2010-12-31": -1.649, "2010-09-30": 1.481, "2010-06-30": -2.793, "2010-03-31": "-3.33700", "2009-12-31": -5.337, "2009-09-30": 2.895, "2009-06-30": -7.374, "2009-03-31": "-8.34100", "2008-12-31": 11.97, "2008-09-30": -3.883, "2008-06-30": 11.256, "2008-03-31": "4.51500", "2007-12-31": -23.079, "2007-09-30": -27.379, "2007-06-30": 11.343, "2007-03-31": "0.69900", "2006-12-31": -565.551, "2006-09-30": 10.477, "2006-06-30": -36.22, "2006-03-31": "9.89800", "2005-12-31": 6.948, "2005-09-30": -10.673, "2005-06-30": -0.53, "2005-03-31": "15.06000"}, "Debt Issuance/Retirement Net - Total": {"2020-09-30": 20.6512, "2020-06-30": -90.2721, "2020-03-31": "76.65000", "2019-12-31": -177.225, "2019-09-30": -41.959, "2019-06-30": -138.486, "2019-03-31": "86.74900", "2018-12-31": -148.0871, "2018-09-30": -98.692, "2018-06-30": -445.476, "2018-03-31": "234.35700", "2017-12-31": -96.888, "2017-09-30": 370.744, "2017-06-30": -95.221, "2017-03-31": "237.70800", "2016-12-31": 113.6849, "2016-09-30": -28.424, "2016-06-30": -89.878, "2016-03-31": "-65.70600", "2015-12-31": -67.245, "2015-09-30": -11.401, "2015-06-30": -64.356, "2015-03-31": "-533.63200", "2014-12-31": 98.627, "2014-09-30": 294.72, "2014-06-30": 131.761, "2014-03-31": "-93.91600", "2013-12-31": -140.6629, "2013-09-30": -239.3721, "2013-06-30": -295.104, "2013-03-31": "-14.86600", "2012-12-31": -296.666, "2012-09-30": 5.315, "2012-06-30": -99.954, "2012-03-31": "146.65900", "2011-12-31": 261.3031, "2011-09-30": 91.427, "2011-06-30": -195.049, "2011-03-31": "1.99100", "2010-12-31": -80.143, "2010-09-30": 652.014, "2010-06-30": -171.668, "2010-03-31": "-112.77900", "2009-12-31": -178.4671, "2009-09-30": -165.609, "2009-06-30": -124.094, "2009-03-31": "486.60400", "2008-12-31": -63.953, "2008-09-30": -205.001, "2008-06-30": -160.532, "2008-03-31": "579.73400", "2007-12-31": -23.079, "2007-09-30": -27.379, "2007-06-30": 11.343, "2007-03-31": "0.69900", "2006-12-31": -565.551, "2006-09-30": 10.477, "2006-06-30": 2713.78, "2006-03-31": "-759.89100", "2005-12-31": 6.948, "2005-09-30": -11.097, "2005-06-30": -0.53, "2005-03-31": "15.06000"}, "Net Common Equity Issued/Repurchased": {"2020-09-30": 0, "2020-06-30": 0, "2020-03-31": "-13.85800", "2019-12-31": 0.079, "2019-09-30": -0.079, "2019-06-30": 0, "2019-03-31": "", "2018-12-31": -0.431, "2018-09-30": -0.179, "2018-06-30": 302.014, "2018-03-31": "", "2017-12-31": -18.071, "2017-09-30": 0, "2017-06-30": 0, "2017-03-31": "8.30000", "2016-12-31": 0.405, "2016-09-30": 0.523, "2016-06-30": 0.039, "2016-03-31": "-1.68700", "2015-12-31": -54.522, "2015-09-30": -44.978, "2015-06-30": 1.016, "2015-03-31": "0.18200", "2014-12-31": 0.023, "2014-09-30": -248.844, "2014-06-30": 24.116, "2014-03-31": "4.93100", "2013-12-31": 1.008, "2013-09-30": 1.175, "2013-06-30": 2.173, "2013-03-31": "1.02700", "2012-12-31": 2.453, "2012-09-30": 1.059, "2012-06-30": -0.048, "2012-03-31": "-7.08900", "2011-12-31": 2.009, "2011-09-30": 0.501, "2011-06-30": 2.011, "2011-03-31": "7.08400", "2010-12-31": 2.779, "2010-09-30": 0.641, "2010-06-30": 1.894, "2010-03-31": "0.95200", "2009-12-31": 9.085, "2009-09-30": 1.596, "2009-06-30": -0.573, "2009-03-31": "-0.37400", "2008-12-31": -13.207, "2008-09-30": -116.131, "2008-06-30": -101.135, "2008-03-31": "-7.05900", "2007-12-31": -101.193, "2007-09-30": -7.462, "2007-06-30": 8.736, "2007-03-31": "57.27700", "2006-12-31": -25.749, "2006-09-30": -61.48, "2006-06-30": -1075.808, "2006-03-31": "-214.12100", "2005-12-31": -11.164, "2005-09-30": 26.133, "2005-06-30": -56.926, "2005-03-31": "136.93800"}, "Net Total Equity Issued/Repurchased": {"2020-09-30": 0, "2020-06-30": 0, "2020-03-31": "-13.85800", "2019-12-31": 0.079, "2019-09-30": -0.079, "2019-06-30": 0, "2019-03-31": "", "2018-12-31": -0.862, "2018-09-30": -0.394, "2018-06-30": 580.587, "2018-03-31": "", "2017-12-31": -18.071, "2017-09-30": 0, "2017-06-30": 0, "2017-03-31": "8.30000", "2016-12-31": 0.405, "2016-09-30": 0.523, "2016-06-30": 0.039, "2016-03-31": "-1.68700", "2015-12-31": -54.522, "2015-09-30": -44.978, "2015-06-30": 1.016, "2015-03-31": "0.18200", "2014-12-31": 0.023, "2014-09-30": -248.844, "2014-06-30": -46.759, "2014-03-31": "4.93100", "2013-12-31": 1.008, "2013-09-30": 1.175, "2013-06-30": 2.173, "2013-03-31": "1.02700", "2012-12-31": 2.453, "2012-09-30": 1.059, "2012-06-30": -0.048, "2012-03-31": "-7.08900", "2011-12-31": 2.009, "2011-09-30": 0.501, "2011-06-30": 2.011, "2011-03-31": "7.08400", "2010-12-31": 2.779, "2010-09-30": 0.641, "2010-06-30": 1.894, "2010-03-31": "0.95200", "2009-12-31": 9.085, "2009-09-30": 1.596, "2009-06-30": -0.573, "2009-03-31": "-0.37400", "2008-12-31": -13.207, "2008-09-30": -116.131, "2008-06-30": -101.135, "2008-03-31": "-7.05900", "2007-12-31": -101.193, "2007-09-30": -7.462, "2007-06-30": 8.736, "2007-03-31": "57.27700", "2006-12-31": -25.749, "2006-09-30": -61.48, "2006-06-30": -1075.808, "2006-03-31": "-214.12100", "2005-12-31": -11.164, "2005-09-30": 26.133, "2005-06-30": -56.926, "2005-03-31": "136.93800"}, "Total Common And Preferred Stock Dividends Paid": {"2020-09-30": -3.653, "2020-06-30": -7.295, "2020-03-31": "-7.93700", "2019-12-31": -7.94, "2019-09-30": -7.938, "2019-06-30": -7.94, "2019-03-31": "-25.76500", "2018-12-31": -25.757, "2018-09-30": -25.141, "2018-06-30": -19.052, "2018-03-31": "-17.14800", "2017-12-31": -17.157, "2017-09-30": -17.149, "2017-06-30": -17.157, "2017-03-31": "-17.04000", "2016-12-31": -16.997, "2016-09-30": -17.005, "2016-06-30": 0, "2016-03-31": "-16.92200", "2015-12-31": -16.874, "2015-09-30": -17.509, "2015-06-30": -17.51, "2015-03-31": "-17.47000", "2014-12-31": -17.364, "2014-09-30": -17.989, "2014-06-30": -11.899, "2014-03-31": "-11.89300", "2013-12-31": -11.811, "2013-09-30": -11.805, "2013-06-30": -23.552, "2013-03-31": "", "2012-12-31": 0, "2012-09-30": 0, "2012-06-30": 0, "2012-03-31": "", "2011-12-31": 0, "2011-09-30": 0, "2011-06-30": 0, "2011-03-31": "", "2010-12-31": 0, "2010-09-30": 0, "2010-06-30": 0, "2010-03-31": "", "2009-12-31": 0, "2009-09-30": 0, "2009-06-30": 0, "2009-03-31": "", "2008-12-31": 0, "2008-09-30": 0, "2008-06-30": 0, "2008-03-31": "", "2007-12-31": 0, "2007-09-30": 0, "2007-06-30": 0, "2007-03-31": "", "2006-12-31": 0, "2006-09-30": 0, "2006-06-30": 0, "2006-03-31": "", "2005-12-31": 0, "2005-09-30": 0, "2005-06-30": 0, "2005-03-31": ""}, "Financial Activities - Other": {"2020-09-30": -4.154, "2020-06-30": -1.321, "2020-03-31": "-17.28300", "2019-12-31": -4.728, "2019-09-30": -3.141, "2019-06-30": -1.672, "2019-03-31": "-1.52800", "2018-12-31": 142.954, "2018-09-30": -0.306, "2018-06-30": -6.181, "2018-03-31": "-15.17300", "2017-12-31": 220.536, "2017-09-30": -160.264, "2017-06-30": 169.869, "2017-03-31": "-56.03000", "2016-12-31": -11.936, "2016-09-30": -0.033, "2016-06-30": -1.09, "2016-03-31": "-3.19000", "2015-12-31": 1.892, "2015-09-30": -0.108, "2015-06-30": -2.877, "2015-03-31": "-4.54900", "2014-12-31": -3.969, "2014-09-30": -0.278, "2014-06-30": 4.282, "2014-03-31": "-11.58500", "2013-12-31": 8.805, "2013-09-30": -3.491, "2013-06-30": -4.505, "2013-03-31": "1.39500", "2012-12-31": -5.802, "2012-09-30": -0.018, "2012-06-30": -0.005, "2012-03-31": "-0.03100", "2011-12-31": -2.152, "2011-09-30": -3.734, "2011-06-30": -2.145, "2011-03-31": "-0.00100", "2010-12-31": -7.388, "2010-09-30": -7.136, "2010-06-30": 0.755, "2010-03-31": "0.33300", "2009-12-31": -0.252, "2009-09-30": 0.051, "2009-06-30": -0.42, "2009-03-31": "-8.17400", "2008-12-31": -0.718, "2008-09-30": -1.548, "2008-06-30": 3.301, "2008-03-31": "-2.99000", "2007-12-31": -7.885, "2007-09-30": 9.26, "2007-06-30": 0.013, "2007-03-31": "0.77100", "2006-12-31": 582.663, "2006-09-30": -0.111, "2006-06-30": -187.749, "2006-03-31": "1.81500", "2005-12-31": -2.736, "2005-09-30": 0, "2005-06-30": 0, "2005-03-31": ""}, "Cash Flow From Financial Activities": {"2020-09-30": 12.844, "2020-06-30": -98.888, "2020-03-31": "37.57200", "2019-12-31": -189.814, "2019-09-30": -53.117, "2019-06-30": -148.098, "2019-03-31": "59.45600", "2018-12-31": -31.752, "2018-09-30": -124.533, "2018-06-30": 109.878, "2018-03-31": "202.03600", "2017-12-31": 88.42, "2017-09-30": 193.331, "2017-06-30": 57.491, "2017-03-31": "172.93800", "2016-12-31": 85.157, "2016-09-30": -44.939, "2016-06-30": -90.929, "2016-03-31": "-87.50500", "2015-12-31": -136.749, "2015-09-30": -73.996, "2015-06-30": -83.727, "2015-03-31": "-555.46900", "2014-12-31": 77.317, "2014-09-30": 27.609, "2014-06-30": 77.385, "2014-03-31": "-112.46300", "2013-12-31": -142.661, "2013-09-30": -253.493, "2013-06-30": -320.988, "2013-03-31": "-12.44400", "2012-12-31": -300.015, "2012-09-30": 6.356, "2012-06-30": -100.007, "2012-03-31": "139.53900", "2011-12-31": 261.16, "2011-09-30": 88.194, "2011-06-30": -195.183, "2011-03-31": "9.07400", "2010-12-31": -84.752, "2010-09-30": 645.519, "2010-06-30": -169.019, "2010-03-31": "-111.49400", "2009-12-31": -169.634, "2009-09-30": -163.962, "2009-06-30": -125.087, "2009-03-31": "478.05600", "2008-12-31": -77.878, "2008-09-30": -322.68, "2008-06-30": -258.366, "2008-03-31": "569.68500", "2007-12-31": -132.157, "2007-09-30": -25.581, "2007-06-30": 20.092, "2007-03-31": "58.74700", "2006-12-31": -8.637, "2006-09-30": -51.114, "2006-06-30": 1450.223, "2006-03-31": "-972.19700", "2005-12-31": -6.952, "2005-09-30": 15.036, "2005-06-30": -57.456, "2005-03-31": "151.99800"}, "Net Cash Flow": {"2020-09-30": 21.134, "2020-06-30": 1.229, "2020-03-31": "43.74200", "2019-12-31": 40.01, "2019-09-30": 26.677, "2019-06-30": -57.804, "2019-03-31": "-17.92500", "2018-12-31": 100.087, "2018-09-30": -246.397, "2018-06-30": 226.353, "2018-03-31": "29.00800", "2017-12-31": 150.149, "2017-09-30": -5.968, "2017-06-30": -3.737, "2017-03-31": "-63.40500", "2016-12-31": 86.986, "2016-09-30": -56.709, "2016-06-30": 33.078, "2016-03-31": "-53.85600", "2015-12-31": 3.164, "2015-09-30": -185.309, "2015-06-30": -149.326, "2015-03-31": "84.85200", "2014-12-31": 96.696, "2014-09-30": -6.505, "2014-06-30": 84.077, "2014-03-31": "-63.03400", "2013-12-31": -6.008, "2013-09-30": -112.205, "2013-06-30": -56.76, "2013-03-31": "39.96600", "2012-12-31": 53.36, "2012-09-30": 151.164, "2012-06-30": -33.624, "2012-03-31": "-44.55300", "2011-12-31": 123.114, "2011-09-30": -253.361, "2011-06-30": -40.914, "2011-03-31": "-71.96600", "2010-12-31": 2.019, "2010-09-30": -107.91, "2010-06-30": -155.016, "2010-03-31": "-25.20600", "2009-12-31": -7.236, "2009-09-30": -88.602, "2009-06-30": 41.737, "2009-03-31": "539.82900", "2008-12-31": -179.408, "2008-09-30": -282.326, "2008-06-30": -190.505, "2008-03-31": "563.02000", "2007-12-31": -162.471, "2007-09-30": 85.038, "2007-06-30": 147.512, "2007-03-31": "-239.32200", "2006-12-31": 340.343, "2006-09-30": -1059.054, "2006-06-30": 1125.958, "2006-03-31": "-271.69900", "2005-12-31": -10.567, "2005-09-30": 7.619, "2005-06-30": 105.024, "2005-03-31": "78.21600"}, "Stock-Based Compensation": {"2020-09-30": 4.414, "2020-06-30": 6.598, "2020-03-31": "9.15800", "2019-12-31": 5.171, "2019-09-30": 5.325, "2019-06-30": 5.74, "2019-03-31": "8.42400", "2018-12-31": 6.025, "2018-09-30": 5.639, "2018-06-30": 6.104, "2018-03-31": "8.62800", "2017-12-31": 6.839, "2017-09-30": 7.012, "2017-06-30": 7.765, "2017-03-31": "10.28000", "2016-12-31": 7.93, "2016-09-30": 7.474, "2016-06-30": 9.222, "2016-03-31": "7.37400", "2015-12-31": 8.289, "2015-09-30": 8.922, "2015-06-30": 16.411, "2015-03-31": "13.69100", "2014-12-31": 9.049, "2014-09-30": 8.84, "2014-06-30": 8.616, "2014-03-31": "10.68500", "2013-12-31": 7.357, "2013-09-30": 7.074, "2013-06-30": 5.971, "2013-03-31": "32.85300", "2012-12-31": 4.771, "2012-09-30": 4.757, "2012-06-30": 4.33, "2012-03-31": "4.45400", "2011-12-31": 3.995, "2011-09-30": 9.142, "2011-06-30": 4.162, "2011-03-31": "3.94500", "2010-12-31": 3.144, "2010-09-30": 3.555, "2010-06-30": 3.586, "2010-03-31": "3.46100", "2009-12-31": 2.774, "2009-09-30": 4.289, "2009-06-30": 76.334, "2009-03-31": "23.32800", "2008-12-31": 12.55, "2008-09-30": 12.947, "2008-06-30": 10.883, "2008-03-31": "9.02100", "2007-12-31": 5.49, "2007-09-30": 8.401, "2007-06-30": 8.433, "2007-03-31": "7.85200", "2006-12-31": 57.287, "2006-09-30": 7.451, "2006-06-30": 7.45, "2006-03-31": "7.70000", "2005-12-31": 1.465, "2005-09-30": 1.533, "2005-06-30": 1.338, "2005-03-31": "0.48300"}, "Common Stock Dividends Paid": {"2020-09-30": -3.653, "2020-06-30": -7.295, "2020-03-31": "-7.93700", "2019-12-31": -7.94, "2019-09-30": -7.938, "2019-06-30": -7.94, "2019-03-31": "-25.76500", "2018-12-31": -25.757, "2018-09-30": -25.141, "2018-06-30": -36.2, "2018-03-31": "", "2017-12-31": -17.157, "2017-09-30": -17.149, "2017-06-30": -17.157, "2017-03-31": "-17.04000", "2016-12-31": -16.997, "2016-09-30": -17.005, "2016-06-30": 0, "2016-03-31": "-16.92200", "2015-12-31": -16.874, "2015-09-30": -17.509, "2015-06-30": -17.51, "2015-03-31": "-17.47000", "2014-12-31": -17.364, "2014-09-30": -17.989, "2014-06-30": -11.899, "2014-03-31": "-11.89300", "2013-12-31": -11.811, "2013-09-30": -11.805, "2013-06-30": -23.552, "2013-03-31": "", "2012-12-31": 0, "2012-09-30": 0, "2012-06-30": 0, "2012-03-31": "", "2011-12-31": 0, "2011-09-30": 0, "2011-06-30": 0, "2011-03-31": "", "2010-12-31": 0, "2010-09-30": 0, "2010-06-30": 0, "2010-03-31": "", "2009-12-31": 0, "2009-09-30": 0, "2009-06-30": 0, "2009-03-31": "", "2008-12-31": 0, "2008-09-30": 0, "2008-06-30": 0, "2008-03-31": "", "2007-12-31": 0, "2007-09-30": 0, "2007-06-30": 0, "2007-03-31": "", "2006-12-31": 0, "2006-09-30": 0, "2006-06-30": 0, "2006-03-31": "", "2005-12-31": 0, "2005-09-30": 0, "2005-06-30": 0, "2005-03-31": ""}}, "financial ratios": {"Current Ratio": {"2019-12-31": "1.90190", "2018-12-31": "1.91520", "2017-12-31": "1.57410", "2016-12-31": "1.40620", "2015-12-31": "1.46640", "2014-12-31": "1.74920", "2013-12-31": "2.09990", "2012-12-31": "2.76660", "2011-12-31": "1.71330", "2010-12-31": "1.21280", "2009-12-31": "3.57640", "2008-12-31": "1.91930", "2007-12-31": "1.47580", "2006-12-31": "2.93190", "2005-12-31": "1.93520"}, "Long-term Debt / Capital": {"2019-12-31": "0.61920", "2018-12-31": "0.56590", "2017-12-31": "0.57820", "2016-12-31": "0.52370", "2015-12-31": "0.45980", "2014-12-31": "0.46830", "2013-12-31": "0.39490", "2012-12-31": "0.42370", "2011-12-31": "0.43700", "2010-12-31": "0.36450", "2009-12-31": "0.43200", "2008-12-31": "0.42260", "2007-12-31": "0.42280", "2006-12-31": "0.53100", "2005-12-31": "0.24990"}, "Debt/Equity Ratio": {"2019-12-31": "1.62580", "2018-12-31": "1.30400", "2017-12-31": "1.37060", "2016-12-31": "1.09950", "2015-12-31": "0.85280", "2014-12-31": "0.88190", "2013-12-31": "0.65440", "2012-12-31": "0.73520", "2011-12-31": "0.82550", "2010-12-31": "0.83160", "2009-12-31": "0.76050", "2008-12-31": "0.77780", "2007-12-31": "0.88750", "2006-12-31": "1.13220", "2005-12-31": "0.53740"}, "Gross Margin": {"2019-12-31": "36.81770", "2018-12-31": "35.14120", "2017-12-31": "33.03140", "2016-12-31": "33.02310", "2015-12-31": "37.45660", "2014-12-31": "33.84370", "2013-12-31": "36.27680", "2012-12-31": "34.00640", "2011-12-31": "38.90200", "2010-12-31": "42.50270", "2009-12-31": "43.90350", "2008-12-31": "41.89700", "2007-12-31": "44.04500", "2006-12-31": "48.00260", "2005-12-31": "43.81010"}, "Operating Margin": {"2019-12-31": "-19.28620", "2018-12-31": "-17.02010", "2017-12-31": "-22.61110", "2016-12-31": "-59.69160", "2015-12-31": "-11.27570", "2014-12-31": "-8.87870", "2013-12-31": "1.69890", "2012-12-31": "4.18530", "2011-12-31": "8.42070", "2010-12-31": "7.03160", "2009-12-31": "1.94730", "2008-12-31": "13.70310", "2007-12-31": "20.88280", "2006-12-31": "29.56420", "2005-12-31": "24.59150"}, "EBIT Margin": {"2019-12-31": "-12.59540", "2018-12-31": "-9.56880", "2017-12-31": "-13.92310", "2016-12-31": "-50.45640", "2015-12-31": "-6.47750", "2014-12-31": "-6.26560", "2013-12-31": "5.27440", "2012-12-31": "7.99190", "2011-12-31": "12.61480", "2010-12-31": "13.56360", "2009-12-31": "9.47910", "2008-12-31": "17.38950", "2007-12-31": "24.01840", "2006-12-31": "30.52870", "2005-12-31": "25.87820"}, "EBITDA Margin": {"2019-12-31": "17.10850", "2018-12-31": "19.98120", "2017-12-31": "20.10640", "2016-12-31": "-6.57480", "2015-12-31": "19.38380", "2014-12-31": "10.70530", "2013-12-31": "23.33280", "2012-12-31": "24.07860", "2011-12-31": "29.02570", "2010-12-31": "34.42870", "2009-12-31": "31.38690", "2008-12-31": "31.85460", "2007-12-31": "37.01760", "2006-12-31": "39.24090", "2005-12-31": "36.34310"}, "Pre-Tax Profit Margin": {"2019-12-31": "-19.28620", "2018-12-31": "-17.02010", "2017-12-31": "-22.61110", "2016-12-31": "-59.69160", "2015-12-31": "-11.27570", "2014-12-31": "-8.87870", "2013-12-31": "1.69890", "2012-12-31": "4.18530", "2011-12-31": "8.42070", "2010-12-31": "7.03160", "2009-12-31": "1.94730", "2008-12-31": "13.70310", "2007-12-31": "20.88280", "2006-12-31": "29.56420", "2005-12-31": "24.59150"}, "Net Profit Margin": {"2019-12-31": "-23.58300", "2018-12-31": "-21.43130", "2017-12-31": "-21.31410", "2016-12-31": "-51.30480", "2015-12-31": "-9.82880", "2014-12-31": "-9.84850", "2013-12-31": "2.24020", "2012-12-31": "2.49080", "2011-12-31": "4.06160", "2010-12-31": "2.26810", "2009-12-31": "-2.42180", "2008-12-31": "8.91490", "2007-12-31": "17.52190", "2006-12-31": "21.13400", "2005-12-31": "18.61090"}, "Asset Turnover": {"2019-12-31": "0.45170", "2018-12-31": "0.38810", "2017-12-31": "0.30530", "2016-12-31": "0.24520", "2015-12-31": "0.39750", "2014-12-31": "0.57400", "2013-12-31": "0.51390", "2012-12-31": "0.52290", "2011-12-31": "0.47390", "2010-12-31": "0.35850", "2009-12-31": "0.33180", "2008-12-31": "0.50740", "2007-12-31": "0.48900", "2006-12-31": "0.52830", "2005-12-31": "0.48210"}, "Inventory Turnover Ratio": {"2019-12-31": "10.94090", "2018-12-31": "11.93920", "2017-12-31": "10.33070", "2016-12-31": "12.97650", "2015-12-31": "15.41660", "2014-12-31": "19.58150", "2013-12-31": "18.97980", "2012-12-31": "17.38960", "2011-12-31": "13.70160", "2010-12-31": "15.11320", "2009-12-31": "19.65410", "2008-12-31": "20.65450", "2007-12-31": "20.66400", "2006-12-31": "24.99220", "2005-12-31": "38.18410"}, "Receiveable Turnover": {"2019-12-31": "6.74020", "2018-12-31": "4.03020", "2017-12-31": "3.67300", "2016-12-31": "3.94820", "2015-12-31": "4.83220", "2014-12-31": "4.48750", "2013-12-31": "4.46480", "2012-12-31": "4.78620", "2011-12-31": "3.88120", "2010-12-31": "3.73930", "2009-12-31": "4.87860", "2008-12-31": "4.59730", "2007-12-31": "4.75410", "2006-12-31": "4.35220", "2005-12-31": "4.23980"}, "Days Sales In Receivables": {"2019-12-31": "54.15270", "2018-12-31": "90.56620", "2017-12-31": "99.37460", "2016-12-31": "92.44620", "2015-12-31": "75.53540", "2014-12-31": "81.33790", "2013-12-31": "81.75120", "2012-12-31": "76.26140", "2011-12-31": "94.04400", "2010-12-31": "97.61070", "2009-12-31": "74.81640", "2008-12-31": "79.39430", "2007-12-31": "76.77520", "2006-12-31": "83.86500", "2005-12-31": "86.08860"}, "ROE - Return On Equity": {"2019-12-31": "-33.19250", "2018-12-31": "-21.74520", "2017-12-31": "-16.91570", "2016-12-31": "-31.06940", "2015-12-31": "-7.67370", "2014-12-31": "-13.60630", "2013-12-31": "2.64730", "2012-12-31": "3.91090", "2011-12-31": "6.19810", "2010-12-31": "4.78900", "2009-12-31": "2.56120", "2008-12-31": "10.60490", "2007-12-31": "18.39250", "2006-12-31": "28.07770", "2005-12-31": "16.98060"}, "Return On Tangible Equity": {"2019-12-31": "-33.65830", "2018-12-31": "-23.30350", "2017-12-31": "-17.97530", "2016-12-31": "-32.74880", "2015-12-31": "-7.98350", "2014-12-31": "-14.10510", "2013-12-31": "2.89570", "2012-12-31": "4.24760", "2011-12-31": "6.80730", "2010-12-31": "5.27730", "2009-12-31": "2.64500", "2008-12-31": "10.99790", "2007-12-31": "20.02700", "2006-12-31": "31.28190", "2005-12-31": "18.68030"}, "ROA - Return On Assets": {"2019-12-31": "-10.06560", "2018-12-31": "-7.61480", "2017-12-31": "-5.91660", "2016-12-31": "-12.35180", "2015-12-31": "-3.45460", "2014-12-31": "-5.64170", "2013-12-31": "1.30220", "2012-12-31": "1.84080", "2011-12-31": "2.68870", "2010-12-31": "2.19700", "2009-12-31": "1.24680", "2008-12-31": "4.95910", "2007-12-31": "8.21760", "2006-12-31": "10.86170", "2005-12-31": "8.82600"}, "ROI - Return On Investment": {"2019-12-31": "-12.64070", "2018-12-31": "-9.43880", "2017-12-31": "-7.13570", "2016-12-31": "-14.79910", "2015-12-31": "-4.14510", "2014-12-31": "-7.23480", "2013-12-31": "1.60180", "2012-12-31": "2.25390", "2011-12-31": "3.48920", "2010-12-31": "3.04350", "2009-12-31": "1.45490", "2008-12-31": "6.12270", "2007-12-31": "10.61640", "2006-12-31": "13.16860", "2005-12-31": "12.73790"}, "Book Value Per Share": {"2019-12-31": "282.08260", "2018-12-31": "385.35950", "2017-12-31": "466.90180", "2016-12-31": "573.17860", "2015-12-31": "763.53360", "2014-12-31": "849.80190", "2013-12-31": "1012.73900", "2012-12-31": "1025.67800", "2011-12-31": "973.69120", "2010-12-31": "935.30960", "2009-12-31": "910.71370", "2008-12-31": "869.19760", "2007-12-31": "808.00920", "2006-12-31": "638.40110", "2005-12-31": "641.20480"}, "Operating Cash Flow Per Share": {"2019-12-31": 48.6338, "2018-12-31": 37.5301, "2017-12-31": -85.0137, "2016-12-31": -55.1505, "2015-12-31": -155.148, "2014-12-31": 67.4061, "2013-12-31": -28.2043, "2012-12-31": 18.305, "2011-12-31": 58.1239, "2010-12-31": -91.3302, "2009-12-31": 28.4375, "2008-12-31": 11.7728, "2007-12-31": -5.8708, "2006-12-31": 89.1643, "2005-12-31": 158.6883}, "Free Cash Flow Per Share": {"2019-12-31": 56.4306, "2018-12-31": 71.2532, "2017-12-31": -115.8411, "2016-12-31": 26.5408, "2015-12-31": 4.9135, "2014-12-31": -47.2403, "2013-12-31": 32.9236, "2012-12-31": 107.7377, "2011-12-31": -130.6658, "2010-12-31": -60.8999, "2009-12-31": 99.0266, "2008-12-31": 104.1054, "2007-12-31": -38.1976, "2006-12-31": -92.4009, "2005-12-31": 18.8336}}, "financial ratios, quarterly": {"Current Ratio": {"2020-09-30": "2.39290", "2020-06-30": "2.20150", "2020-03-31": "2.17290", "2019-12-31": "1.90190", "2019-09-30": "2.02310", "2019-06-30": "1.89940", "2019-03-31": "2.11460", "2018-12-31": "1.91520", "2018-09-30": "2.04550", "2018-06-30": "2.03990", "2018-03-31": "1.94880", "2017-12-31": "1.57410", "2017-09-30": "1.41440", "2017-06-30": "1.33950", "2017-03-31": "1.45490", "2016-12-31": "1.40620", "2016-09-30": "1.36070", "2016-06-30": "1.37210", "2016-03-31": "1.44550", "2015-12-31": "1.46640", "2015-09-30": "1.63790", "2015-06-30": "1.61040", "2015-03-31": "1.87650", "2014-12-31": "1.74920", "2014-09-30": "1.97270", "2014-06-30": "2.12990", "2014-03-31": "2.17360", "2013-12-31": "2.09990", "2013-09-30": "2.62700", "2013-06-30": "2.45120", "2013-03-31": "2.85820", "2012-12-31": "2.76660", "2012-09-30": "2.76170", "2012-06-30": "2.00140", "2012-03-31": "1.97920", "2011-12-31": "1.71330", "2011-09-30": "1.79720", "2011-06-30": "2.49080", "2011-03-31": "1.21540", "2010-12-31": "1.21280", "2010-09-30": "1.13460", "2010-06-30": "1.01880", "2010-03-31": "3.71960", "2009-12-31": "3.57640", "2009-09-30": "3.14980", "2009-06-30": "2.72610", "2009-03-31": "2.51760", "2008-12-31": "1.91930", "2008-09-30": "2.16830", "2008-06-30": "1.99930", "2008-03-31": "1.98820", "2007-12-31": "1.47580", "2007-09-30": "1.63490", "2007-06-30": "1.36970", "2007-03-31": "2.56110", "2006-12-31": "2.93190", "2006-09-30": "3.73500", "2006-06-30": "4.28140", "2006-03-31": "2.54890", "2005-12-31": "1.93520", "2005-09-30": "1.81780", "2005-06-30": "1.47660", "2005-03-31": "1.44470"}, "Long-term Debt / Capital": {"2020-09-30": "0.70760", "2020-06-30": "0.68490", "2020-03-31": "0.67370", "2019-12-31": "0.61920", "2019-09-30": "0.60040", "2019-06-30": "0.59120", "2019-03-31": "0.58120", "2018-12-31": "0.56590", "2018-09-30": "0.55770", "2018-06-30": "0.55280", "2018-03-31": "0.60860", "2017-12-31": "0.57820", "2017-09-30": "0.57490", "2017-06-30": "0.54900", "2017-03-31": "0.53470", "2016-12-31": "0.52370", "2016-09-30": "0.49130", "2016-06-30": "0.48480", "2016-03-31": "0.47790", "2015-12-31": "0.45980", "2015-09-30": "0.45310", "2015-06-30": "0.42770", "2015-03-31": "0.43450", "2014-12-31": "0.46830", "2014-09-30": "0.42010", "2014-06-30": "0.39410", "2014-03-31": "0.38970", "2013-12-31": "0.39490", "2013-09-30": "0.40880", "2013-06-30": "0.40690", "2013-03-31": "0.42260", "2012-12-31": "0.42370", "2012-09-30": "0.44410", "2012-06-30": "0.43430", "2012-03-31": "0.43580", "2011-12-31": "0.43700", "2011-09-30": "0.42010", "2011-06-30": "0.42930", "2011-03-31": "0.35890", "2010-12-31": "0.36450", "2010-09-30": "0.37010", "2010-06-30": "0.31140", "2010-03-31": "0.42300", "2009-12-31": "0.43200", "2009-09-30": "0.44140", "2009-06-30": "0.44600", "2009-03-31": "0.45340", "2008-12-31": "0.42260", "2008-09-30": "0.44380", "2008-06-30": "0.43650", "2008-03-31": "0.44770", "2007-12-31": "0.42280", "2007-09-30": "0.42820", "2007-06-30": "0.44500", "2007-03-31": "0.51100", "2006-12-31": "0.53100", "2006-09-30": "0.54940", "2006-06-30": "0.56550", "2006-03-31": "0.24720", "2005-12-31": "0.24990", "2005-09-30": "0.25140", "2005-06-30": "0.26780", "2005-03-31": "0.27100"}, "Debt/Equity Ratio": {"2020-09-30": "2.41980", "2020-06-30": "2.17320", "2020-03-31": "2.06450", "2019-12-31": "1.62580", "2019-09-30": "1.50270", "2019-06-30": "1.44650", "2019-03-31": "1.38810", "2018-12-31": "1.30400", "2018-09-30": "1.26110", "2018-06-30": "1.23640", "2018-03-31": "1.55520", "2017-12-31": "1.37060", "2017-09-30": "1.35240", "2017-06-30": "1.21730", "2017-03-31": "1.14930", "2016-12-31": "1.09950", "2016-09-30": "0.96590", "2016-06-30": "0.94110", "2016-03-31": "0.91680", "2015-12-31": "0.85280", "2015-09-30": "0.83050", "2015-06-30": "0.76080", "2015-03-31": "0.77010", "2014-12-31": "0.88190", "2014-09-30": "0.72450", "2014-06-30": "0.65050", "2014-03-31": "0.63940", "2013-12-31": "0.65440", "2013-09-30": "0.69330", "2013-06-30": "0.68810", "2013-03-31": "0.73190", "2012-12-31": "0.73520", "2012-09-30": "0.79900", "2012-06-30": "0.81580", "2012-03-31": "0.81970", "2011-12-31": "0.82550", "2011-09-30": "0.77320", "2011-06-30": "0.75250", "2011-03-31": "0.81390", "2010-12-31": "0.83160", "2010-09-30": "0.86380", "2010-06-30": "0.70970", "2010-03-31": "0.73330", "2009-12-31": "0.76050", "2009-09-30": "0.79010", "2009-06-30": "0.83840", "2009-03-31": "0.86310", "2008-12-31": "0.77780", "2008-09-30": "0.84290", "2008-06-30": "0.89410", "2008-03-31": "0.95690", "2007-12-31": "0.88750", "2007-09-30": "0.90760", "2007-06-30": "0.97150", "2007-03-31": "1.04520", "2006-12-31": "1.13220", "2006-09-30": "1.21940", "2006-06-30": "1.30140", "2006-03-31": "0.32840", "2005-12-31": "0.53740", "2005-09-30": "0.56570", "2005-06-30": "0.61330", "2005-03-31": "0.62330"}, "Gross Margin": {"2020-09-30": "38.21050", "2020-06-30": "39.07140", "2020-03-31": "35.42200", "2019-12-31": "39.05180", "2019-09-30": "37.16150", "2019-06-30": "35.65490", "2019-03-31": "35.62970", "2018-12-31": "34.27920", "2018-09-30": "36.10010", "2018-06-30": "34.89660", "2018-03-31": "35.28950", "2017-12-31": "33.50280", "2017-09-30": "33.39230", "2017-06-30": "33.77610", "2017-03-31": "31.18010", "2016-12-31": "38.51030", "2016-09-30": "41.07470", "2016-06-30": "34.00030", "2016-03-31": "15.26130", "2015-12-31": "35.83110", "2015-09-30": "36.21930", "2015-06-30": "43.41680", "2015-03-31": "35.33790", "2014-12-31": "33.06210", "2014-09-30": "34.80860", "2014-06-30": "34.30770", "2014-03-31": "33.14630", "2013-12-31": "35.70850", "2013-09-30": "36.67340", "2013-06-30": "34.04250", "2013-03-31": "38.49700", "2012-12-31": "37.76510", "2012-09-30": "32.39930", "2012-06-30": "30.15290", "2012-03-31": "35.67810", "2011-12-31": "38.98680", "2011-09-30": "37.95250", "2011-06-30": "38.79690", "2011-03-31": "40.01180", "2010-12-31": "41.73390", "2010-09-30": "42.09750", "2010-06-30": "42.95220", "2010-03-31": "43.64350", "2009-12-31": "39.04160", "2009-09-30": "46.39140", "2009-06-30": "48.29990", "2009-03-31": "41.78240", "2008-12-31": "36.50290", "2008-09-30": "44.07030", "2008-06-30": "43.21280", "2008-03-31": "43.41890", "2007-12-31": "44.91840", "2007-09-30": "41.08160", "2007-06-30": "43.56160", "2007-03-31": "46.42050", "2006-12-31": "48.03060", "2006-09-30": "47.91350", "2006-06-30": "48.06160", "2006-03-31": "48.01050", "2005-12-31": "46.12080", "2005-09-30": "45.62310", "2005-06-30": "42.17360", "2005-03-31": "40.48720"}, "Operating Margin": {"2020-09-30": "-34.36330", "2020-06-30": "-24.91240", "2020-03-31": "-49.85920", "2019-12-31": "-36.05310", "2019-09-30": "-10.02920", "2019-06-30": "-23.50160", "2019-03-31": "-9.09130", "2018-12-31": "-18.48960", "2018-09-30": "-10.69560", "2018-06-30": "-22.66040", "2018-03-31": "-16.33980", "2017-12-31": "-19.44000", "2017-09-30": "-20.22610", "2017-06-30": "-21.40820", "2017-03-31": "-30.75540", "2016-12-31": "-72.83390", "2016-09-30": "-24.78460", "2016-06-30": "-44.04400", "2016-03-31": "-104.16590", "2015-12-31": "-32.28700", "2015-09-30": "-40.83760", "2015-06-30": "2.84410", "2015-03-31": "7.28860", "2014-12-31": "-50.98090", "2014-09-30": "9.04200", "2014-06-30": "4.78720", "2014-03-31": "4.01320", "2013-12-31": "6.40420", "2013-09-30": "-8.67270", "2013-06-30": "2.36820", "2013-03-31": "6.35500", "2012-12-31": "9.04630", "2012-09-30": "3.67990", "2012-06-30": "-8.33840", "2012-03-31": "11.53150", "2011-12-31": "8.22470", "2011-09-30": "7.63870", "2011-06-30": "8.01860", "2011-03-31": "9.96550", "2010-12-31": "17.38850", "2010-09-30": "-3.31300", "2010-06-30": "5.81630", "2010-03-31": "5.81290", "2009-12-31": "11.49790", "2009-09-30": "4.74810", "2009-06-30": "-23.70220", "2009-03-31": "13.77300", "2008-12-31": "-3.54150", "2008-09-30": "19.49680", "2008-06-30": "18.23220", "2008-03-31": "19.50860", "2007-12-31": "13.51270", "2007-09-30": "17.61640", "2007-06-30": "26.32430", "2007-03-31": "26.76240", "2006-12-31": "25.51120", "2006-09-30": "30.85530", "2006-06-30": "30.57420", "2006-03-31": "31.49150", "2005-12-31": "27.71650", "2005-09-30": "26.31020", "2005-06-30": "22.11490", "2005-03-31": "21.20360"}, "EBIT Margin": {"2020-09-30": "-22.38840", "2020-06-30": "-15.35840", "2020-03-31": "-42.20750", "2019-12-31": "-29.18260", "2019-09-30": "-3.25040", "2019-06-30": "-16.83070", "2019-03-31": "-2.62260", "2018-12-31": "-11.57100", "2018-09-30": "-4.08770", "2018-06-30": "-14.67470", "2018-03-31": "-7.98410", "2017-12-31": "-11.39280", "2017-09-30": "-11.98330", "2017-06-30": "-12.73400", "2017-03-31": "-20.72160", "2016-12-31": "-64.01420", "2016-09-30": "-15.77840", "2016-06-30": "-35.29570", "2016-03-31": "-93.54980", "2015-12-31": "-25.59660", "2015-09-30": "-35.36660", "2015-06-30": "7.99470", "2015-03-31": "10.56530", "2014-12-31": "-48.53290", "2014-09-30": "11.42130", "2014-06-30": "7.63930", "2014-03-31": "6.83470", "2013-12-31": "9.33450", "2013-09-30": "-5.05650", "2013-06-30": "6.45680", "2013-03-31": "10.06450", "2012-12-31": "13.10040", "2012-09-30": "7.57440", "2012-06-30": "-4.39230", "2012-03-31": "14.93290", "2011-12-31": "11.75880", "2011-09-30": "11.17260", "2011-06-30": "12.73430", "2011-03-31": "15.24080", "2010-12-31": "23.09530", "2010-09-30": "2.88610", "2010-06-30": "13.01360", "2010-03-31": "13.26130", "2009-12-31": "20.87060", "2009-09-30": "13.03540", "2009-06-30": "-16.18200", "2009-03-31": "19.64280", "2008-12-31": "0.40020", "2008-09-30": "23.00630", "2008-06-30": "22.02030", "2008-03-31": "23.04170", "2007-12-31": "22.27300", "2007-09-30": "18.71390", "2007-06-30": "27.54080", "2007-03-31": "27.78430", "2006-12-31": "26.52280", "2006-09-30": "31.94940", "2006-06-30": "31.63780", "2006-03-31": "32.17290", "2005-12-31": "28.89680", "2005-09-30": "27.52630", "2005-06-30": "23.55650", "2005-03-31": "22.54990"}, "EBITDA Margin": {"2020-09-30": "", "2020-06-30": "", "2020-03-31": "", "2019-12-31": "", "2019-09-30": "", "2019-06-30": "", "2019-03-31": "", "2018-12-31": "", "2018-09-30": "", "2018-06-30": "", "2018-03-31": "", "2017-12-31": "", "2017-09-30": "", "2017-06-30": "", "2017-03-31": "", "2016-12-31": "", "2016-09-30": "", "2016-06-30": "", "2016-03-31": "", "2015-12-31": "", "2015-09-30": "", "2015-06-30": "", "2015-03-31": "", "2014-12-31": "", "2014-09-30": "", "2014-06-30": "", "2014-03-31": "", "2013-12-31": "", "2013-09-30": "", "2013-06-30": "", "2013-03-31": "", "2012-12-31": "", "2012-09-30": "", "2012-06-30": "", "2012-03-31": "", "2011-12-31": "", "2011-09-30": "", "2011-06-30": "", "2011-03-31": "", "2010-12-31": "", "2010-09-30": "", "2010-06-30": "", "2010-03-31": "", "2009-12-31": "", "2009-09-30": "", "2009-06-30": "", "2009-03-31": "", "2008-12-31": "", "2008-09-30": "", "2008-06-30": "", "2008-03-31": "", "2007-12-31": "", "2007-09-30": "", "2007-06-30": "", "2007-03-31": "", "2006-12-31": "", "2006-09-30": "", "2006-06-30": "", "2006-03-31": "", "2005-12-31": "", "2005-09-30": "", "2005-06-30": "", "2005-03-31": ""}, "Pre-Tax Profit Margin": {"2020-09-30": "-34.36330", "2020-06-30": "-24.91240", "2020-03-31": "-49.85920", "2019-12-31": "-36.05310", "2019-09-30": "-10.02920", "2019-06-30": "-23.50160", "2019-03-31": "-9.09130", "2018-12-31": "-18.48960", "2018-09-30": "-10.69570", "2018-06-30": "-22.66040", "2018-03-31": "-16.33980", "2017-12-31": "-19.44000", "2017-09-30": "-20.22610", "2017-06-30": "-21.40820", "2017-03-31": "-30.75540", "2016-12-31": "-72.83390", "2016-09-30": "-24.78460", "2016-06-30": "-44.04400", "2016-03-31": "-104.16590", "2015-12-31": "-32.28700", "2015-09-30": "-40.83760", "2015-06-30": "2.84410", "2015-03-31": "7.28860", "2014-12-31": "-50.98090", "2014-09-30": "9.04200", "2014-06-30": "4.78720", "2014-03-31": "4.01320", "2013-12-31": "6.40420", "2013-09-30": "-8.67270", "2013-06-30": "2.36810", "2013-03-31": "6.35500", "2012-12-31": "9.04630", "2012-09-30": "3.67990", "2012-06-30": "-8.33840", "2012-03-31": "11.53150", "2011-12-31": "8.22470", "2011-09-30": "7.63870", "2011-06-30": "8.01860", "2011-03-31": "9.96550", "2010-12-31": "17.38840", "2010-09-30": "-3.31300", "2010-06-30": "5.81630", "2010-03-31": "5.81290", "2009-12-31": "11.49780", "2009-09-30": "4.74810", "2009-06-30": "-23.70220", "2009-03-31": "13.77300", "2008-12-31": "-3.54150", "2008-09-30": "19.49680", "2008-06-30": "18.23220", "2008-03-31": "19.50860", "2007-12-31": "13.51270", "2007-09-30": "17.61640", "2007-06-30": "26.32430", "2007-03-31": "26.76240", "2006-12-31": "25.51120", "2006-09-30": "30.85530", "2006-06-30": "30.57420", "2006-03-31": "31.49150", "2005-12-31": "27.71650", "2005-09-30": "26.31020", "2005-06-30": "22.11490", "2005-03-31": "21.20360"}, "Net Profit Margin": {"2020-09-30": "-36.81770", "2020-06-30": "-28.31610", "2020-03-31": "-55.29890", "2019-12-31": "-37.30150", "2019-09-30": "-16.28760", "2019-06-30": "-26.93130", "2019-03-31": "-15.07730", "2018-12-31": "-24.17260", "2018-09-30": "-15.27990", "2018-06-30": "-26.67950", "2018-03-31": "-19.62820", "2017-12-31": "-16.40350", "2017-09-30": "-22.42060", "2017-06-30": "-21.08760", "2017-03-31": "-26.44970", "2016-12-31": "-62.23660", "2016-09-30": "-21.38500", "2016-06-30": "-35.70930", "2016-03-31": "-92.46250", "2015-12-31": "-23.59200", "2015-09-30": "-36.41340", "2015-06-30": "-4.26480", "2015-03-31": "8.69330", "2014-12-31": "-49.91980", "2014-09-30": "5.84900", "2014-06-30": "3.96950", "2014-03-31": "3.14320", "2013-12-31": "9.37460", "2013-09-30": "-6.79790", "2013-06-30": "-0.29580", "2013-03-31": "6.12690", "2012-12-31": "1.82190", "2012-09-30": "4.61990", "2012-06-30": "-4.52620", "2012-03-31": "7.27960", "2011-12-31": "-5.86620", "2011-09-30": "4.51970", "2011-06-30": "14.23460", "2011-03-31": "5.90710", "2010-12-31": "3.91020", "2010-09-30": "-3.66610", "2010-06-30": "4.80840", "2010-03-31": "4.48450", "2009-12-31": "-6.68400", "2009-09-30": "3.67060", "2009-06-30": "-21.98040", "2009-03-31": "10.95330", "2008-12-31": "-8.39430", "2008-09-30": "13.46860", "2008-06-30": "13.53460", "2008-03-31": "16.04460", "2007-12-31": "12.00500", "2007-09-30": "17.79060", "2007-06-30": "20.22850", "2007-03-31": "20.52690", "2006-12-31": "19.06220", "2006-09-30": "23.30610", "2006-06-30": "20.40320", "2006-03-31": "21.71920", "2005-12-31": "21.46090", "2005-09-30": "19.42990", "2005-06-30": "16.76650", "2005-03-31": "15.97630"}, "Asset Turnover": {"2020-09-30": "0.07520", "2020-06-30": "0.08960", "2020-03-31": "0.11340", "2019-12-31": "0.10590", "2019-09-30": "0.10400", "2019-06-30": "0.10270", "2019-03-31": "0.10410", "2018-12-31": "0.09890", "2018-09-30": "0.09770", "2018-06-30": "0.09140", "2018-03-31": "0.08850", "2017-12-31": "0.08440", "2017-09-30": "0.08190", "2017-06-30": "0.07790", "2017-03-31": "0.06960", "2016-12-31": "0.06590", "2016-09-30": "0.06170", "2016-06-30": "0.05970", "2016-03-31": "0.04810", "2015-12-31": "0.07270", "2015-09-30": "0.08180", "2015-06-30": "0.08210", "2015-03-31": "0.13410", "2014-12-31": "0.15050", "2014-09-30": "0.14370", "2014-06-30": "0.13050", "2014-03-31": "0.13030", "2013-12-31": "0.13210", "2013-09-30": "0.12700", "2013-06-30": "0.12020", "2013-03-31": "0.12850", "2012-12-31": "0.12090", "2012-09-30": "0.12670", "2012-06-30": "0.12520", "2012-03-31": "0.14010", "2011-12-31": "0.13330", "2011-09-30": "0.13340", "2011-06-30": "0.11160", "2011-03-31": "0.11790", "2010-12-31": "0.11090", "2010-09-30": "0.09300", "2010-06-30": "0.08640", "2010-03-31": "0.08440", "2009-12-31": "0.06640", "2009-09-30": "0.07450", "2009-06-30": "0.08080", "2009-03-31": "0.10390", "2008-12-31": "0.12090", "2008-09-30": "0.13370", "2008-06-30": "0.11950", "2008-03-31": "0.12120", "2007-12-31": "0.12960", "2007-09-30": "0.12160", "2007-06-30": "0.11390", "2007-03-31": "0.13330", "2006-12-31": "0.13640", "2006-09-30": "0.14070", "2006-06-30": "0.13320", "2006-03-31": "0.17670", "2005-12-31": "0.13570", "2005-09-30": "0.13730", "2005-06-30": "0.12460", "2005-03-31": "0.12890"}, "Inventory Turnover Ratio": {"2020-09-30": "1.64850", "2020-06-30": "1.96090", "2020-03-31": "2.65440", "2019-12-31": "2.47390", "2019-09-30": "2.55450", "2019-06-30": "2.78450", "2019-03-31": "3.13570", "2018-12-31": "3.08240", "2018-09-30": "2.98030", "2018-06-30": "2.85430", "2018-03-31": "2.72740", "2017-12-31": "2.83600", "2017-09-30": "3.70650", "2017-06-30": "3.86090", "2017-03-31": "3.54140", "2016-12-31": "3.20050", "2016-09-30": "2.15900", "2016-06-30": "2.24890", "2016-03-31": "2.37280", "2015-12-31": "2.89380", "2015-09-30": "2.92390", "2015-06-30": "2.65830", "2015-03-31": "4.82930", "2014-12-31": "5.19350", "2014-09-30": "4.86660", "2014-06-30": "4.92730", "2014-03-31": "5.46240", "2013-12-31": "4.92310", "2013-09-30": "4.27760", "2013-06-30": "4.13680", "2013-03-31": "4.05300", "2012-12-31": "3.79080", "2012-09-30": "4.30490", "2012-06-30": "4.32120", "2012-03-31": "4.45780", "2011-12-31": "3.85020", "2011-09-30": "4.36960", "2011-06-30": "4.13930", "2011-03-31": "4.30830", "2010-12-31": "4.73590", "2010-09-30": "4.37540", "2010-06-30": "4.81200", "2010-03-31": "5.06070", "2009-12-31": "4.27510", "2009-09-30": "3.72710", "2009-06-30": "3.38700", "2009-03-31": "4.64720", "2008-12-31": "5.37670", "2008-09-30": "6.24060", "2008-06-30": "5.74260", "2008-03-31": "5.76930", "2007-12-31": "5.39000", "2007-09-30": "5.48480", "2007-06-30": "5.00210", "2007-03-31": "5.98340", "2006-12-31": "6.45140", "2006-09-30": "6.62420", "2006-06-30": "8.39820", "2006-03-31": "10.55350", "2005-12-31": "10.30910", "2005-09-30": "11.72910", "2005-06-30": "12.57040", "2005-03-31": "14.83950"}, "Receiveable Turnover": {"2020-09-30": "1.26040", "2020-06-30": "1.53570", "2020-03-31": "1.57280", "2019-12-31": "1.57990", "2019-09-30": "1.23330", "2019-06-30": "1.04680", "2019-03-31": "1.08850", "2018-12-31": "1.02680", "2018-09-30": "1.00380", "2018-06-30": "0.97250", "2018-03-31": "1.00150", "2017-12-31": "1.01540", "2017-09-30": "1.06570", "2017-06-30": "1.08180", "2017-03-31": "1.09490", "2016-12-31": "1.06070", "2016-09-30": "1.03190", "2016-06-30": "1.02580", "2016-03-31": "0.72460", "2015-12-31": "0.88400", "2015-09-30": "0.93230", "2015-06-30": "0.95030", "2015-03-31": "1.46370", "2014-12-31": "1.17630", "2014-09-30": "1.11610", "2014-06-30": "1.12080", "2014-03-31": "1.09200", "2013-12-31": "1.14790", "2013-09-30": "1.13780", "2013-06-30": "1.09820", "2013-03-31": "1.12780", "2012-12-31": "1.10640", "2012-09-30": "1.07090", "2012-06-30": "1.00050", "2012-03-31": "1.07260", "2011-12-31": "1.09210", "2011-09-30": "1.17540", "2011-06-30": "1.13500", "2011-03-31": "1.12810", "2010-12-31": "1.15630", "2010-09-30": "1.07720", "2010-06-30": "1.18960", "2010-03-31": "1.21890", "2009-12-31": "0.97660", "2009-09-30": "1.14480", "2009-06-30": "1.11470", "2009-03-31": "1.17110", "2008-12-31": "1.09510", "2008-09-30": "1.24010", "2008-06-30": "1.20270", "2008-03-31": "1.18830", "2007-12-31": "1.25970", "2007-09-30": "1.17470", "2007-06-30": "1.08970", "2007-03-31": "1.12960", "2006-12-31": "1.12410", "2006-09-30": "1.14310", "2006-06-30": "1.13520", "2006-03-31": "1.24500", "2005-12-31": "1.19380", "2005-09-30": "1.25240", "2005-06-30": "1.26930", "2005-03-31": "1.23340"}, "Days Sales In Receivables": {"2020-09-30": "71.40850", "2020-06-30": "58.60520", "2020-03-31": "57.22400", "2019-12-31": "56.96490", "2019-09-30": "72.97730", "2019-06-30": "85.97480", "2019-03-31": "82.68450", "2018-12-31": "87.64730", "2018-09-30": "89.65920", "2018-06-30": "92.54930", "2018-03-31": "89.86280", "2017-12-31": "88.63120", "2017-09-30": "84.45180", "2017-06-30": "83.19330", "2017-03-31": "82.19840", "2016-12-31": "84.84970", "2016-09-30": "87.21800", "2016-06-30": "87.73860", "2016-03-31": "124.21110", "2015-12-31": "101.80470", "2015-09-30": "96.53090", "2015-06-30": "94.71100", "2015-03-31": "61.48600", "2014-12-31": "76.51260", "2014-09-30": "80.63520", "2014-06-30": "80.30080", "2014-03-31": "82.41850", "2013-12-31": "78.40600", "2013-09-30": "79.09920", "2013-06-30": "81.95570", "2013-03-31": "79.80480", "2012-12-31": "81.34710", "2012-09-30": "84.04410", "2012-06-30": "89.95840", "2012-03-31": "83.91040", "2011-12-31": "82.40720", "2011-09-30": "76.56650", "2011-06-30": "79.29610", "2011-03-31": "79.78330", "2010-12-31": "77.83430", "2010-09-30": "83.55250", "2010-06-30": "75.65470", "2010-03-31": "73.83600", "2009-12-31": "92.16080", "2009-09-30": "78.61320", "2009-06-30": "80.73980", "2009-03-31": "76.85060", "2008-12-31": "82.18580", "2008-09-30": "72.57600", "2008-06-30": "74.83160", "2008-03-31": "75.74000", "2007-12-31": "71.44450", "2007-09-30": "76.61320", "2007-06-30": "82.58910", "2007-03-31": "79.67290", "2006-12-31": "80.06540", "2006-09-30": "78.72990", "2006-06-30": "79.28430", "2006-03-31": "72.28690", "2005-12-31": "75.39090", "2005-09-30": "71.85960", "2005-06-30": "70.90490", "2005-03-31": "72.96860"}, "ROE - Return On Equity": {"2020-09-30": "-10.78740", "2020-06-30": "-9.15220", "2020-03-31": "-22.80610", "2019-12-31": "-13.87860", "2019-09-30": "-4.26280", "2019-06-30": "-7.85300", "2019-03-31": "-3.90090", "2018-12-31": "-6.01930", "2018-09-30": "-3.16180", "2018-06-30": "-6.32040", "2018-03-31": "-5.24610", "2017-12-31": "-3.90380", "2017-09-30": "-4.07500", "2017-06-30": "-3.75800", "2017-03-31": "-4.63310", "2016-12-31": "-10.14490", "2016-09-30": "-2.71870", "2016-06-30": "-5.01160", "2016-03-31": "-10.12830", "2015-12-31": "-3.75160", "2015-09-30": "-5.56100", "2015-06-30": "-0.84810", "2015-03-31": "2.50340", "2014-12-31": "-18.02070", "2014-09-30": "1.74400", "2014-06-30": "1.08070", "2014-03-31": "0.82020", "2013-12-31": "2.14870", "2013-09-30": "-1.55050", "2013-06-30": "0.47410", "2013-03-31": "1.54070", "2012-12-31": "2.09030", "2012-09-30": "1.10120", "2012-06-30": "-1.72200", "2012-03-31": "2.44910", "2011-12-31": "1.68790", "2011-09-30": "1.54500", "2011-06-30": "1.25050", "2011-03-31": "1.72720", "2010-12-31": "3.74220", "2010-09-30": "-0.60460", "2010-06-30": "0.84100", "2010-03-31": "0.82760", "2009-12-31": "2.85860", "2009-09-30": "1.03820", "2009-06-30": "-3.82750", "2009-03-31": "2.47580", "2008-12-31": "-1.23710", "2008-09-30": "3.88230", "2008-06-30": "3.57570", "2008-03-31": "4.42880", "2007-12-31": "3.47230", "2007-09-30": "4.43540", "2007-06-30": "5.35730", "2007-03-31": "6.70470", "2006-12-31": "6.16490", "2006-09-30": "8.67410", "2006-06-30": "7.58920", "2006-03-31": "6.73360", "2005-12-31": "5.32390", "2005-09-30": "5.01540", "2005-06-30": "4.00550", "2005-03-31": "3.95890"}, "Return On Tangible Equity": {"2020-09-30": "-10.78730", "2020-06-30": "-9.15220", "2020-03-31": "-22.80600", "2019-12-31": "-14.07340", "2019-09-30": "-4.43430", "2019-06-30": "-8.15400", "2019-03-31": "-4.19220", "2018-12-31": "-6.45070", "2018-09-30": "-3.35780", "2018-06-30": "-6.69500", "2018-03-31": "-5.60010", "2017-12-31": "-4.14840", "2017-09-30": "-4.33150", "2017-06-30": "-3.97440", "2017-03-31": "-4.88930", "2016-12-31": "-10.69330", "2016-09-30": "-2.85120", "2016-06-30": "-5.24730", "2016-03-31": "-10.58010", "2015-12-31": "-3.90310", "2015-09-30": "-5.75230", "2015-06-30": "-0.87280", "2015-03-31": "2.54480", "2014-12-31": "-18.68130", "2014-09-30": "1.91060", "2014-06-30": "1.18030", "2014-03-31": "0.89720", "2013-12-31": "2.35020", "2013-09-30": "-1.68920", "2013-06-30": "0.51650", "2013-03-31": "1.67740", "2012-12-31": "2.27030", "2012-09-30": "1.19790", "2012-06-30": "-1.87660", "2012-03-31": "2.68000", "2011-12-31": "1.85380", "2011-09-30": "1.69560", "2011-06-30": "1.37000", "2011-03-31": "1.89850", "2010-12-31": "4.12380", "2010-09-30": "-0.66350", "2010-06-30": "0.86820", "2010-03-31": "0.85430", "2009-12-31": "2.95220", "2009-09-30": "1.07220", "2009-06-30": "-3.95510", "2009-03-31": "2.56530", "2008-12-31": "-1.28290", "2008-09-30": "4.17880", "2008-06-30": "3.85980", "2008-03-31": "4.78960", "2007-12-31": "3.78090", "2007-09-30": "4.83810", "2007-06-30": "5.91550", "2007-03-31": "7.42690", "2006-12-31": "6.86840", "2006-09-30": "9.77580", "2006-06-30": "8.62790", "2006-03-31": "7.43550", "2005-12-31": "5.85680", "2005-09-30": "5.54760", "2005-06-30": "4.45440", "2005-03-31": "4.41310"}, "ROA - Return On Assets": {"2020-09-30": "-2.52150", "2020-06-30": "-2.30620", "2020-03-31": "-5.93270", "2019-12-31": "-4.20870", "2019-09-30": "-1.37190", "2019-06-30": "-2.56570", "2019-03-31": "-1.32980", "2018-12-31": "-2.10790", "2018-09-30": "-1.17720", "2018-06-30": "-2.35190", "2018-03-31": "-1.73000", "2017-12-31": "-1.36550", "2017-09-30": "-1.47470", "2017-06-30": "-1.42700", "2017-03-31": "-1.82360", "2016-12-31": "-4.03320", "2016-09-30": "-1.16140", "2016-06-30": "-2.15530", "2016-03-31": "-4.43160", "2015-12-31": "-1.68900", "2015-09-30": "-2.52670", "2015-06-30": "-0.39830", "2015-03-31": "1.17270", "2014-12-31": "-7.47200", "2014-09-30": "0.81170", "2014-06-30": "0.52850", "2014-03-31": "0.40190", "2013-12-31": "1.05690", "2013-09-30": "-0.74180", "2013-06-30": "0.22930", "2013-03-31": "0.73260", "2012-12-31": "0.98390", "2012-09-30": "0.49900", "2012-06-30": "-0.76810", "2012-03-31": "1.08470", "2011-12-31": "0.73220", "2011-09-30": "0.70780", "2011-06-30": "0.58510", "2011-03-31": "0.79520", "2010-12-31": "1.71680", "2010-09-30": "-0.27160", "2010-06-30": "0.41880", "2010-03-31": "0.40960", "2009-12-31": "1.39160", "2009-09-30": "0.49710", "2009-06-30": "-1.77750", "2009-03-31": "1.12890", "2008-12-31": "-0.57850", "2008-09-30": "1.80020", "2008-06-30": "1.61780", "2008-03-31": "1.94440", "2007-12-31": "1.55140", "2007-09-30": "1.94240", "2007-06-30": "2.22820", "2007-03-31": "2.68140", "2006-12-31": "2.38480", "2006-09-30": "3.18950", "2006-06-30": "2.71710", "2006-03-31": "3.83770", "2005-12-31": "2.76720", "2005-09-30": "2.66860", "2005-06-30": "2.08930", "2005-03-31": "2.05900"}, "ROI - Return On Investment": {"2020-09-30": "-3.15440", "2020-06-30": "-2.88420", "2020-03-31": "-7.44210", "2019-12-31": "-5.28540", "2019-09-30": "-1.70360", "2019-06-30": "-3.21030", "2019-03-31": "-1.63370", "2018-12-31": "-2.61280", "2018-09-30": "-1.39840", "2018-06-30": "-2.82620", "2018-03-31": "-2.05320", "2017-12-31": "-1.64680", "2017-09-30": "-1.73230", "2017-06-30": "-1.69490", "2017-03-31": "-2.15580", "2016-12-31": "-4.83230", "2016-09-30": "-1.38290", "2016-06-30": "-2.58190", "2016-03-31": "-5.28820", "2015-12-31": "-2.02650", "2015-09-30": "-3.04130", "2015-06-30": "-0.48540", "2015-03-31": "1.41570", "2014-12-31": "-9.58210", "2014-09-30": "1.01130", "2014-06-30": "0.65480", "2014-03-31": "0.50060", "2013-12-31": "1.30010", "2013-09-30": "-0.91670", "2013-06-30": "0.28120", "2013-03-31": "0.88960", "2012-12-31": "1.20470", "2012-09-30": "0.61210", "2012-06-30": "-0.97410", "2012-03-31": "1.38180", "2011-12-31": "0.95020", "2011-09-30": "0.89590", "2011-06-30": "0.71360", "2011-03-31": "1.10740", "2010-12-31": "2.37830", "2010-09-30": "-0.38090", "2010-06-30": "0.57910", "2010-03-31": "0.47750", "2009-12-31": "1.62380", "2009-09-30": "0.58000", "2009-06-30": "-2.12060", "2009-03-31": "1.35330", "2008-12-31": "-0.71420", "2008-09-30": "2.15940", "2008-06-30": "2.01480", "2008-03-31": "2.44590", "2007-12-31": "2.00420", "2007-09-30": "2.53590", "2007-06-30": "2.97340", "2007-03-31": "3.27830", "2006-12-31": "2.89140", "2006-09-30": "3.90830", "2006-06-30": "3.29760", "2006-03-31": "5.06880", "2005-12-31": "3.99370", "2005-09-30": "3.75440", "2005-06-30": "2.93290", "2005-03-31": "2.88610"}, "Book Value Per Share": {"2020-09-30": "186.39670", "2020-06-30": "206.53320", "2020-03-31": "224.83880", "2019-12-31": "282.08110", "2019-09-30": "322.07330", "2019-06-30": "337.72530", "2019-03-31": "364.90260", "2018-12-31": "385.35950", "2018-09-30": "414.68380", "2018-06-30": "432.03670", "2018-03-31": "430.99780", "2017-12-31": "466.90180", "2017-09-30": "511.97210", "2017-06-30": "537.52600", "2017-03-31": "557.26840", "2016-12-31": "573.17860", "2016-09-30": "635.06210", "2016-06-30": "656.83620", "2016-03-31": "694.35630", "2015-12-31": "763.53360", "2015-09-30": "795.59110", "2015-06-30": "846.20360", "2015-03-31": "854.24550", "2014-12-31": "849.80190", "2014-09-30": "1014.57900", "2014-06-30": "1014.60100", "2014-03-31": "1004.05400", "2013-12-31": "1012.73900", "2013-09-30": "989.02030", "2013-06-30": "1005.61800", "2013-03-31": "1015.71300", "2012-12-31": "1025.67800", "2012-09-30": "1008.34500", "2012-06-30": "986.70400", "2012-03-31": "1002.90000", "2011-12-31": "973.69120", "2011-09-30": "981.45780", "2011-06-30": "986.01390", "2011-03-31": "953.64000", "2010-12-31": "935.30960", "2010-09-30": "914.86220", "2010-06-30": "916.41590", "2010-03-31": "922.52740", "2009-12-31": "910.71370", "2009-09-30": "912.52600", "2009-06-30": "891.75670", "2009-03-31": "885.57350", "2008-12-31": "869.19760", "2008-09-30": "888.87160", "2008-06-30": "880.72120", "2008-03-31": "851.56820", "2007-12-31": "808.00920", "2007-09-30": "779.63090", "2007-06-30": "731.99850", "2007-03-31": "681.31320", "2006-12-31": "638.40110", "2006-09-30": "592.83070", "2006-06-30": "514.31300", "2006-03-31": "614.93100", "2005-12-31": "641.20480", "2005-09-30": "565.23770", "2005-06-30": "523.68540", "2005-03-31": "510.43100"}, "Operating Cash Flow Per Share": {"2020-09-30": 6.4823, "2020-06-30": 20.2214, "2020-03-31": "8.39060", "2019-12-31": 36.1558, "2019-09-30": 22.3484, "2019-06-30": 28.8823, "2019-03-31": "9.95780", "2018-12-31": 37.7282, "2018-09-30": -0.7966, "2018-06-30": 25.0053, "2018-03-31": "-13.22640", "2017-12-31": 17.6443, "2017-09-30": -4.7555, "2017-06-30": 8.7299, "2017-03-31": "-10.43830", "2016-12-31": 23.0539, "2016-09-30": 12.2702, "2016-06-30": 31.5959, "2016-03-31": "29.27410", "2015-12-31": 44.8706, "2015-09-30": 16.0456, "2015-06-30": 36.7598, "2015-03-31": "53.66860", "2014-12-31": 95.5904, "2014-09-30": 70.3556, "2014-06-30": 66.2174, "2014-03-31": "74.32920", "2013-12-31": 73.9231, "2013-09-30": 53.1867, "2013-06-30": 81.502, "2013-03-31": "30.47470", "2012-12-31": 80.2752, "2012-09-30": 64.3993, "2012-06-30": 80.7624, "2012-03-31": "41.85390", "2011-12-31": 59.2277, "2011-09-30": 41.9654, "2011-06-30": 98.0942, "2011-03-31": "49.69850", "2010-12-31": 71.3076, "2010-09-30": 38.4785, "2010-06-30": 42.6996, "2010-03-31": "38.37620", "2009-12-31": 55.9953, "2009-09-30": 48.3227, "2009-06-30": 89.0662, "2009-03-31": "88.80790", "2008-12-31": 70.4788, "2008-09-30": 75.9714, "2008-06-30": 58.2473, "2008-03-31": "49.05710", "2007-12-31": 92.9977, "2007-09-30": 35.1617, "2007-06-30": 51.3011, "2007-03-31": "62.52130", "2006-12-31": 66.46, "2006-09-30": 59.5824, "2006-06-30": 60.8053, "2006-03-31": "61.00490", "2005-12-31": 55.912, "2005-09-30": 35.7849, "2005-06-30": 41.2991, "2005-03-31": "25.69230"}, "Free Cash Flow Per Share": {"2020-09-30": -0.0552, "2020-06-30": 13.5102, "2020-03-31": "-0.03800", "2019-12-31": 27.3965, "2019-09-30": 9.3212, "2019-06-30": 9.9537, "2019-03-31": "-10.15200", "2018-12-31": 17.5036, "2018-09-30": -17.2983, "2018-06-30": 8.3349, "2018-03-31": "-28.45140", "2017-12-31": -4.3491, "2017-09-30": -28.5004, "2017-06-30": -14.8602, "2017-03-31": "-43.45470", "2016-12-31": 3.026, "2016-09-30": -4.2828, "2016-06-30": 20.2002, "2016-03-31": "5.73330", "2015-12-31": 22.6044, "2015-09-30": -15.8578, "2015-06-30": 1.3595, "2015-03-31": "-9.97020", "2014-12-31": 10.1506, "2014-09-30": -14.1634, "2014-06-30": -10.8066, "2014-03-31": "8.04180", "2013-12-31": 7.5891, "2013-09-30": 5.1002, "2013-06-30": 37.3332, "2013-03-31": "-9.55980", "2012-12-31": 29.3722, "2012-09-30": 22.2445, "2012-06-30": -4.7398, "2012-03-31": "-39.33780", "2011-12-31": -27.5131, "2011-09-30": -50.0311, "2011-06-30": -11.0978, "2011-03-31": "-11.55660", "2010-12-31": 23.2496, "2010-09-30": -10.1143, "2010-06-30": 4.8795, "2010-03-31": "12.45240", "2009-12-31": 26.6482, "2009-09-30": 12.3682, "2009-06-30": 32.5094, "2009-03-31": "19.84130", "2008-12-31": 1.5703, "2008-09-30": 11.1158, "2008-06-30": -12.028, "2008-03-31": "-8.31760", "2007-12-31": -3.2829, "2007-09-30": -32.0468, "2007-06-30": -36.572, "2007-03-31": "-39.86320", "2006-12-31": -20.3219, "2006-09-30": -37.0756, "2006-06-30": -23.8354, "2006-03-31": "7.66560", "2005-12-31": 5.3134, "2005-09-30": 0.359, "2005-06-30": 14.8312, "2005-03-31": "-1.67000"}}, "revenue": {"Nabors Industries Annual Revenue (Millions of US $)": {"2019": "$3,054", "2018": "$3,048", "2017": "$2,565", "2016": "$2,007", "2015": "$3,792", "2014": "$6,810", "2013": "$6,249", "2012": "$6,617", "2011": "$6,119", "2010": "$4,175", "2009": "$3,532", "2008": "$5,336", "2007": "$4,941", "2006": "$4,830", "2005": "$3,486"}, "Nabors Industries Quarterly Revenue (Millions of US $)": {"2020-09-30": "$438", "2020-06-30": "$536", "2020-03-31": "$715", "2019-12-31": "$716", "2019-09-30": "$757", "2019-06-30": "$772", "2019-03-31": "$809", "2018-12-31": "$777", "2018-09-30": "$778", "2018-06-30": "$759", "2018-03-31": "$735", "2017-12-31": "$709", "2017-09-30": "$662", "2017-06-30": "$630", "2017-03-31": "$563", "2016-12-31": "$539", "2016-09-30": "$520", "2016-06-30": "$517", "2016-03-31": "$431", "2015-12-31": "$694", "2015-09-30": "$812", "2015-06-30": "$863", "2015-03-31": "$1,422", "2014-12-31": "$1,785", "2014-09-30": "$1,813", "2014-06-30": "$1,623", "2014-03-31": "$1,588", "2013-12-31": "$1,606", "2013-09-30": "$1,550", "2013-06-30": "$1,474", "2013-03-31": "$1,618", "2012-12-31": "$1,530", "2012-09-30": "$1,638", "2012-06-30": "$1,608", "2012-03-31": "$1,842", "2011-12-31": "$1,722", "2011-09-30": "$1,643", "2011-06-30": "$1,352", "2011-03-31": "$1,402", "2010-12-31": "$1,291", "2010-09-30": "$1,080", "2010-06-30": "$907", "2010-03-31": "$896", "2009-12-31": "$707", "2009-09-30": "$804", "2009-06-30": "$878", "2009-03-31": "$1,143", "2008-12-31": "$1,271", "2008-09-30": "$1,440", "2008-06-30": "$1,303", "2008-03-31": "$1,322", "2007-12-31": "$1,309", "2007-09-30": "$1,226", "2007-06-30": "$1,129", "2007-03-31": "$1,277", "2006-12-31": "$1,247", "2006-09-30": "$1,256", "2006-06-30": "$1,144", "2006-03-31": "$1,182", "2005-12-31": "$981", "2005-09-30": "$921", "2005-06-30": "$786", "2005-03-31": "$798"}}, "gross-profit": {"Nabors Industries Annual Gross Profit (Millions of US $)": {"2019": "$1,124", "2018": "$1,071", "2017": "$847", "2016": "$663", "2015": "$1,420", "2014": "$2,305", "2013": "$2,267", "2012": "$2,250", "2011": "$2,380", "2010": "$1,774", "2009": "$1,551", "2008": "$2,236", "2007": "$2,176", "2006": "$2,318", "2005": "$1,527"}, "Nabors Industries Quarterly Gross Profit (Millions of US $)": {"2020-09-30": "$167", "2020-06-30": "$209", "2020-03-31": "$253", "2019-12-31": "$280", "2019-09-30": "$281", "2019-06-30": "$275", "2019-03-31": "$288", "2018-12-31": "$266", "2018-09-30": "$281", "2018-06-30": "$265", "2018-03-31": "$259", "2017-12-31": "$238", "2017-09-30": "$221", "2017-06-30": "$213", "2017-03-31": "$176", "2016-12-31": "$208", "2016-09-30": "$214", "2016-06-30": "$176", "2016-03-31": "$66", "2015-12-31": "$249", "2015-09-30": "$294", "2015-06-30": "$375", "2015-03-31": "$503", "2014-12-31": "$590", "2014-09-30": "$631", "2014-06-30": "$557", "2014-03-31": "$526", "2013-12-31": "$574", "2013-09-30": "$569", "2013-06-30": "$502", "2013-03-31": "$623", "2012-12-31": "$578", "2012-09-30": "$531", "2012-06-30": "$485", "2012-03-31": "$657", "2011-12-31": "$671", "2011-09-30": "$624", "2011-06-30": "$525", "2011-03-31": "$561", "2010-12-31": "$539", "2010-09-30": "$455", "2010-06-30": "$390", "2010-03-31": "$391", "2009-12-31": "$276", "2009-09-30": "$373", "2009-06-30": "$424", "2009-03-31": "$477", "2008-12-31": "$464", "2008-09-30": "$635", "2008-06-30": "$563", "2008-03-31": "$574", "2007-12-31": "$588", "2007-09-30": "$503", "2007-06-30": "$492", "2007-03-31": "$593", "2006-12-31": "$599", "2006-09-30": "$602", "2006-06-30": "$550", "2006-03-31": "$568", "2005-12-31": "$453", "2005-09-30": "$420", "2005-06-30": "$332", "2005-03-31": "$323"}}, "operating-income": {"Nabors Industries Annual Operating Income (Millions of US $)": {"2019": "$-589", "2018": "$-519", "2017": "$-580", "2016": "$-1,198", "2015": "$-428", "2014": "$-605", "2013": "$106", "2012": "$277", "2011": "$515", "2010": "$294", "2009": "$69", "2008": "$731", "2007": "$1,032", "2006": "$1,428", "2005": "$857"}, "Nabors Industries Quarterly Operating Income (Millions of US $)": {"2020-09-30": "$-150", "2020-06-30": "$-134", "2020-03-31": "$-357", "2019-12-31": "$-258", "2019-09-30": "$-76", "2019-06-30": "$-181", "2019-03-31": "$-74", "2018-12-31": "$-144", "2018-09-30": "$-83", "2018-06-30": "$-172", "2018-03-31": "$-120", "2017-12-31": "$-138", "2017-09-30": "$-134", "2017-06-30": "$-135", "2017-03-31": "$-173", "2016-12-31": "$-393", "2016-09-30": "$-129", "2016-06-30": "$-228", "2016-03-31": "$-449", "2015-12-31": "$-224", "2015-09-30": "$-332", "2015-06-30": "$25", "2015-03-31": "$104", "2014-12-31": "$-910", "2014-09-30": "$164", "2014-06-30": "$78", "2014-03-31": "$64", "2013-12-31": "$103", "2013-09-30": "$-134", "2013-06-30": "$35", "2013-03-31": "$103", "2012-12-31": "$138", "2012-09-30": "$60", "2012-06-30": "$-134", "2012-03-31": "$212", "2011-12-31": "$142", "2011-09-30": "$126", "2011-06-30": "$108", "2011-03-31": "$140", "2010-12-31": "$224", "2010-09-30": "$-36", "2010-06-30": "$53", "2010-03-31": "$52", "2009-12-31": "$81", "2009-09-30": "$38", "2009-06-30": "$-208", "2009-03-31": "$157", "2008-12-31": "$-45", "2008-09-30": "$281", "2008-06-30": "$238", "2008-03-31": "$258", "2007-12-31": "$177", "2007-09-30": "$216", "2007-06-30": "$297", "2007-03-31": "$342", "2006-12-31": "$318", "2006-09-30": "$388", "2006-06-30": "$350", "2006-03-31": "$372", "2005-12-31": "$272", "2005-09-30": "$242", "2005-06-30": "$174", "2005-03-31": "$169"}}, "ebitda": {"Nabors Industries Annual EBITDA (Millions of US $)": {"2019": "$522", "2018": "$609", "2017": "$516", "2016": "$-132", "2015": "$735", "2014": "$729", "2013": "$1,458", "2012": "$1,593", "2011": "$1,776", "2010": "$1,437", "2009": "$1,109", "2008": "$1,700", "2007": "$1,829", "2006": "$1,895", "2005": "$1,267"}, "Nabors Industries Quarterly EBITDA (Millions of US $)": {"2020-09-30": "$117", "2020-06-30": "$137", "2020-03-31": "$-67", "2019-12-31": "$25", "2019-09-30": "$204", "2019-06-30": "$97", "2019-03-31": "$197", "2018-12-31": "$147", "2018-09-30": "$185", "2018-06-30": "$115", "2018-03-31": "$163", "2017-12-31": "$141", "2017-09-30": "$145", "2017-06-30": "$135", "2017-03-31": "$94", "2016-12-31": "$-127", "2016-09-30": "$141", "2016-06-30": "$39", "2016-03-31": "$-185", "2015-12-31": "$61", "2015-09-30": "$-46", "2015-06-30": "$289", "2015-03-31": "$431", "2014-12-31": "$-564", "2014-09-30": "$494", "2014-06-30": "$408", "2014-03-31": "$391", "2013-12-31": "$435", "2013-09-30": "$207", "2013-06-30": "$380", "2013-03-31": "$436", "2012-12-31": "$486", "2012-09-30": "$394", "2012-06-30": "$191", "2012-03-31": "$523", "2011-12-31": "$456", "2011-09-30": "$433", "2011-06-30": "$411", "2011-03-31": "$476", "2010-12-31": "$539", "2010-09-30": "$258", "2010-06-30": "$322", "2010-03-31": "$319", "2009-12-31": "$341", "2009-09-30": "$305", "2009-06-30": "$49", "2009-03-31": "$413", "2008-12-31": "$199", "2008-09-30": "$532", "2008-06-30": "$482", "2008-03-31": "$486", "2007-12-31": "$553", "2007-09-30": "$371", "2007-06-30": "$436", "2007-03-31": "$470", "2006-12-31": "$448", "2006-09-30": "$509", "2006-06-30": "$460", "2006-03-31": "$478", "2005-12-31": "$381", "2005-09-30": "$345", "2005-06-30": "$274", "2005-03-31": "$267"}}, "net-income": {"Nabors Industries Annual Net Income (Millions of US $)": {"2019": "$-720", "2018": "$-653", "2017": "$-547", "2016": "$-1,030", "2015": "$-373", "2014": "$-671", "2013": "$140", "2012": "$165", "2011": "$249", "2010": "$95", "2009": "$-86", "2008": "$476", "2007": "$866", "2006": "$1,021", "2005": "$649"}, "Nabors Industries Quarterly Net Income (Millions of US $)": {"2020-09-30": "$-161", "2020-06-30": "$-152", "2020-03-31": "$-395", "2019-12-31": "$-267", "2019-09-30": "$-123", "2019-06-30": "$-208", "2019-03-31": "$-122", "2018-12-31": "$-188", "2018-09-30": "$-119", "2018-06-30": "$-202", "2018-03-31": "$-144", "2017-12-31": "$-116", "2017-09-30": "$-149", "2017-06-30": "$-133", "2017-03-31": "$-149", "2016-12-31": "$-336", "2016-09-30": "$-111", "2016-06-30": "$-185", "2016-03-31": "$-398", "2015-12-31": "$-164", "2015-09-30": "$-296", "2015-06-30": "$-37", "2015-03-31": "$124", "2014-12-31": "$-891", "2014-09-30": "$106", "2014-06-30": "$64", "2014-03-31": "$50", "2013-12-31": "$151", "2013-09-30": "$-105", "2013-06-30": "$-4", "2013-03-31": "$99", "2012-12-31": "$28", "2012-09-30": "$76", "2012-06-30": "$-73", "2012-03-31": "$134", "2011-12-31": "$-101", "2011-09-30": "$74", "2011-06-30": "$192", "2011-03-31": "$83", "2010-12-31": "$50", "2010-09-30": "$-40", "2010-06-30": "$44", "2010-03-31": "$40", "2009-12-31": "$-47", "2009-09-30": "$30", "2009-06-30": "$-193", "2009-03-31": "$125", "2008-12-31": "$-107", "2008-09-30": "$194", "2008-06-30": "$176", "2008-03-31": "$212", "2007-12-31": "$157", "2007-09-30": "$218", "2007-06-30": "$228", "2007-03-31": "$262", "2006-12-31": "$238", "2006-09-30": "$293", "2006-06-30": "$233", "2006-03-31": "$257", "2005-12-31": "$211", "2005-09-30": "$179", "2005-06-30": "$132", "2005-03-31": "$127"}}, "eps-earnings-per-share-diluted": {"Nabors Industries Annual EPS": {"2019": "$-105.50", "2018": "$-99.50", "2017": "$-95.00", "2016": "$-182.00", "2015": "$-64.50", "2014": "$-114.00", "2013": "$23.50", "2012": "$28.00", "2011": "$42.50", "2010": "$16.50", "2009": "$-15.00", "2008": "$82.50", "2007": "$150.00", "2006": "$170.00", "2005": "$100.00"}, "Nabors Industries Quarterly EPS": {"2020-09-30": "$-23.42", "2020-06-30": "$-22.13", "2020-03-31": "$-56.73", "2019-12-31": "$-38.81", "2019-09-30": "$-18.25", "2019-06-30": "$-30.31", "2019-03-31": "$-18.13", "2018-12-31": "$-28.50", "2018-09-30": "$-17.50", "2018-06-30": "$-30.50", "2018-03-31": "$-23.00", "2017-12-31": "$-20.00", "2017-09-30": "$-26.00", "2017-06-30": "$-23.00", "2017-03-31": "$-26.00", "2016-12-31": "$-59.50", "2016-09-30": "$-19.50", "2016-06-30": "$-32.50", "2016-03-31": "$-70.50", "2015-12-31": "$-28.00", "2015-09-30": "$-51.00", "2015-06-30": "$-6.50", "2015-03-31": "$21.00", "2014-12-31": "$-150.00", "2014-09-30": "$17.50", "2014-06-30": "$10.50", "2014-03-31": "$8.00", "2013-12-31": "$25.00", "2013-09-30": "$-17.50", "2013-06-30": "$-0.50", "2013-03-31": "$16.50", "2012-12-31": "$4.50", "2012-09-30": "$13.00", "2012-06-30": "$-12.50", "2012-03-31": "$23.00", "2011-12-31": "$-16.50", "2011-09-30": "$12.50", "2011-06-30": "$32.50", "2011-03-31": "$14.00", "2010-12-31": "$9.00", "2010-09-30": "$-7.00", "2010-06-30": "$7.50", "2010-03-31": "$7.00", "2009-12-31": "$-8.00", "2009-09-30": "$5.00", "2009-06-30": "$-34.00", "2009-03-31": "$22.00", "2008-12-31": "$-18.00", "2008-09-30": "$33.50", "2008-06-30": "$30.00", "2008-03-31": "$37.00", "2007-12-31": "$26.50", "2007-09-30": "$38.00", "2007-06-30": "$39.50", "2007-03-31": "$46.00", "2006-12-31": "$41.00", "2006-09-30": "$51.00", "2006-06-30": "$38.50", "2006-03-31": "$39.50", "2005-12-31": "$32.00", "2005-09-30": "$27.50", "2005-06-30": "$20.50", "2005-03-31": "$20.00"}}, "shares-outstanding": {"Nabors Industries Annual Shares Outstanding (Millions of Shares)": {"2019": "7", "2018": "7", "2017": "6", "2016": "6", "2015": "6", "2014": "6", "2013": "6", "2012": "6", "2011": "6", "2010": "6", "2009": "6", "2008": "6", "2007": "6", "2006": "6", "2005": "6"}, "Nabors Industries Quarterly Shares Outstanding (Millions of Shares)": {"2020-09-30": "7", "2020-06-30": "7", "2020-03-31": "7", "2019-12-31": "7", "2019-09-30": "7", "2019-06-30": "7", "2019-03-31": "7", "2018-12-31": "7", "2018-09-30": "7", "2018-06-30": "7", "2018-03-31": "6", "2017-12-31": "6", "2017-09-30": "6", "2017-06-30": "6", "2017-03-31": "6", "2016-12-31": "6", "2016-09-30": "6", "2016-06-30": "6", "2016-03-31": "6", "2015-12-31": "6", "2015-09-30": "6", "2015-06-30": "6", "2015-03-31": "6", "2014-12-31": "6", "2014-09-30": "6", "2014-06-30": "6", "2014-03-31": "6", "2013-12-31": "6", "2013-09-30": "6", "2013-06-30": "6", "2013-03-31": "6", "2012-12-31": "6", "2012-09-30": "6", "2012-06-30": "6", "2012-03-31": "6", "2011-12-31": "6", "2011-09-30": "6", "2011-06-30": "6", "2011-03-31": "6", "2010-12-31": "6", "2010-09-30": "6", "2010-06-30": "6", "2010-03-31": "6", "2009-12-31": "6", "2009-09-30": "6", "2009-06-30": "6", "2009-03-31": "6", "2008-12-31": "6", "2008-09-30": "6", "2008-06-30": "6", "2008-03-31": "6", "2007-12-31": "6", "2007-09-30": "6", "2007-06-30": "6", "2007-03-31": "6", "2006-12-31": "6", "2006-09-30": "6", "2006-06-30": "6", "2006-03-31": "6", "2005-12-31": "6", "2005-09-30": "6", "2005-06-30": "6", "2005-03-31": "6"}}, "total-assets": {"Nabors Industries Annual Total Assets (Millions of US $)": {"2019": "$6,761", "2018": "$7,854", "2017": "$8,402", "2016": "$8,187", "2015": "$9,538", "2014": "$11,863", "2013": "$12,160", "2012": "$12,656", "2011": "$12,912", "2010": "$11,647", "2009": "$10,645", "2008": "$10,518", "2007": "$10,103", "2006": "$9,142", "2005": "$7,230"}, "Nabors Industries Quarterly Total Assets (Millions of US $)": {"2020-09-30": "$5,817", "2020-06-30": "$5,982", "2020-03-31": "$6,309", "2019-12-31": "$6,761", "2019-09-30": "$7,273", "2019-06-30": "$7,515", "2019-03-31": "$7,774", "2018-12-31": "$7,854", "2018-09-30": "$7,961", "2018-06-30": "$8,300", "2018-03-31": "$8,300", "2017-12-31": "$8,402", "2017-09-30": "$8,089", "2017-06-30": "$8,092", "2017-03-31": "$8,095", "2016-12-31": "$8,187", "2016-09-30": "$8,425", "2016-06-30": "$8,656", "2016-03-31": "$8,950", "2015-12-31": "$9,538", "2015-09-30": "$9,929", "2015-06-30": "$10,517", "2015-03-31": "$10,605", "2014-12-31": "$11,863", "2014-09-30": "$12,619", "2014-06-30": "$12,436", "2014-03-31": "$12,187", "2013-12-31": "$12,160", "2013-09-30": "$12,202", "2013-06-30": "$12,267", "2013-03-31": "$12,585", "2012-12-31": "$12,656", "2012-09-30": "$12,925", "2012-06-30": "$12,843", "2012-03-31": "$13,148", "2011-12-31": "$12,912", "2011-09-30": "$12,318", "2011-06-30": "$12,116", "2011-03-31": "$11,890", "2010-12-31": "$11,647", "2010-09-30": "$11,621", "2010-06-30": "$10,500", "2010-03-31": "$10,625", "2009-12-31": "$10,645", "2009-09-30": "$10,797", "2009-06-30": "$10,869", "2009-03-31": "$10,994", "2008-12-31": "$10,518", "2008-09-30": "$10,776", "2008-06-30": "$10,905", "2008-03-31": "$10,905", "2007-12-31": "$10,103", "2007-09-30": "$10,078", "2007-06-30": "$9,912", "2007-03-31": "$9,580", "2006-12-31": "$9,142", "2006-09-30": "$8,929", "2006-06-30": "$8,591", "2006-03-31": "$6,691", "2005-12-31": "$7,230", "2005-09-30": "$6,702", "2005-06-30": "$6,309", "2005-03-31": "$6,188"}}, "cash-on-hand": {"Nabors Industries Annual Cash on Hand (Millions of US $)": {"2019": "$452", "2018": "$482", "2017": "$365", "2016": "$295", "2015": "$275", "2014": "$536", "2013": "$507", "2012": "$778", "2011": "$539", "2010": "$801", "2009": "$1,091", "2008": "$584", "2007": "$767", "2006": "$1,140", "2005": "$1,424"}, "Nabors Industries Quarterly Cash on Hand (Millions of US $)": {"2020-09-30": "$514", "2020-06-30": "$494", "2020-03-31": "$490", "2019-12-31": "$452", "2019-09-30": "$419", "2019-06-30": "$396", "2019-03-31": "$470", "2018-12-31": "$482", "2018-09-30": "$389", "2018-06-30": "$637", "2018-03-31": "$394", "2017-12-31": "$365", "2017-09-30": "$220", "2017-06-30": "$232", "2017-03-31": "$229", "2016-12-31": "$295", "2016-09-30": "$201", "2016-06-30": "$256", "2016-03-31": "$222", "2015-12-31": "$275", "2015-09-30": "$277", "2015-06-30": "$470", "2015-03-31": "$621", "2014-12-31": "$536", "2014-09-30": "$465", "2014-06-30": "$486", "2014-03-31": "$425", "2013-12-31": "$507", "2013-09-30": "$492", "2013-06-30": "$608", "2013-03-31": "$690", "2012-12-31": "$778", "2012-09-30": "$620", "2012-06-30": "$455", "2012-03-31": "$494", "2011-12-31": "$539", "2011-09-30": "$395", "2011-06-30": "$673", "2011-03-31": "$730", "2010-12-31": "$801", "2010-09-30": "$772", "2010-06-30": "$893", "2010-03-31": "$1,061", "2009-12-31": "$1,091", "2009-09-30": "$1,104", "2009-06-30": "$1,196", "2009-03-31": "$1,109", "2008-12-31": "$584", "2008-09-30": "$838", "2008-06-30": "$1,237", "2008-03-31": "$1,450", "2007-12-31": "$767", "2007-09-30": "$880", "2007-06-30": "$827", "2007-03-31": "$951", "2006-12-31": "$1,140", "2006-09-30": "$1,273", "2006-06-30": "$1,659", "2006-03-31": "$475", "2005-12-31": "$1,424", "2005-09-30": "$1,432", "2005-06-30": "$1,061", "2005-03-31": "$1,008"}}, "long-term-debt": {"Nabors Industries Annual Long Term Debt (Millions of US $)": {"2019": "$3,333", "2018": "$3,586", "2017": "$4,028", "2016": "$3,578", "2015": "$3,655", "2014": "$4,332", "2013": "$3,904", "2012": "$4,379", "2011": "$4,348", "2010": "$3,064", "2009": "$3,941", "2008": "$3,601", "2007": "$3,306", "2006": "$4,004", "2005": "$1,252"}, "Nabors Industries Quarterly Long Term Debt (Millions of US $)": {"2020-09-30": "$3,290", "2020-06-30": "$3,276", "2020-03-31": "$3,388", "2019-12-31": "$3,333", "2019-09-30": "$3,517", "2019-06-30": "$3,551", "2019-03-31": "$3,678", "2018-12-31": "$3,586", "2018-09-30": "$3,737", "2018-06-30": "$3,819", "2018-03-31": "$4,256", "2017-12-31": "$4,028", "2017-09-30": "$3,959", "2017-06-30": "$3,740", "2017-03-31": "$3,662", "2016-12-31": "$3,578", "2016-09-30": "$3,476", "2016-06-30": "$3,503", "2016-03-31": "$3,584", "2015-12-31": "$3,655", "2015-09-30": "$3,738", "2015-06-30": "$3,691", "2015-03-31": "$3,817", "2014-12-31": "$4,332", "2014-09-30": "$4,255", "2014-06-30": "$3,956", "2014-03-31": "$3,812", "2013-12-31": "$3,904", "2013-09-30": "$4,036", "2013-06-30": "$4,071", "2013-03-31": "$4,380", "2012-12-31": "$4,379", "2012-09-30": "$4,679", "2012-06-30": "$4,398", "2012-03-31": "$4,498", "2011-12-31": "$4,348", "2011-09-30": "$4,088", "2011-06-30": "$4,265", "2011-03-31": "$3,064", "2010-12-31": "$3,064", "2010-09-30": "$3,067", "2010-06-30": "$2,365", "2010-03-31": "$3,856", "2009-12-31": "$3,941", "2009-09-30": "$4,085", "2009-06-30": "$4,063", "2009-03-31": "$4,158", "2008-12-31": "$3,601", "2008-09-30": "$3,987", "2008-06-30": "$3,822", "2008-03-31": "$3,882", "2007-12-31": "$3,306", "2007-09-30": "$3,306", "2007-06-30": "$3,305", "2007-03-31": "$4,005", "2006-12-31": "$4,004", "2006-09-30": "$4,004", "2006-06-30": "$4,003", "2006-03-31": "$1,252", "2005-12-31": "$1,252", "2005-09-30": "$1,198", "2005-06-30": "$1,203", "2005-03-31": "$1,196"}}, "total-liabilities": {"Nabors Industries Annual Total Liabilities (Millions of US $)": {"2019": "$4,710", "2018": "$5,104", "2017": "$5,463", "2016": "$4,932", "2015": "$5,244", "2014": "$6,944", "2013": "$6,179", "2012": "$6,699", "2011": "$7,311", "2010": "$6,304", "2009": "$5,463", "2008": "$5,599", "2007": "$5,589", "2006": "$5,606", "2005": "$3,472"}, "Nabors Industries Quarterly Total Liabilities (Millions of US $)": {"2020-09-30": "$4,458", "2020-06-30": "$4,475", "2020-03-31": "$4,667", "2019-12-31": "$4,710", "2019-09-30": "$4,933", "2019-06-30": "$5,059", "2019-03-31": "$5,124", "2018-12-31": "$5,104", "2018-09-30": "$4,997", "2018-06-30": "$5,212", "2018-03-31": "$5,563", "2017-12-31": "$5,463", "2017-09-30": "$5,161", "2017-06-30": "$5,020", "2017-03-31": "$4,909", "2016-12-31": "$4,932", "2016-09-30": "$4,826", "2016-06-30": "$4,934", "2016-03-31": "$5,034", "2015-12-31": "$5,244", "2015-09-30": "$5,418", "2015-06-30": "$5,578", "2015-03-31": "$5,637", "2014-12-31": "$6,944", "2014-09-30": "$6,746", "2014-06-30": "$6,354", "2014-03-31": "$6,216", "2013-12-31": "$6,179", "2013-09-30": "$6,365", "2013-06-30": "$6,334", "2013-03-31": "$6,601", "2012-12-31": "$6,699", "2012-09-30": "$7,068", "2012-06-30": "$7,115", "2012-03-31": "$7,325", "2011-12-31": "$7,311", "2011-09-30": "$6,675", "2011-06-30": "$6,447", "2011-03-31": "$6,416", "2010-12-31": "$6,304", "2010-09-30": "$6,400", "2010-06-30": "$5,272", "2010-03-31": "$5,366", "2009-12-31": "$5,463", "2009-09-30": "$5,627", "2009-06-30": "$5,822", "2009-03-31": "$5,981", "2008-12-31": "$5,599", "2008-09-30": "$5,779", "2008-06-30": "$5,971", "2008-03-31": "$6,117", "2007-12-31": "$5,589", "2007-09-30": "$5,665", "2007-06-30": "$5,790", "2007-03-31": "$5,749", "2006-12-31": "$5,606", "2006-09-30": "$5,646", "2006-06-30": "$5,515", "2006-03-31": "$2,877", "2005-12-31": "$3,472", "2005-09-30": "$3,136", "2005-06-30": "$3,018", "2005-03-31": "$2,970"}}, "total-share-holder-equity": {"Nabors Industries Annual Share Holder Equity (Millions of US $)": {"2019": "$2,050", "2018": "$2,750", "2017": "$2,939", "2016": "$3,255", "2015": "$4,294", "2014": "$4,919", "2013": "$5,981", "2012": "$5,957", "2011": "$5,601", "2010": "$5,343", "2009": "$5,182", "2008": "$4,918", "2007": "$4,514", "2006": "$3,537", "2005": "$3,758"}, "Nabors Industries Quarterly Share Holder Equity (Millions of US $)": {"2020-09-30": "$1,360", "2020-06-30": "$1,507", "2020-03-31": "$1,641", "2019-12-31": "$2,050", "2019-09-30": "$2,341", "2019-06-30": "$2,455", "2019-03-31": "$2,650", "2018-12-31": "$2,750", "2018-09-30": "$2,964", "2018-06-30": "$3,089", "2018-03-31": "$2,737", "2017-12-31": "$2,939", "2017-09-30": "$2,927", "2017-06-30": "$3,073", "2017-03-31": "$3,186", "2016-12-31": "$3,255", "2016-09-30": "$3,599", "2016-06-30": "$3,723", "2016-03-31": "$3,916", "2015-12-31": "$4,294", "2015-09-30": "$4,511", "2015-06-30": "$4,939", "2015-03-31": "$4,968", "2014-12-31": "$4,919", "2014-09-30": "$5,873", "2014-06-30": "$6,082", "2014-03-31": "$5,971", "2013-12-31": "$5,981", "2013-09-30": "$5,838", "2013-06-30": "$5,933", "2013-03-31": "$5,985", "2012-12-31": "$5,957", "2012-09-30": "$5,856", "2012-06-30": "$5,729", "2012-03-31": "$5,823", "2011-12-31": "$5,601", "2011-09-30": "$5,644", "2011-06-30": "$5,668", "2011-03-31": "$5,474", "2010-12-31": "$5,343", "2010-09-30": "$5,221", "2010-06-30": "$5,228", "2010-03-31": "$5,259", "2009-12-31": "$5,182", "2009-09-30": "$5,170", "2009-06-30": "$5,048", "2009-03-31": "$5,013", "2008-12-31": "$4,918", "2008-09-30": "$4,997", "2008-06-30": "$4,934", "2008-03-31": "$4,788", "2007-12-31": "$4,514", "2007-09-30": "$4,414", "2007-06-30": "$4,123", "2007-03-31": "$3,832", "2006-12-31": "$3,537", "2006-09-30": "$3,283", "2006-06-30": "$3,076", "2006-03-31": "$3,813", "2005-12-31": "$3,758", "2005-09-30": "$3,566", "2005-06-30": "$3,291", "2005-03-31": "$3,218"}}, "profit-margins": {"current": "-39.93%"}, "gross margin": {"2020-09-30": "37.80%", "2020-06-30": "37.56%", "2020-03-31": "36.79%", "2019-12-31": "36.80%", "2019-09-30": "35.63%", "2019-06-30": "35.40%", "2019-03-31": "35.22%", "2018-12-31": "35.13%", "2018-09-30": "34.99%", "2018-06-30": "34.31%", "2018-03-31": "34.03%", "2017-12-31": "33.07%", "2017-09-30": "34.17%", "2017-06-30": "36.01%", "2017-03-31": "36.19%", "2016-12-31": "33.08%", "2016-09-30": "32.61%", "2016-06-30": "31.99%", "2016-03-31": "35.14%", "2015-12-31": "37.48%", "2015-09-30": "36.09%", "2015-06-30": "35.68%", "2015-03-31": "34.34%", "2014-12-31": "33.84%", "2014-09-30": "34.51%", "2014-06-30": "34.96%", "2014-03-31": "34.91%", "2013-12-31": "36.30%", "2013-09-30": "36.81%", "2013-06-30": "35.69%", "2013-03-31": "34.67%", "2012-12-31": "34.01%", "2012-09-30": "34.42%", "2012-06-30": "35.76%", "2012-03-31": "37.76%", "2011-12-31": "38.91%", "2011-09-30": "39.54%", "2011-06-30": "40.59%", "2011-03-31": "41.56%", "2010-12-31": "42.53%", "2010-09-30": "42.12%", "2010-06-30": "43.15%", "2010-03-31": "44.57%", "2009-12-31": "43.88%", "2009-09-30": "42.43%", "2009-06-30": "42.27%", "2009-03-31": "41.48%", "2008-12-31": "41.90%", "2008-09-30": "43.92%", "2008-06-30": "43.18%", "2008-03-31": "43.26%", "2007-12-31": "44.04%", "2007-09-30": "44.82%", "2007-06-30": "46.57%", "2007-03-31": "47.60%", "2006-12-31": "48.02%", "2006-09-30": "47.62%", "2006-06-30": "47.09%", "2006-03-31": "45.81%", "2005-12-31": "43.83%"}, "operating margin": {"2020-09-30": "-37.38%", "2020-06-30": "-30.29%", "2020-03-31": "-29.46%", "2019-12-31": "-19.29%", "2019-09-30": "-15.25%", "2019-06-30": "-15.37%", "2019-03-31": "-15.15%", "2018-12-31": "-17.02%", "2018-09-30": "-17.21%", "2018-06-30": "-19.69%", "2018-03-31": "-19.26%", "2017-12-31": "-22.62%", "2017-09-30": "-34.88%", "2017-06-30": "-36.86%", "2017-03-31": "-43.15%", "2016-12-31": "-59.74%", "2016-09-30": "-47.64%", "2016-06-30": "-50.24%", "2016-03-31": "-35.00%", "2015-12-31": "-11.26%", "2015-09-30": "-22.80%", "2015-06-30": "-10.49%", "2015-03-31": "-8.49%", "2014-12-31": "-8.87%", "2014-09-30": "6.17%", "2014-06-30": "1.74%", "2014-03-31": "1.09%", "2013-12-31": "1.71%", "2013-09-30": "2.30%", "2013-06-30": "5.37%", "2013-03-31": "2.61%", "2012-12-31": "4.17%", "2012-09-30": "4.11%", "2012-06-30": "5.08%", "2012-03-31": "8.96%", "2011-12-31": "8.43%", "2011-09-30": "10.51%", "2011-06-30": "8.51%", "2011-03-31": "8.14%", "2010-12-31": "7.02%", "2010-09-30": "4.18%", "2010-06-30": "6.76%", "2010-03-31": "-1.13%", "2009-12-31": "1.93%", "2009-09-30": "-1.42%", "2009-06-30": "3.91%", "2009-03-31": "12.24%", "2008-12-31": "13.72%", "2008-09-30": "17.75%", "2008-06-30": "17.23%", "2008-03-31": "19.01%", "2007-12-31": "20.89%", "2007-09-30": "24.04%", "2007-06-30": "27.40%", "2007-03-31": "28.39%", "2006-12-31": "29.57%", "2006-09-30": "30.29%", "2006-06-30": "29.23%", "2006-03-31": "27.39%", "2005-12-31": "24.58%"}, "ebitda margin": {"2020-09-30": "8.81%", "2020-06-30": "10.98%", "2020-03-31": "8.75%", "2019-12-31": "17.13%", "2019-09-30": "20.71%", "2019-06-30": "19.96%", "2019-03-31": "20.62%", "2018-12-31": "20.01%", "2018-09-30": "20.26%", "2018-06-30": "19.69%", "2018-03-31": "21.35%", "2017-12-31": "20.09%", "2017-09-30": "10.32%", "2017-06-30": "10.79%", "2017-03-31": "6.87%", "2016-12-31": "-6.58%", "2016-09-30": "2.59%", "2016-06-30": "-5.34%", "2016-03-31": "4.25%", "2015-12-31": "19.39%", "2015-09-30": "2.25%", "2015-06-30": "11.05%", "2015-03-31": "11.58%", "2014-12-31": "10.71%", "2014-09-30": "26.06%", "2014-06-30": "22.63%", "2014-03-31": "22.72%", "2013-12-31": "23.34%", "2013-09-30": "24.45%", "2013-06-30": "27.09%", "2013-03-31": "23.57%", "2012-12-31": "24.09%", "2012-09-30": "22.97%", "2012-06-30": "23.52%", "2012-03-31": "27.79%", "2011-12-31": "29.02%", "2011-09-30": "32.68%", "2011-06-30": "32.86%", "2011-03-31": "34.08%", "2010-12-31": "34.45%", "2010-09-30": "34.54%", "2010-06-30": "38.84%", "2010-03-31": "30.87%", "2009-12-31": "31.37%", "2009-09-30": "23.58%", "2009-06-30": "25.21%", "2009-03-31": "31.53%", "2008-12-31": "31.84%", "2008-09-30": "38.20%", "2008-06-30": "36.67%", "2008-03-31": "37.02%", "2007-12-31": "37.04%", "2007-09-30": "35.36%", "2007-06-30": "37.95%", "2007-03-31": "38.32%", "2006-12-31": "39.24%", "2006-09-30": "40.06%", "2006-06-30": "39.36%", "2006-03-31": "38.19%", "2005-12-31": "36.35%"}, "pre tax profit margin": {"2020-09-30": "-37.38%", "2020-06-30": "-30.29%", "2020-03-31": "-29.46%", "2019-12-31": "-19.29%", "2019-09-30": "-15.25%", "2019-06-30": "-15.37%", "2019-03-31": "-15.15%", "2018-12-31": "-17.02%", "2018-09-30": "-17.21%", "2018-06-30": "-19.69%", "2018-03-31": "-19.26%", "2017-12-31": "-22.62%", "2017-09-30": "-34.88%", "2017-06-30": "-36.86%", "2017-03-31": "-43.15%", "2016-12-31": "-59.74%", "2016-09-30": "-47.64%", "2016-06-30": "-50.24%", "2016-03-31": "-35.00%", "2015-12-31": "-11.26%", "2015-09-30": "-22.80%", "2015-06-30": "-10.49%", "2015-03-31": "-8.49%", "2014-12-31": "-8.87%", "2014-09-30": "6.17%", "2014-06-30": "1.74%", "2014-03-31": "1.09%", "2013-12-31": "1.71%", "2013-09-30": "2.30%", "2013-06-30": "5.37%", "2013-03-31": "2.61%", "2012-12-31": "4.17%", "2012-09-30": "4.11%", "2012-06-30": "5.08%", "2012-03-31": "8.96%", "2011-12-31": "8.43%", "2011-09-30": "10.51%", "2011-06-30": "8.51%", "2011-03-31": "8.14%", "2010-12-31": "7.02%", "2010-09-30": "4.18%", "2010-06-30": "6.76%", "2010-03-31": "-1.13%", "2009-12-31": "1.93%", "2009-09-30": "-1.42%", "2009-06-30": "3.91%", "2009-03-31": "12.24%", "2008-12-31": "13.72%", "2008-09-30": "17.75%", "2008-06-30": "17.23%", "2008-03-31": "19.01%", "2007-12-31": "20.89%", "2007-09-30": "24.04%", "2007-06-30": "27.40%", "2007-03-31": "28.39%", "2006-12-31": "29.57%", "2006-09-30": "30.29%", "2006-06-30": "29.23%", "2006-03-31": "27.39%", "2005-12-31": "24.58%"}, "net profit margin": {"2020-09-30": "-40.54%", "2020-06-30": "-34.40%", "2020-03-31": "-33.55%", "2019-12-31": "-23.58%", "2019-09-30": "-20.58%", "2019-06-30": "-20.31%", "2019-03-31": "-20.20%", "2018-12-31": "-21.42%", "2018-09-30": "-19.49%", "2018-06-30": "-21.33%", "2018-03-31": "-19.81%", "2017-12-31": "-21.33%", "2017-09-30": "-32.04%", "2017-06-30": "-32.37%", "2017-03-31": "-36.51%", "2016-12-31": "-51.32%", "2016-09-30": "-39.69%", "2016-06-30": "-42.50%", "2016-03-31": "-31.96%", "2015-12-31": "-9.84%", "2015-09-30": "-22.53%", "2015-06-30": "-11.86%", "2015-03-31": "-8.99%", "2014-12-31": "-9.85%", "2014-09-30": "5.60%", "2014-06-30": "2.51%", "2014-03-31": "1.48%", "2013-12-31": "2.26%", "2013-09-30": "0.29%", "2013-06-30": "3.18%", "2013-03-31": "2.03%", "2012-12-31": "2.49%", "2012-09-30": "0.53%", "2012-06-30": "0.50%", "2012-03-31": "4.56%", "2011-12-31": "4.05%", "2011-09-30": "7.01%", "2011-06-30": "5.56%", "2011-03-31": "2.93%", "2010-12-31": "2.25%", "2010-09-30": "-0.08%", "2010-06-30": "2.02%", "2010-03-31": "-5.18%", "2009-12-31": "-2.41%", "2009-09-30": "-3.54%", "2009-06-30": "0.40%", "2009-03-31": "7.52%", "2008-12-31": "8.90%", "2008-09-30": "13.75%", "2008-06-30": "14.79%", "2008-03-31": "16.35%", "2007-12-31": "17.51%", "2007-09-30": "19.39%", "2007-06-30": "20.80%", "2007-03-31": "20.84%", "2006-12-31": "21.14%", "2006-09-30": "21.78%", "2006-06-30": "20.81%", "2006-03-31": "20.13%", "2005-12-31": "18.62%"}, "pe ratio": {"current": "0.00", "2021-02-05": "0.00", "2020-09-30": "0.00", "2020-06-30": "0.00", "2020-03-31": "0.00", "2019-12-31": "0.00", "2019-09-30": "0.00", "2019-06-30": "0.00", "2019-03-31": "0.00", "2018-12-31": "0.00", "2018-09-30": "0.00", "2018-06-30": "0.00", "2018-03-31": "0.00", "2017-12-31": "0.00", "2017-09-30": "0.00", "2017-06-30": "0.00", "2017-03-31": "0.00", "2016-12-31": "0.00", "2016-09-30": "0.00", "2016-06-30": "0.00", "2016-03-31": "0.00", "2015-12-31": "0.00", "2015-09-30": "0.00", "2015-06-30": "0.00", "2015-03-31": "0.00", "2014-12-31": "0.00", "2014-09-30": "15.78", "2014-06-30": "47.67", "2014-03-31": "69.24", "2013-12-31": "30.41", "2013-09-30": "224.60", "2013-06-30": "19.13", "2013-03-31": "31.49", "2012-12-31": "21.49", "2012-09-30": "106.23", "2012-06-30": "119.93", "2012-03-31": "14.57", "2011-12-31": "17.61", "2011-09-30": "7.56", "2011-06-30": "21.38", "2011-03-31": "55.01", "2010-12-31": "61.06", "2010-09-30": "0.00", "2010-06-30": "66.71", "2010-03-31": "0.00", "2009-12-31": "0.00", "2009-09-30": "0.00", "2009-06-30": "68.30", "2009-03-31": "5.40", "2008-12-31": "5.22", "2008-09-30": "6.94", "2008-06-30": "13.58", "2008-03-31": "8.96", "2007-12-31": "7.02", "2007-09-30": "7.45", "2007-06-30": "7.51", "2007-03-31": "6.72", "2006-12-31": "6.99"}, "price sales": {"2021-02-05": "0.23", "2020-09-30": "0.07", "2020-06-30": "0.10", "2020-03-31": "0.05", "2019-12-31": "0.32", "2019-09-30": "0.20", "2019-06-30": "0.31", "2019-03-31": "0.36", "2018-12-31": "0.21", "2018-09-30": "0.61", "2018-06-30": "0.62", "2018-03-31": "0.68", "2017-12-31": "0.68", "2017-09-30": "0.85", "2017-06-30": "0.90", "2017-03-31": "1.51", "2016-12-31": "2.01", "2016-09-30": "1.39", "2016-06-30": "1.01", "2016-03-31": "0.81", "2015-12-31": "0.56", "2015-09-30": "0.48", "2015-06-30": "0.61", "2015-03-31": "0.51", "2014-12-31": "0.48", "2014-09-30": "0.86", "2014-06-30": "1.16", "2014-03-31": "0.99", "2013-12-31": "0.68", "2013-09-30": "0.64", "2013-06-30": "0.60", "2013-03-31": "0.62", "2012-12-31": "0.53", "2012-09-30": "0.50", "2012-06-30": "0.51", "2012-03-31": "0.65", "2011-12-31": "0.69", "2011-09-30": "0.52", "2011-06-30": "1.16", "2011-03-31": "1.57", "2010-12-31": "1.35", "2010-09-30": "1.21", "2010-06-30": "1.28", "2010-03-31": "1.43", "2009-12-31": "1.47", "2009-09-30": "1.21", "2009-06-30": "0.79", "2009-03-31": "0.47", "2008-12-31": "0.54", "2008-09-30": "1.12", "2008-06-30": "2.30", "2008-03-31": "1.62", "2007-12-31": "1.33", "2007-09-30": "1.52", "2007-06-30": "1.64", "2007-03-31": "1.47", "2006-12-31": "1.56"}, "price book": {"current": "0.48", "2021-02-05": "0.42", "2020-09-30": "0.13", "2020-06-30": "0.18", "2020-03-31": "0.09", "2019-12-31": "0.50", "2019-09-30": "0.28", "2019-06-30": "0.42", "2019-03-31": "0.45", "2018-12-31": "0.25", "2018-09-30": "0.70", "2018-06-30": "0.69", "2018-03-31": "0.75", "2017-12-31": "0.67", "2017-09-30": "0.71", "2017-06-30": "0.68", "2017-03-31": "1.05", "2016-12-31": "1.27", "2016-09-30": "0.85", "2016-06-30": "0.67", "2016-03-31": "0.58", "2015-12-31": "0.48", "2015-09-30": "0.51", "2015-06-30": "0.73", "2015-03-31": "0.68", "2014-12-31": "0.65", "2014-09-30": "0.95", "2014-06-30": "1.22", "2014-03-31": "1.03", "2013-12-31": "0.71", "2013-09-30": "0.68", "2013-06-30": "0.64", "2013-03-31": "0.67", "2012-12-31": "0.59", "2012-09-30": "0.58", "2012-06-30": "0.61", "2012-03-31": "0.73", "2011-12-31": "0.74", "2011-09-30": "0.52", "2011-06-30": "1.04", "2011-03-31": "1.33", "2010-12-31": "1.04", "2010-09-30": "0.82", "2010-06-30": "0.80", "2010-03-31": "0.89", "2009-12-31": "1.00", "2009-09-30": "0.95", "2009-06-30": "0.73", "2009-03-31": "0.47", "2008-12-31": "0.57", "2008-09-30": "1.17", "2008-06-30": "2.33", "2008-03-31": "1.65", "2007-12-31": "1.41", "2007-09-30": "1.64", "2007-06-30": "1.90", "2007-03-31": "1.81", "2006-12-31": "1.94", "2006-09-30": "2.09", "2006-06-30": "2.74", "2006-03-31": "2.42"}, "price fcf": {"2021-02-05": "", "2020-09-30": "$40.81", "2020-06-30": "$50.19", "2020-03-31": "$46.63", "2019-12-31": "$36.52", "2019-09-30": "$26.63", "2019-06-30": "$0.01", "2019-03-31": "$-1.61", "2018-12-31": "$-19.91", "2018-09-30": "$-41.76", "2018-06-30": "$-52.97", "2018-03-31": "$-76.16", "2017-12-31": "$-91.16", "2017-09-30": "$-83.79", "2017-06-30": "$-59.57", "2017-03-31": "$-24.51", "2016-12-31": "$24.68", "2016-09-30": "$44.26", "2016-06-30": "$32.68", "2016-03-31": "$13.84", "2015-12-31": "$-1.86", "2015-09-30": "$-14.32", "2015-06-30": "$-12.62", "2015-03-31": "$-24.79", "2014-12-31": "$-6.78", "2014-09-30": "$-9.34", "2014-06-30": "$9.92", "2014-03-31": "$58.06", "2013-12-31": "$40.46", "2013-09-30": "$62.25", "2013-06-30": "$79.39", "2013-03-31": "$37.32", "2012-12-31": "$7.54", "2012-09-30": "$-49.35", "2012-06-30": "$-121.62", "2012-03-31": "$-127.98", "2011-12-31": "$-100.20", "2011-09-30": "$-49.44", "2011-06-30": "$-9.52", "2011-03-31": "$6.46", "2010-12-31": "$30.47", "2010-09-30": "$33.87", "2010-06-30": "$56.35", "2010-03-31": "$83.98", "2009-12-31": "$91.37", "2009-09-30": "$66.29", "2009-06-30": "$65.04", "2009-03-31": "$20.50", "2008-12-31": "$-7.66", "2008-09-30": "$-12.51", "2008-06-30": "$-55.68", "2008-03-31": "$-80.22", "2007-12-31": "$-111.76", "2007-09-30": "$-128.80", "2007-06-30": "$-133.83", "2007-03-31": "$-121.10", "2006-12-31": "$-73.57"}, "net worth": {"value": "$0.57B"}, "current ratio": {"2020-09-30": "2.39", "2020-06-30": "2.20", "2020-03-31": "2.17", "2019-12-31": "1.90", "2019-09-30": "2.02", "2019-06-30": "1.90", "2019-03-31": "2.12", "2018-12-31": "1.92", "2018-09-30": "2.05", "2018-06-30": "2.04", "2018-03-31": "1.95", "2017-12-31": "1.57", "2017-09-30": "1.41", "2017-06-30": "1.34", "2017-03-31": "1.46", "2016-12-31": "1.41", "2016-09-30": "1.36", "2016-06-30": "1.37", "2016-03-31": "1.45", "2015-12-31": "1.47", "2015-09-30": "1.64", "2015-06-30": "1.61", "2015-03-31": "1.88", "2014-12-31": "1.75", "2014-09-30": "1.97", "2014-06-30": "2.13", "2014-03-31": "2.17", "2013-12-31": "2.10", "2013-09-30": "2.63", "2013-06-30": "2.45", "2013-03-31": "2.86", "2012-12-31": "2.77", "2012-09-30": "2.76", "2012-06-30": "2.00", "2012-03-31": "1.98", "2011-12-31": "1.71", "2011-09-30": "1.80", "2011-06-30": "2.49", "2011-03-31": "1.22", "2010-12-31": "1.21", "2010-09-30": "1.14", "2010-06-30": "1.02", "2010-03-31": "3.72", "2009-12-31": "3.58", "2009-09-30": "3.15", "2009-06-30": "2.73", "2009-03-31": "2.52", "2008-12-31": "1.92", "2008-09-30": "2.17", "2008-06-30": "2.00", "2008-03-31": "1.99", "2007-12-31": "1.48", "2007-09-30": "1.64", "2007-06-30": "1.37", "2007-03-31": "2.56", "2006-12-31": "2.93", "2006-09-30": "3.74", "2006-06-30": "4.28", "2006-03-31": "2.55", "2005-12-31": "1.94", "2005-09-30": "1.82", "2005-06-30": "1.48", "2005-03-31": "1.45"}, "quick ratio": {"2020-09-30": "2.06", "2020-06-30": "1.88", "2020-03-31": "1.88", "2019-12-31": "1.63", "2019-09-30": "1.75", "2019-06-30": "1.67", "2019-03-31": "1.89", "2018-12-31": "1.72", "2018-09-30": "1.82", "2018-06-30": "1.84", "2018-03-31": "1.72", "2017-12-31": "1.39", "2017-09-30": "1.27", "2017-06-30": "1.22", "2017-03-31": "1.31", "2016-12-31": "1.28", "2016-09-30": "1.18", "2016-06-30": "1.20", "2016-03-31": "1.27", "2015-12-31": "1.31", "2015-09-30": "1.47", "2015-06-30": "1.46", "2015-03-31": "1.71", "2014-12-31": "1.60", "2014-09-30": "1.80", "2014-06-30": "1.97", "2014-03-31": "2.02", "2013-12-31": "1.94", "2013-09-30": "2.42", "2013-06-30": "2.25", "2013-03-31": "2.63", "2012-12-31": "2.55", "2012-09-30": "2.54", "2012-06-30": "1.83", "2012-03-31": "1.81", "2011-12-31": "1.56", "2011-09-30": "1.63", "2011-06-30": "2.30", "2011-03-31": "1.13", "2010-12-31": "1.14", "2010-09-30": "1.07", "2010-06-30": "0.97", "2010-03-31": "3.55", "2009-12-31": "3.41", "2009-09-30": "2.98", "2009-06-30": "2.57", "2009-03-31": "2.37", "2008-12-31": "1.79", "2008-09-30": "2.05", "2008-06-30": "1.91", "2008-03-31": "1.90", "2007-12-31": "1.39", "2007-09-30": "1.55", "2007-06-30": "1.29", "2007-03-31": "2.44", "2006-12-31": "2.81", "2006-09-30": "3.60", "2006-06-30": "4.18", "2006-03-31": "2.46", "2005-12-31": "1.90", "2005-09-30": "1.79", "2005-06-30": "1.45", "2005-03-31": "1.42"}, "debt equity ratio": {"current": "2.42", "2020-09-30": "3.28", "2020-06-30": "2.97", "2020-03-31": "2.84", "2019-12-31": "2.30", "2019-09-30": "2.11", "2019-06-30": "2.06", "2019-03-31": "1.93", "2018-12-31": "1.86", "2018-09-30": "1.69", "2018-06-30": "1.69", "2018-03-31": "2.03", "2017-12-31": "1.86", "2017-09-30": "1.76", "2017-06-30": "1.63", "2017-03-31": "1.54", "2016-12-31": "1.52", "2016-09-30": "1.34", "2016-06-30": "1.33", "2016-03-31": "1.29", "2015-12-31": "1.22", "2015-09-30": "1.20", "2015-06-30": "1.13", "2015-03-31": "1.14", "2014-12-31": "1.41", "2014-09-30": "1.15", "2014-06-30": "1.05", "2014-03-31": "1.04", "2013-12-31": "1.03", "2013-09-30": "1.09", "2013-06-30": "1.07", "2013-03-31": "1.10", "2012-12-31": "1.13", "2012-09-30": "1.21", "2012-06-30": "1.24", "2012-03-31": "1.26", "2011-12-31": "1.31", "2011-09-30": "1.18", "2011-06-30": "1.14", "2011-03-31": "1.17", "2010-12-31": "1.18", "2010-09-30": "1.23", "2010-06-30": "1.01", "2010-03-31": "1.02", "2009-12-31": "1.05", "2009-09-30": "1.09", "2009-06-30": "1.15", "2009-03-31": "1.19", "2008-12-31": "1.14", "2008-09-30": "1.16", "2008-06-30": "1.21", "2008-03-31": "1.28", "2007-12-31": "1.24", "2007-09-30": "1.28", "2007-06-30": "1.40", "2007-03-31": "1.50", "2006-12-31": "1.59", "2006-09-30": "1.72", "2006-06-30": "1.79", "2006-03-31": "0.76", "2005-12-31": "0.92", "2005-09-30": "0.88", "2005-06-30": "0.92", "2005-03-31": "0.92"}, "return on equity": {"2020-09-30": "-59.47%", "2020-06-30": "-49.71%", "2020-03-31": "-46.80%", "2019-12-31": "-30.33%", "2019-09-30": "-25.15%", "2019-06-30": "-23.55%", "2019-03-31": "-22.04%", "2018-12-31": "-22.63%", "2018-09-30": "-19.81%", "2018-06-30": "-20.90%", "2018-03-31": "-18.57%", "2017-12-31": "-18.05%", "2017-09-30": "-24.66%", "2017-06-30": "-22.24%", "2017-03-31": "-22.70%", "2016-12-31": "-28.43%", "2016-09-30": "-22.10%", "2016-06-30": "-25.37%", "2016-03-31": "-20.27%", "2015-12-31": "-7.97%", "2015-09-30": "-22.75%", "2015-06-30": "-13.49%", "2015-03-31": "-10.93%", "2014-12-31": "-11.75%", "2014-09-30": "6.21%", "2014-06-30": "2.68%", "2014-03-31": "1.55%", "2013-12-31": "2.38%", "2013-09-30": "0.30%", "2013-06-30": "3.35%", "2013-03-31": "2.21%", "2012-12-31": "2.82%", "2012-09-30": "0.63%", "2012-06-30": "0.60%", "2012-03-31": "5.26%", "2011-12-31": "4.43%", "2011-09-30": "7.21%", "2011-06-30": "5.25%", "2011-03-31": "2.58%", "2010-12-31": "1.79%", "2010-09-30": "-0.06%", "2010-06-30": "1.29%", "2010-03-31": "-3.29%", "2009-12-31": "-1.67%", "2009-09-30": "-2.88%", "2009-06-30": "0.38%", "2009-03-31": "7.81%", "2008-12-31": "9.68%", "2008-09-30": "15.37%", "2008-06-30": "16.36%", "2008-03-31": "18.27%", "2007-12-31": "20.49%", "2007-09-30": "23.79%", "2007-06-30": "27.64%", "2007-03-31": "29.90%", "2006-12-31": "29.79%", "2006-09-30": "28.54%", "2006-06-30": "24.77%", "2006-03-31": "21.60%", "2005-12-31": "18.77%"}, "return on assets": {"2020-09-30": "-15.68%", "2020-06-30": "-14.24%", "2020-03-31": "-14.26%", "2019-12-31": "-9.82%", "2019-09-30": "-8.43%", "2019-06-30": "-8.19%", "2019-03-31": "-7.91%", "2018-12-31": "-8.06%", "2018-09-30": "-7.05%", "2018-06-30": "-7.39%", "2018-03-31": "-6.59%", "2017-12-31": "-6.70%", "2017-09-30": "-9.45%", "2017-06-30": "-8.89%", "2017-03-31": "-9.36%", "2016-12-31": "-12.04%", "2016-09-30": "-9.65%", "2016-06-30": "-11.25%", "2016-03-31": "-9.20%", "2015-12-31": "-3.68%", "2015-09-30": "-10.25%", "2015-06-30": "-6.12%", "2015-03-31": "-5.02%", "2014-12-31": "-5.47%", "2014-09-30": "3.00%", "2014-06-30": "1.31%", "2014-03-31": "0.75%", "2013-12-31": "1.15%", "2013-09-30": "0.14%", "2013-06-30": "1.58%", "2013-03-31": "1.02%", "2012-12-31": "1.28%", "2012-09-30": "0.28%", "2012-06-30": "0.27%", "2012-03-31": "2.37%", "2011-12-31": "2.01%", "2011-09-30": "3.33%", "2011-06-30": "2.41%", "2011-03-31": "1.20%", "2010-12-31": "0.85%", "2010-09-30": "-0.03%", "2010-06-30": "0.63%", "2010-03-31": "-1.58%", "2009-12-31": "-0.79%", "2009-09-30": "-1.34%", "2009-06-30": "0.18%", "2009-03-31": "3.59%", "2008-12-31": "4.41%", "2008-09-30": "6.92%", "2008-06-30": "7.27%", "2008-03-31": "7.95%", "2007-12-31": "8.72%", "2007-09-30": "9.77%", "2007-06-30": "10.87%", "2007-03-31": "11.32%", "2006-12-31": "12.24%", "2006-09-30": "12.65%", "2006-06-30": "12.05%", "2006-03-31": "11.57%", "2005-12-31": "9.82%"}, "return on investments": {"2020-09-30": "-18.12%", "2020-06-30": "-15.67%", "2020-03-31": "-15.66%", "2019-12-31": "-9.99%", "2019-09-30": "-7.75%", "2019-06-30": "-7.60%", "2019-03-31": "-7.20%", "2018-12-31": "-7.71%", "2018-09-30": "-7.44%", "2018-06-30": "-8.13%", "2018-03-31": "-7.62%", "2017-12-31": "-8.43%", "2017-09-30": "-12.20%", "2017-06-30": "-12.04%", "2017-03-31": "-13.19%", "2016-12-31": "-16.75%", "2016-09-30": "-13.85%", "2016-06-30": "-15.95%", "2016-03-31": "-12.12%", "2015-12-31": "-5.08%", "2015-09-30": "-12.75%", "2015-06-30": "-6.71%", "2015-03-31": "-5.91%", "2014-12-31": "-6.16%", "2014-09-30": "4.11%", "2014-06-30": "1.12%", "2014-03-31": "0.69%", "2013-12-31": "1.07%", "2013-09-30": "1.40%", "2013-06-30": "3.26%", "2013-03-31": "1.62%", "2012-12-31": "2.67%", "2012-09-30": "2.74%", "2012-06-30": "3.45%", "2012-03-31": "5.89%", "2011-12-31": "5.41%", "2011-09-30": "6.53%", "2011-06-30": "4.96%", "2011-03-31": "4.64%", "2010-12-31": "3.51%", "2010-09-30": "1.76%", "2010-06-30": "2.55%", "2010-03-31": "-0.40%", "2009-12-31": "0.74%", "2009-09-30": "-0.64%", "2009-06-30": "2.07%", "2009-03-31": "7.12%", "2008-12-31": "8.38%", "2008-09-30": "11.15%", "2008-06-30": "10.79%", "2008-03-31": "11.99%", "2007-12-31": "13.40%", "2007-09-30": "15.37%", "2007-06-30": "17.88%", "2007-03-31": "18.80%", "2006-12-31": "21.18%", "2006-09-30": "22.62%", "2006-06-30": "22.56%", "2006-03-31": "21.93%", "2005-12-31": "18.35%"}, "return on tangible equity": {"2020-09-30": "-59.72%", "2020-06-30": "-50.51%", "2020-03-31": "-47.99%", "2019-12-31": "-31.64%", "2019-09-30": "-26.58%", "2019-06-30": "-25.01%", "2019-03-31": "-23.50%", "2018-12-31": "-24.10%", "2018-09-30": "-21.06%", "2018-06-30": "-22.22%", "2018-03-31": "-19.73%", "2017-12-31": "-19.12%", "2017-09-30": "-26.07%", "2017-06-30": "-23.43%", "2017-03-31": "-23.86%", "2016-12-31": "-29.80%", "2016-09-30": "-23.09%", "2016-06-30": "-26.42%", "2016-03-31": "-21.01%", "2015-12-31": "-8.21%", "2015-09-30": "-23.41%", "2015-06-30": "-14.11%", "2015-03-31": "-11.61%", "2014-12-31": "-12.70%", "2014-09-30": "6.79%", "2014-06-30": "2.93%", "2014-03-31": "1.69%", "2013-12-31": "2.59%", "2013-09-30": "0.33%", "2013-06-30": "3.65%", "2013-03-31": "2.40%", "2012-12-31": "3.08%", "2012-09-30": "0.68%", "2012-06-30": "0.65%", "2012-03-31": "5.77%", "2011-12-31": "4.86%", "2011-09-30": "7.92%", "2011-06-30": "5.77%", "2011-03-31": "2.79%", "2010-12-31": "1.90%", "2010-09-30": "-0.06%", "2010-06-30": "1.33%", "2010-03-31": "-3.40%", "2009-12-31": "-1.72%", "2009-09-30": "-2.98%", "2009-06-30": "0.40%", "2009-03-31": "8.26%", "2008-12-31": "10.34%", "2008-09-30": "16.62%", "2008-06-30": "17.75%", "2008-03-31": "19.94%", "2007-12-31": "22.49%", "2007-09-30": "26.25%", "2007-06-30": "30.75%", "2007-03-31": "33.50%", "2006-12-31": "33.35%", "2006-09-30": "31.84%", "2006-06-30": "27.50%", "2006-03-31": "23.87%", "2005-12-31": "20.79%"}, "dividend yield history": {"last payout": "$0.00", "last yield": "0.00%"}}