{"ticker": "NATI", "price": {"title": "National Instruments Historical Annual Stock Price Data", "value": 42.01, "historical": {"2021": {"Average Stock Price": "44.1298", "Year Open": "43.0400", "Year High": "46.9900", "Year Low": "41.4000", "Year Close": "42.0100", "Annual % Change": "-4.39%"}, "2020": {"Average Stock Price": "37.8403", "Year Open": "42.7000", "Year High": "46.2600", "Year Low": "21.2700", "Year Close": "43.9400", "Annual % Change": "3.78%"}, "2019": {"Average Stock Price": "43.1596", "Year Open": "45.3600", "Year High": "47.7100", "Year Low": "38.1200", "Year Close": "42.3400", "Annual % Change": "-6.70%"}, "2018": {"Average Stock Price": "46.2943", "Year Open": "42.3000", "Year High": "53.3200", "Year Low": "39.4500", "Year Close": "45.3800", "Annual % Change": "9.01%"}, "2017": {"Average Stock Price": "38.1763", "Year Open": "30.9000", "Year High": "45.8800", "Year Low": "30.3700", "Year Close": "41.6300", "Annual % Change": "35.07%"}, "2016": {"Average Stock Price": "28.4328", "Year Open": "28.3100", "Year High": "31.0800", "Year Low": "25.9400", "Year Close": "30.8200", "Annual % Change": "7.42%"}, "2015": {"Average Stock Price": "29.9374", "Year Open": "31.1600", "Year High": "32.9200", "Year Low": "27.1000", "Year Close": "28.6900", "Annual % Change": "-7.72%"}, "2014": {"Average Stock Price": "30.5034", "Year Open": "30.8600", "Year High": "33.3550", "Year Low": "26.7000", "Year Close": "31.0900", "Annual % Change": "-2.90%"}, "2013": {"Average Stock Price": "29.5208", "Year Open": "26.4500", "Year High": "32.7500", "Year Low": "26.3700", "Year Close": "32.0200", "Annual % Change": "24.06%"}, "2012": {"Average Stock Price": "26.0462", "Year Open": "26.3700", "Year High": "28.5200", "Year Low": "23.3700", "Year Close": "25.8100", "Annual % Change": "-0.54%"}, "2011": {"Average Stock Price": "27.6929", "Year Open": "25.4000", "Year High": "32.9300", "Year Low": "21.7200", "Year Close": "25.9500", "Annual % Change": "3.41%"}, "2010": {"Average Stock Price": "21.7284", "Year Open": "19.8600", "Year High": "25.2933", "Year Low": "18.8267", "Year Close": "25.0933", "Annual % Change": "27.81%"}, "2009": {"Average Stock Price": "15.8366", "Year Open": "15.9267", "Year High": "19.9000", "Year Low": "10.7067", "Year Close": "19.6333", "Annual % Change": "20.89%"}, "2008": {"Average Stock Price": "18.6491", "Year Open": "22.0867", "Year High": "23.6733", "Year Low": "13.7467", "Year Close": "16.2400", "Annual % Change": "-26.91%"}, "2007": {"Average Stock Price": "20.5840", "Year Open": "18.2867", "Year High": "23.9533", "Year Low": "17.3333", "Year Close": "22.2200", "Annual % Change": "22.36%"}, "2006": {"Average Stock Price": "19.7112", "Year Open": "21.9867", "Year High": "24.3800", "Year Low": "16.4333", "Year Close": "18.1600", "Annual % Change": "-15.01%"}, "2005": {"Average Stock Price": "17.1026", "Year Open": "17.8067", "Year High": "22.0000", "Year Low": "14.1133", "Year Close": "21.3667", "Annual % Change": "17.61%"}, "2004": {"Average Stock Price": "19.7548", "Year Open": "20.1151", "Year High": "23.0400", "Year Low": "16.3600", "Year Close": "18.1667", "Annual % Change": "-10.11%"}, "2003": {"Average Stock Price": "16.9031", "Year Open": "14.7333", "Year High": "20.8578", "Year Low": "13.0489", "Year Close": "20.2089", "Annual % Change": "39.95%"}, "2002": {"Average Stock Price": "14.6260", "Year Open": "16.6444", "Year High": "18.9422", "Year Low": "8.8889", "Year Close": "14.4400", "Annual % Change": "-13.27%"}, "2001": {"Average Stock Price": "16.3405", "Year Open": "20.7244", "Year High": "24.9467", "Year Low": "11.2756", "Year Close": "16.6489", "Annual % Change": "-22.86%"}, "2000": {"Average Stock Price": "19.1810", "Year Open": "16.8889", "Year High": "25.2222", "Year Low": "14.6667", "Year Close": "21.5822", "Annual % Change": "26.95%"}, "1999": {"Average Stock Price": "11.5705", "Year Open": "9.7778", "Year High": "17.0000", "Year Low": "7.7422", "Year Close": "17.0000", "Annual % Change": "68.11%"}, "1998": {"Average Stock Price": "8.6322", "Year Open": "8.7407", "Year High": "10.7793", "Year Low": "5.6296", "Year Close": "10.1126", "Annual % Change": "17.69%"}, "1997": {"Average Stock Price": "7.2619", "Year Open": "6.2222", "Year High": "9.8765", "Year Low": "5.4815", "Year Close": "8.5926", "Annual % Change": "35.94%"}, "1996": {"Average Stock Price": "4.8184", "Year Open": "4.0000", "Year High": "6.3210", "Year Low": "3.3086", "Year Close": "6.3210", "Annual % Change": "58.03%"}}}, "market cap": {"value": "$5.51B"}, "income statement": {"Revenue": {"2020-12-31": "1286.67100", "2019-12-31": "1353.21500", "2018-12-31": "1359.13200", "2017-12-31": "1289.38600", "2016-12-31": "1228.17900", "2015-12-31": "1225.45600", "2014-12-31": "1243.86200", "2013-12-31": "1172.55800", "2012-12-31": "1143.69200", "2011-12-31": "1024.17300", "2010-12-31": "873.22000", "2009-12-31": "676.59400", "2008-12-31": "820.53700", "2007-12-31": "740.37800", "2006-12-31": "660.40700", "2005-12-31": "571.84100"}, "Cost Of Goods Sold": {"2020-12-31": "371.12100", "2019-12-31": "336.89100", "2018-12-31": "333.72700", "2017-12-31": "328.32400", "2016-12-31": "313.12100", "2015-12-31": "316.95600", "2014-12-31": "318.13200", "2013-12-31": "305.24300", "2012-12-31": "280.27400", "2011-12-31": "240.96400", "2010-12-31": "200.08300", "2009-12-31": "169.88400", "2008-12-31": "207.10900", "2007-12-31": "185.26700", "2006-12-31": "173.34800", "2005-12-31": "149.30900"}, "Gross Profit": {"2020-12-31": "915.55000", "2019-12-31": "1016.32400", "2018-12-31": "1025.40500", "2017-12-31": "961.06200", "2016-12-31": "915.05800", "2015-12-31": "908.50000", "2014-12-31": "925.73010", "2013-12-31": "867.31490", "2012-12-31": "863.41800", "2011-12-31": "783.20900", "2010-12-31": "673.13700", "2009-12-31": "506.71000", "2008-12-31": "613.42800", "2007-12-31": "555.11100", "2006-12-31": "487.05900", "2005-12-31": "422.53200"}, "Research And Development Expenses": {"2020-12-31": "280.38100", "2019-12-31": "272.45200", "2018-12-31": "261.07200", "2017-12-31": "231.76100", "2016-12-31": "235.70600", "2015-12-31": "225.13100", "2014-12-31": "227.43300", "2013-12-31": "234.79600", "2012-12-31": "222.99400", "2011-12-31": "199.07100", "2010-12-31": "158.14900", "2009-12-31": "132.97400", "2008-12-31": "143.14000", "2007-12-31": "126.51500", "2006-12-31": "113.09500", "2005-12-31": "87.84100"}, "SG&A Expenses": {"2020-12-31": "595.37200", "2019-12-31": "596.16000", "2018-12-31": "591.45400", "2017-12-31": "583.52300", "2016-12-31": "559.62600", "2015-12-31": "546.19700", "2014-12-31": "553.11000", "2013-12-31": "535.21800", "2012-12-31": "516.70700", "2011-12-31": "471.42600", "2010-12-31": "386.67500", "2009-12-31": "327.20500", "2008-12-31": "374.57100", "2007-12-31": "326.50500", "2006-12-31": "286.24200", "2005-12-31": "256.47900"}, "Other Operating Income Or Expenses": {"2020-12-31": "159.75300", "2019-12-31": "26.84200", "2018-12-31": "", "2017-12-31": "", "2016-12-31": "", "2015-12-31": "", "2014-12-31": "", "2013-12-31": "", "2012-12-31": "", "2011-12-31": "", "2010-12-31": "", "2009-12-31": "", "2008-12-31": "", "2007-12-31": "", "2006-12-31": "", "2005-12-31": ""}, "Operating Expenses": {"2020-12-31": "1087.12100", "2019-12-31": "1178.66100", "2018-12-31": "1186.25300", "2017-12-31": "1143.60800", "2016-12-31": "1108.45300", "2015-12-31": "1088.28400", "2014-12-31": "1098.67500", "2013-12-31": "1073.94100", "2012-12-31": "1026.75800", "2011-12-31": "911.46100", "2010-12-31": "744.90700", "2009-12-31": "630.06300", "2008-12-31": "724.81990", "2007-12-31": "638.28700", "2006-12-31": "572.68500", "2005-12-31": "493.62900"}, "Operating Income": {"2020-12-31": "199.55000", "2019-12-31": "174.55410", "2018-12-31": "172.87900", "2017-12-31": "145.77800", "2016-12-31": "119.72600", "2015-12-31": "137.17200", "2014-12-31": "145.18700", "2013-12-31": "98.61690", "2012-12-31": "116.93410", "2011-12-31": "112.71200", "2010-12-31": "128.31300", "2009-12-31": "46.53100", "2008-12-31": "95.71700", "2007-12-31": "102.09100", "2006-12-31": "87.72200", "2005-12-31": "78.21200"}, "Total Non-Operating Income/Expense": {"2020-12-31": "-0.78800", "2019-12-31": "5.99000", "2018-12-31": "3.57400", "2017-12-31": "1.60200", "2016-12-31": "-5.09100", "2015-12-31": "-5.89300", "2014-12-31": "-1.18600", "2013-12-31": "-1.44900", "2012-12-31": "-2.09700", "2011-12-31": "-1.57800", "2010-12-31": "-0.20100", "2009-12-31": "3.71400", "2008-12-31": "2.42000", "2007-12-31": "11.33600", "2006-12-31": "7.58000", "2005-12-31": "2.46800"}, "Pre-Tax Income": {"2020-12-31": "198.76200", "2019-12-31": "180.54400", "2018-12-31": "176.45300", "2017-12-31": "147.38000", "2016-12-31": "114.63500", "2015-12-31": "131.27900", "2014-12-31": "144.00100", "2013-12-31": "97.16800", "2012-12-31": "114.83700", "2011-12-31": "111.13400", "2010-12-31": "128.11200", "2009-12-31": "50.24500", "2008-12-31": "98.13700", "2007-12-31": "113.42700", "2006-12-31": "95.30200", "2005-12-31": "80.68000"}, "Income Taxes": {"2020-12-31": "55.10300", "2019-12-31": "18.39300", "2018-12-31": "21.39600", "2017-12-31": "94.96900", "2016-12-31": "31.90100", "2015-12-31": "36.01700", "2014-12-31": "17.66800", "2013-12-31": "16.65500", "2012-12-31": "24.70000", "2011-12-31": "17.06200", "2010-12-31": "18.99600", "2009-12-31": "33.16000", "2008-12-31": "13.31000", "2007-12-31": "6.39400", "2006-12-31": "22.59400", "2005-12-31": "19.16300"}, "Income After Taxes": {"2020-12-31": "143.65900", "2019-12-31": "162.15100", "2018-12-31": "155.05700", "2017-12-31": "52.41100", "2016-12-31": "82.73400", "2015-12-31": "95.26200", "2014-12-31": "126.33300", "2013-12-31": "80.51300", "2012-12-31": "90.13700", "2011-12-31": "94.07200", "2010-12-31": "109.11600", "2009-12-31": "17.08500", "2008-12-31": "84.82700", "2007-12-31": "107.03300", "2006-12-31": "72.70800", "2005-12-31": "61.51700"}, "Other Income": {"2020-12-31": "", "2019-12-31": "", "2018-12-31": "", "2017-12-31": "", "2016-12-31": "", "2015-12-31": "", "2014-12-31": "", "2013-12-31": "", "2012-12-31": "", "2011-12-31": "", "2010-12-31": "", "2009-12-31": "", "2008-12-31": "", "2007-12-31": "", "2006-12-31": "", "2005-12-31": ""}, "Income From Continuous Operations": {"2020-12-31": "143.65900", "2019-12-31": "162.15100", "2018-12-31": "155.05700", "2017-12-31": "52.41100", "2016-12-31": "82.73400", "2015-12-31": "95.26200", "2014-12-31": "126.33300", "2013-12-31": "80.51300", "2012-12-31": "90.13700", "2011-12-31": "94.07200", "2010-12-31": "109.11600", "2009-12-31": "17.08500", "2008-12-31": "84.82700", "2007-12-31": "107.03300", "2006-12-31": "72.70800", "2005-12-31": "61.51700"}, "Income From Discontinued Operations": {"2020-12-31": "", "2019-12-31": "", "2018-12-31": "", "2017-12-31": "", "2016-12-31": "", "2015-12-31": "", "2014-12-31": "", "2013-12-31": "", "2012-12-31": "", "2011-12-31": "", "2010-12-31": "", "2009-12-31": "", "2008-12-31": "", "2007-12-31": "", "2006-12-31": "", "2005-12-31": ""}, "Net Income": {"2020-12-31": "143.65900", "2019-12-31": "162.15100", "2018-12-31": "155.05700", "2017-12-31": "52.41100", "2016-12-31": "82.73400", "2015-12-31": "95.26200", "2014-12-31": "126.33300", "2013-12-31": "80.51300", "2012-12-31": "90.13700", "2011-12-31": "94.07200", "2010-12-31": "109.11600", "2009-12-31": "17.08500", "2008-12-31": "84.82700", "2007-12-31": "107.03300", "2006-12-31": "72.70800", "2005-12-31": "61.51700"}, "EBITDA": {"2020-12-31": "286.61400", "2019-12-31": "248.09510", "2018-12-31": "243.54600", "2017-12-31": "218.47300", "2016-12-31": "193.11600", "2015-12-31": "210.50100", "2014-12-31": "215.39300", "2013-12-31": "166.59090", "2012-12-31": "175.62010", "2011-12-31": "162.60900", "2010-12-31": "166.18500", "2009-12-31": "84.89600", "2008-12-31": "132.82000", "2007-12-31": "138.69600", "2006-12-31": "121.90300", "2005-12-31": "106.76500"}, "EBIT": {"2020-12-31": "199.55000", "2019-12-31": "174.55410", "2018-12-31": "172.87900", "2017-12-31": "145.77800", "2016-12-31": "119.72600", "2015-12-31": "137.17200", "2014-12-31": "145.18700", "2013-12-31": "98.61690", "2012-12-31": "116.93410", "2011-12-31": "112.71200", "2010-12-31": "128.31300", "2009-12-31": "46.53100", "2008-12-31": "95.71700", "2007-12-31": "102.09100", "2006-12-31": "87.72200", "2005-12-31": "78.21200"}, "Basic Shares Outstanding": {"2020-12-31": "131.08200", "2019-12-31": "131.72200", "2018-12-31": "131.98700", "2017-12-31": "130.30000", "2016-12-31": "128.45300", "2015-12-31": "127.99700", "2014-12-31": "127.03000", "2013-12-31": "124.55800", "2012-12-31": "121.97300", "2011-12-31": "119.83600", "2010-12-31": "116.97300", "2009-12-31": "116.28000", "2008-12-31": "117.85050", "2007-12-31": "119.20200", "2006-12-31": "119.27850", "2005-12-31": "117.82800"}, "Shares Outstanding": {"2020-12-31": "131.79900", "2019-12-31": "132.73400", "2018-12-31": "133.27400", "2017-12-31": "131.38700", "2016-12-31": "129.00800", "2015-12-31": "128.66800", "2014-12-31": "127.79900", "2013-12-31": "125.57100", "2012-12-31": "122.97700", "2011-12-31": "121.22000", "2010-12-31": "118.57200", "2009-12-31": "117.03900", "2008-12-31": "119.27250", "2007-12-31": "121.56450", "2006-12-31": "122.27850", "2005-12-31": "121.36500"}, "Basic EPS": {"2020-12-31": "1.10000", "2019-12-31": "1.23000", "2018-12-31": "1.17000", "2017-12-31": "0.40000", "2016-12-31": "0.64000", "2015-12-31": "0.74000", "2014-12-31": "0.99000", "2013-12-31": "0.65000", "2012-12-31": "0.74000", "2011-12-31": "0.79000", "2010-12-31": "0.93000", "2009-12-31": "0.15000", "2008-12-31": "0.72000", "2007-12-31": "0.90000", "2006-12-31": "0.60670", "2005-12-31": "0.52000"}, "EPS - Earnings Per Share": {"2020-12-31": "1.09000", "2019-12-31": "1.22000", "2018-12-31": "1.16000", "2017-12-31": "0.40000", "2016-12-31": "0.64000", "2015-12-31": "0.74000", "2014-12-31": "0.99000", "2013-12-31": "0.64000", "2012-12-31": "0.73000", "2011-12-31": "0.78000", "2010-12-31": "0.92000", "2009-12-31": "0.15000", "2008-12-31": "0.71330", "2007-12-31": "0.88000", "2006-12-31": "0.59330", "2005-12-31": "0.50670"}}, "income statement, quarterly": {"Revenue": {"2020-12-31": "367.83800", "2020-09-30": "308.12400", "2020-06-30": "301.32900", "2020-03-31": "309.38100", "2019-12-31": "367.46800", "2019-09-30": "340.44200", "2019-06-30": "334.23100", "2019-03-31": "311.07400", "2018-12-31": "360.09900", "2018-09-30": "346.12700", "2018-06-30": "341.00900", "2018-03-31": "311.89700", "2017-12-31": "349.75000", "2017-09-30": "320.92100", "2017-06-30": "318.60900", "2017-03-31": "300.10600", "2016-12-31": "328.53300", "2016-09-30": "306.36400", "2016-06-30": "306.10500", "2016-03-31": "287.17700", "2015-12-31": "334.34000", "2015-09-30": "299.81200", "2015-06-30": "301.79100", "2015-03-31": "289.51300", "2014-12-31": "332.77610", "2014-09-30": "313.70100", "2014-06-30": "312.71100", "2014-03-31": "284.67400", "2013-12-31": "300.80590", "2013-09-30": "289.13800", "2013-06-30": "296.12600", "2013-03-31": "286.48800", "2012-12-31": "300.32600", "2012-09-30": "289.97400", "2012-06-30": "292.25900", "2012-03-31": "261.13300", "2011-12-31": "278.05090", "2011-09-30": "254.98800", "2011-06-30": "253.28400", "2011-03-31": "237.85000", "2010-12-31": "249.96300", "2010-09-30": "220.44900", "2010-06-30": "211.71700", "2010-03-31": "191.09100", "2009-12-31": "201.59700", "2009-09-30": "165.03500", "2009-06-30": "152.16300", "2009-03-31": "157.79900", "2008-12-31": "202.10700", "2008-09-30": "215.03800", "2008-06-30": "210.47400", "2008-03-31": "192.91800", "2007-12-31": "204.81400", "2007-09-30": "184.42600", "2007-06-30": "179.49700", "2007-03-31": "171.64100", "2006-12-31": "181.45300", "2006-09-30": "164.07900", "2006-06-30": "160.12300", "2006-03-31": "154.75200", "2005-12-31": "159.66100", "2005-09-30": "141.61800", "2005-06-30": "140.82200", "2005-03-31": "129.74000"}, "Cost Of Goods Sold": {"2020-12-31": "109.19600", "2020-09-30": "92.26300", "2020-06-30": "85.90100", "2020-03-31": "83.76100", "2019-12-31": "91.13500", "2019-09-30": "85.91500", "2019-06-30": "83.76600", "2019-03-31": "76.07500", "2018-12-31": "88.03000", "2018-09-30": "89.01500", "2018-06-30": "82.15900", "2018-03-31": "74.52300", "2017-12-31": "85.58900", "2017-09-30": "83.75100", "2017-06-30": "82.46000", "2017-03-31": "76.52400", "2016-12-31": "82.73500", "2016-09-30": "76.73200", "2016-06-30": "77.50800", "2016-03-31": "76.14600", "2015-12-31": "86.77900", "2015-09-30": "77.16600", "2015-06-30": "76.67500", "2015-03-31": "76.33600", "2014-12-31": "84.16000", "2014-09-30": "80.94900", "2014-06-30": "81.82100", "2014-03-31": "71.20200", "2013-12-31": "75.98200", "2013-09-30": "75.20600", "2013-06-30": "83.81500", "2013-03-31": "70.24000", "2012-12-31": "74.58100", "2012-09-30": "73.49400", "2012-06-30": "70.85100", "2012-03-31": "61.34800", "2011-12-31": "67.38700", "2011-09-30": "65.21500", "2011-06-30": "55.88600", "2011-03-31": "52.47600", "2010-12-31": "56.29900", "2010-09-30": "51.90300", "2010-06-30": "48.63900", "2010-03-31": "43.24200", "2009-12-31": "46.61600", "2009-09-30": "41.89900", "2009-06-30": "40.48600", "2009-03-31": "40.88300", "2008-12-31": "50.09300", "2008-09-30": "54.50700", "2008-06-30": "53.44000", "2008-03-31": "49.06900", "2007-12-31": "52.82900", "2007-09-30": "46.21900", "2007-06-30": "44.07100", "2007-03-31": "42.14800", "2006-12-31": "48.56000", "2006-09-30": "42.43100", "2006-06-30": "40.85200", "2006-03-31": "41.50500", "2005-12-31": "42.33900", "2005-09-30": "37.89300", "2005-06-30": "36.71300", "2005-03-31": "32.36400"}, "Gross Profit": {"2020-12-31": "258.64200", "2020-09-30": "215.86100", "2020-06-30": "215.42800", "2020-03-31": "225.62000", "2019-12-31": "276.33300", "2019-09-30": "254.52700", "2019-06-30": "250.46500", "2019-03-31": "234.99900", "2018-12-31": "272.06890", "2018-09-30": "257.11200", "2018-06-30": "258.85000", "2018-03-31": "237.37400", "2017-12-31": "264.16090", "2017-09-30": "237.17000", "2017-06-30": "236.14900", "2017-03-31": "223.58200", "2016-12-31": "245.79790", "2016-09-30": "229.63200", "2016-06-30": "228.59700", "2016-03-31": "211.03100", "2015-12-31": "247.56100", "2015-09-30": "222.64600", "2015-06-30": "225.11600", "2015-03-31": "213.17700", "2014-12-31": "248.61610", "2014-09-30": "232.75200", "2014-06-30": "230.89000", "2014-03-31": "213.47200", "2013-12-31": "224.82390", "2013-09-30": "213.93200", "2013-06-30": "212.31100", "2013-03-31": "216.24800", "2012-12-31": "225.74500", "2012-09-30": "216.48000", "2012-06-30": "221.40800", "2012-03-31": "199.78500", "2011-12-31": "210.66390", "2011-09-30": "189.77300", "2011-06-30": "197.39800", "2011-03-31": "185.37400", "2010-12-31": "193.66400", "2010-09-30": "168.54600", "2010-06-30": "163.07800", "2010-03-31": "147.84900", "2009-12-31": "154.98100", "2009-09-30": "123.13600", "2009-06-30": "111.67700", "2009-03-31": "116.91600", "2008-12-31": "152.01400", "2008-09-30": "160.53100", "2008-06-30": "157.03400", "2008-03-31": "143.84900", "2007-12-31": "151.98500", "2007-09-30": "138.20700", "2007-06-30": "135.42600", "2007-03-31": "129.49300", "2006-12-31": "132.89300", "2006-09-30": "121.64800", "2006-06-30": "119.27100", "2006-03-31": "113.24700", "2005-12-31": "117.32200", "2005-09-30": "103.72500", "2005-06-30": "104.10900", "2005-03-31": "97.37600"}, "Research And Development Expenses": {"2020-12-31": "73.73300", "2020-09-30": "70.80200", "2020-06-30": "64.22500", "2020-03-31": "71.62100", "2019-12-31": "71.47100", "2019-09-30": "66.55800", "2019-06-30": "68.25700", "2019-03-31": "66.16600", "2018-12-31": "66.15100", "2018-09-30": "66.17000", "2018-06-30": "66.90800", "2018-03-31": "61.84300", "2017-12-31": "60.05900", "2017-09-30": "56.52600", "2017-06-30": "56.91300", "2017-03-31": "58.26300", "2016-12-31": "57.46100", "2016-09-30": "59.06600", "2016-06-30": "59.83900", "2016-03-31": "59.34000", "2015-12-31": "56.66900", "2015-09-30": "52.53300", "2015-06-30": "55.40900", "2015-03-31": "60.52000", "2014-12-31": "57.35100", "2014-09-30": "58.97200", "2014-06-30": "55.85100", "2014-03-31": "55.25900", "2013-12-31": "54.27600", "2013-09-30": "60.79100", "2013-06-30": "58.47300", "2013-03-31": "61.25600", "2012-12-31": "58.06600", "2012-09-30": "56.62700", "2012-06-30": "54.28600", "2012-03-31": "54.01500", "2011-12-31": "54.50200", "2011-09-30": "54.67400", "2011-06-30": "47.02700", "2011-03-31": "42.86800", "2010-12-31": "43.23700", "2010-09-30": "39.97100", "2010-06-30": "36.39500", "2010-03-31": "38.54600", "2009-12-31": "33.72200", "2009-09-30": "35.01600", "2009-06-30": "29.44700", "2009-03-31": "34.78900", "2008-12-31": "37.33200", "2008-09-30": "37.01600", "2008-06-30": "33.18800", "2008-03-31": "35.60400", "2007-12-31": "34.86300", "2007-09-30": "31.89100", "2007-06-30": "30.52500", "2007-03-31": "29.23600", "2006-12-31": "29.97400", "2006-09-30": "27.74200", "2006-06-30": "27.39700", "2006-03-31": "27.98200", "2005-12-31": "24.36900", "2005-09-30": "20.78200", "2005-06-30": "22.30700", "2005-03-31": "20.38300"}, "SG&A Expenses": {"2020-12-31": "171.45300", "2020-09-30": "147.20500", "2020-06-30": "134.78800", "2020-03-31": "141.92600", "2019-12-31": "151.18100", "2019-09-30": "149.63300", "2019-06-30": "149.91200", "2019-03-31": "145.43400", "2018-12-31": "144.09800", "2018-09-30": "144.93200", "2018-06-30": "155.03000", "2018-03-31": "147.39400", "2017-12-31": "146.78800", "2017-09-30": "143.12900", "2017-06-30": "150.60500", "2017-03-31": "143.00100", "2016-12-31": "139.08900", "2016-09-30": "141.19900", "2016-06-30": "141.49100", "2016-03-31": "137.84700", "2015-12-31": "140.89100", "2015-09-30": "137.76200", "2015-06-30": "135.02000", "2015-03-31": "132.52400", "2014-12-31": "136.23000", "2014-09-30": "139.47700", "2014-06-30": "143.01400", "2014-03-31": "134.38900", "2013-12-31": "130.97100", "2013-09-30": "132.61600", "2013-06-30": "134.71700", "2013-03-31": "136.91400", "2012-12-31": "133.09600", "2012-09-30": "129.92700", "2012-06-30": "132.25800", "2012-03-31": "121.42600", "2011-12-31": "123.66000", "2011-09-30": "124.34300", "2011-06-30": "117.42900", "2011-03-31": "105.99400", "2010-12-31": "103.80800", "2010-09-30": "96.88600", "2010-06-30": "96.20000", "2010-03-31": "89.78100", "2009-12-31": "85.27800", "2009-09-30": "77.43200", "2009-06-30": "79.88900", "2009-03-31": "84.60600", "2008-12-31": "92.81000", "2008-09-30": "95.56900", "2008-06-30": "96.01200", "2008-03-31": "90.18000", "2007-12-31": "85.88800", "2007-09-30": "81.76000", "2007-06-30": "80.70200", "2007-03-31": "78.15500", "2006-12-31": "74.30100", "2006-09-30": "71.53900", "2006-06-30": "70.96300", "2006-03-31": "69.43900", "2005-12-31": "66.35900", "2005-09-30": "64.60000", "2005-06-30": "62.70900", "2005-03-31": "62.81100"}, "Other Operating Income Or Expenses": {"2020-12-31": "", "2020-09-30": "", "2020-06-30": "", "2020-03-31": "159.75300", "2019-12-31": "", "2019-09-30": "26.84200", "2019-06-30": "", "2019-03-31": "", "2018-12-31": "", "2018-09-30": "", "2018-06-30": "", "2018-03-31": "", "2017-12-31": "", "2017-09-30": "", "2017-06-30": "", "2017-03-31": "", "2016-12-31": "", "2016-09-30": "", "2016-06-30": "", "2016-03-31": "", "2015-12-31": "", "2015-09-30": "", "2015-06-30": "", "2015-03-31": "", "2014-12-31": "", "2014-09-30": "", "2014-06-30": "", "2014-03-31": "", "2013-12-31": "", "2013-09-30": "", "2013-06-30": "", "2013-03-31": "", "2012-12-31": "", "2012-09-30": "", "2012-06-30": "", "2012-03-31": "", "2011-12-31": "", "2011-09-30": "", "2011-06-30": "", "2011-03-31": "", "2010-12-31": "", "2010-09-30": "", "2010-06-30": "", "2010-03-31": "", "2009-12-31": "", "2009-09-30": "", "2009-06-30": "", "2009-03-31": "", "2008-12-31": "", "2008-09-30": "", "2008-06-30": "", "2008-03-31": "", "2007-12-31": "", "2007-09-30": "", "2007-06-30": "", "2007-03-31": "", "2006-12-31": "", "2006-09-30": "", "2006-06-30": "", "2006-03-31": "", "2005-12-31": "", "2005-09-30": "", "2005-06-30": "", "2005-03-31": ""}, "Operating Expenses": {"2020-12-31": "354.38200", "2020-09-30": "310.27000", "2020-06-30": "284.91400", "2020-03-31": "137.55500", "2019-12-31": "313.78690", "2019-09-30": "275.26400", "2019-06-30": "301.93500", "2019-03-31": "287.67500", "2018-12-31": "298.27890", "2018-09-30": "300.11700", "2018-06-30": "304.09700", "2018-03-31": "283.76000", "2017-12-31": "292.43600", "2017-09-30": "283.40600", "2017-06-30": "289.97800", "2017-03-31": "277.78800", "2016-12-31": "279.28500", "2016-09-30": "276.99700", "2016-06-30": "278.83800", "2016-03-31": "273.33300", "2015-12-31": "284.33910", "2015-09-30": "267.46100", "2015-06-30": "267.10400", "2015-03-31": "269.38000", "2014-12-31": "277.74110", "2014-09-30": "279.39800", "2014-06-30": "280.68600", "2014-03-31": "260.85000", "2013-12-31": "261.22900", "2013-09-30": "268.61300", "2013-06-30": "277.00500", "2013-03-31": "267.09400", "2012-12-31": "272.52590", "2012-09-30": "260.04800", "2012-06-30": "257.39500", "2012-03-31": "236.78900", "2011-12-31": "245.54900", "2011-09-30": "244.23200", "2011-06-30": "220.34200", "2011-03-31": "201.33800", "2010-12-31": "203.34400", "2010-09-30": "188.76000", "2010-06-30": "181.23400", "2010-03-31": "171.56900", "2009-12-31": "165.61600", "2009-09-30": "154.34700", "2009-06-30": "149.82200", "2009-03-31": "160.27800", "2008-12-31": "180.23500", "2008-09-30": "187.09200", "2008-06-30": "182.64000", "2008-03-31": "174.85300", "2007-12-31": "173.58000", "2007-09-30": "159.87000", "2007-06-30": "155.29800", "2007-03-31": "149.53900", "2006-12-31": "152.83500", "2006-09-30": "141.71200", "2006-06-30": "139.21200", "2006-03-31": "138.92600", "2005-12-31": "133.06700", "2005-09-30": "123.27500", "2005-06-30": "121.72900", "2005-03-31": "115.55800"}, "Operating Income": {"2020-12-31": "13.45600", "2020-09-30": "-2.14600", "2020-06-30": "16.41500", "2020-03-31": "171.82600", "2019-12-31": "53.68110", "2019-09-30": "65.17800", "2019-06-30": "32.29600", "2019-03-31": "23.39900", "2018-12-31": "61.82000", "2018-09-30": "46.01000", "2018-06-30": "36.91200", "2018-03-31": "28.13700", "2017-12-31": "57.31400", "2017-09-30": "37.51500", "2017-06-30": "28.63100", "2017-03-31": "22.31800", "2016-12-31": "49.24800", "2016-09-30": "29.36700", "2016-06-30": "27.26700", "2016-03-31": "13.84400", "2015-12-31": "50.00100", "2015-09-30": "32.35100", "2015-06-30": "34.68700", "2015-03-31": "20.13300", "2014-12-31": "55.03500", "2014-09-30": "34.30300", "2014-06-30": "32.02500", "2014-03-31": "23.82400", "2013-12-31": "39.57690", "2013-09-30": "20.52500", "2013-06-30": "19.12100", "2013-03-31": "19.39400", "2012-12-31": "27.80010", "2012-09-30": "29.92600", "2012-06-30": "34.86400", "2012-03-31": "24.34400", "2011-12-31": "32.50190", "2011-09-30": "10.75600", "2011-06-30": "32.94200", "2011-03-31": "36.51200", "2010-12-31": "46.61910", "2010-09-30": "31.68900", "2010-06-30": "30.48300", "2010-03-31": "19.52200", "2009-12-31": "35.98100", "2009-09-30": "10.68800", "2009-06-30": "2.34100", "2009-03-31": "-2.47900", "2008-12-31": "21.87200", "2008-09-30": "27.94600", "2008-06-30": "27.83400", "2008-03-31": "18.06500", "2007-12-31": "31.23400", "2007-09-30": "24.55600", "2007-06-30": "24.19900", "2007-03-31": "22.10200", "2006-12-31": "28.61800", "2006-09-30": "22.36700", "2006-06-30": "20.91100", "2006-03-31": "15.82600", "2005-12-31": "26.59400", "2005-09-30": "18.34300", "2005-06-30": "19.09300", "2005-03-31": "14.18200"}, "Total Non-Operating Income/Expense": {"2020-12-31": "1.79700", "2020-09-30": "-2.00100", "2020-06-30": "-1.14300", "2020-03-31": "0.56000", "2019-12-31": "0.61000", "2019-09-30": "2.24900", "2019-06-30": "0.55500", "2019-03-31": "2.57600", "2018-12-31": "1.64400", "2018-09-30": "2.36500", "2018-06-30": "-1.91000", "2018-03-31": "1.47500", "2017-12-31": "-0.57500", "2017-09-30": "0.60000", "2017-06-30": "0.72100", "2017-03-31": "0.85600", "2016-12-31": "-2.35500", "2016-09-30": "-0.18300", "2016-06-30": "-0.97400", "2016-03-31": "-1.57900", "2015-12-31": "-5.80400", "2015-09-30": "0.81500", "2015-06-30": "-0.21100", "2015-03-31": "-0.69300", "2014-12-31": "-1.25700", "2014-09-30": "-0.16000", "2014-06-30": "-0.10400", "2014-03-31": "0.33500", "2013-12-31": "-0.61500", "2013-09-30": "0.89300", "2013-06-30": "-0.47400", "2013-03-31": "-1.25300", "2012-12-31": "0.19100", "2012-09-30": "-1.00100", "2012-06-30": "-0.73300", "2012-03-31": "-0.55400", "2011-12-31": "-0.98000", "2011-09-30": "-0.44900", "2011-06-30": "-0.71300", "2011-03-31": "0.56400", "2010-12-31": "0.25300", "2010-09-30": "0.96600", "2010-06-30": "-1.37000", "2010-03-31": "-0.05000", "2009-12-31": "0.09900", "2009-09-30": "1.76100", "2009-06-30": "1.80400", "2009-03-31": "0.05000", "2008-12-31": "-0.82700", "2008-09-30": "-1.57100", "2008-06-30": "1.07200", "2008-03-31": "3.74600", "2007-12-31": "3.79000", "2007-09-30": "2.72500", "2007-06-30": "2.50200", "2007-03-31": "2.31900", "2006-12-31": "2.40900", "2006-09-30": "2.36700", "2006-06-30": "1.74800", "2006-03-31": "1.05600", "2005-12-31": "0.71700", "2005-09-30": "0.60400", "2005-06-30": "0.67600", "2005-03-31": "0.47100"}, "Pre-Tax Income": {"2020-12-31": "15.25300", "2020-09-30": "-4.14700", "2020-06-30": "15.27200", "2020-03-31": "172.38600", "2019-12-31": "54.29100", "2019-09-30": "67.42700", "2019-06-30": "32.85100", "2019-03-31": "25.97500", "2018-12-31": "63.46400", "2018-09-30": "48.37500", "2018-06-30": "35.00200", "2018-03-31": "29.61200", "2017-12-31": "56.73900", "2017-09-30": "38.11500", "2017-06-30": "29.35200", "2017-03-31": "23.17400", "2016-12-31": "46.89300", "2016-09-30": "29.18400", "2016-06-30": "26.29300", "2016-03-31": "12.26500", "2015-12-31": "44.19700", "2015-09-30": "33.16600", "2015-06-30": "34.47600", "2015-03-31": "19.44000", "2014-12-31": "53.77800", "2014-09-30": "34.14300", "2014-06-30": "31.92100", "2014-03-31": "24.15900", "2013-12-31": "38.96200", "2013-09-30": "21.41800", "2013-06-30": "18.64700", "2013-03-31": "18.14100", "2012-12-31": "27.99100", "2012-09-30": "28.92500", "2012-06-30": "34.13100", "2012-03-31": "23.79000", "2011-12-31": "31.52200", "2011-09-30": "10.30700", "2011-06-30": "32.22900", "2011-03-31": "37.07600", "2010-12-31": "46.87200", "2010-09-30": "32.65500", "2010-06-30": "29.11300", "2010-03-31": "19.47200", "2009-12-31": "36.08000", "2009-09-30": "12.44900", "2009-06-30": "4.14500", "2009-03-31": "-2.42900", "2008-12-31": "21.04500", "2008-09-30": "26.37500", "2008-06-30": "28.90600", "2008-03-31": "21.81100", "2007-12-31": "35.02400", "2007-09-30": "27.28100", "2007-06-30": "26.70100", "2007-03-31": "24.42100", "2006-12-31": "31.02700", "2006-09-30": "24.73400", "2006-06-30": "22.65900", "2006-03-31": "16.88200", "2005-12-31": "27.31100", "2005-09-30": "18.94700", "2005-06-30": "19.76900", "2005-03-31": "14.65300"}, "Income Taxes": {"2020-12-31": "10.51500", "2020-09-30": "0.47500", "2020-06-30": "4.38300", "2020-03-31": "39.73100", "2019-12-31": "-4.30400", "2019-09-30": "15.78300", "2019-06-30": "4.15900", "2019-03-31": "2.75500", "2018-12-31": "6.92300", "2018-09-30": "5.18100", "2018-06-30": "3.94800", "2018-03-31": "5.34400", "2017-12-31": "81.02000", "2017-09-30": "4.72600", "2017-06-30": "4.19700", "2017-03-31": "5.02600", "2016-12-31": "17.74600", "2016-09-30": "4.69500", "2016-06-30": "6.49300", "2016-03-31": "2.96700", "2015-12-31": "12.05900", "2015-09-30": "9.98800", "2015-06-30": "9.53400", "2015-03-31": "4.43600", "2014-12-31": "10.39300", "2014-09-30": "-5.55900", "2014-06-30": "7.39800", "2014-03-31": "5.43600", "2013-12-31": "7.23400", "2013-09-30": "5.65400", "2013-06-30": "4.22600", "2013-03-31": "-0.45900", "2012-12-31": "7.27700", "2012-09-30": "4.58500", "2012-06-30": "7.69000", "2012-03-31": "5.14800", "2011-12-31": "7.19500", "2011-09-30": "-2.42900", "2011-06-30": "5.68100", "2011-03-31": "6.61500", "2010-12-31": "8.84400", "2010-09-30": "4.52200", "2010-06-30": "4.51100", "2010-03-31": "1.11900", "2009-12-31": "33.71400", "2009-09-30": "2.51800", "2009-06-30": "-0.28500", "2009-03-31": "-2.78700", "2008-12-31": "1.72700", "2008-09-30": "3.21600", "2008-06-30": "4.17200", "2008-03-31": "4.19500", "2007-12-31": "-10.66900", "2007-09-30": "5.74100", "2007-06-30": "5.95000", "2007-03-31": "5.37200", "2006-12-31": "6.59300", "2006-09-30": "6.08300", "2006-06-30": "5.63800", "2006-03-31": "4.28000", "2005-12-31": "6.35300", "2005-09-30": "4.54800", "2005-06-30": "4.74500", "2005-03-31": "3.51700"}, "Income After Taxes": {"2020-12-31": "4.73800", "2020-09-30": "-4.62200", "2020-06-30": "10.88900", "2020-03-31": "132.65500", "2019-12-31": "58.59500", "2019-09-30": "51.64400", "2019-06-30": "28.69200", "2019-03-31": "23.22000", "2018-12-31": "56.54100", "2018-09-30": "43.19400", "2018-06-30": "31.05400", "2018-03-31": "24.26800", "2017-12-31": "-24.28100", "2017-09-30": "33.38900", "2017-06-30": "25.15500", "2017-03-31": "18.14800", "2016-12-31": "29.14700", "2016-09-30": "24.48900", "2016-06-30": "19.80000", "2016-03-31": "9.29800", "2015-12-31": "32.13800", "2015-09-30": "23.17800", "2015-06-30": "24.94200", "2015-03-31": "15.00400", "2014-12-31": "43.38500", "2014-09-30": "39.70200", "2014-06-30": "24.52300", "2014-03-31": "18.72300", "2013-12-31": "31.72800", "2013-09-30": "15.76400", "2013-06-30": "14.42100", "2013-03-31": "18.60000", "2012-12-31": "20.71400", "2012-09-30": "24.34000", "2012-06-30": "26.44100", "2012-03-31": "18.64200", "2011-12-31": "24.32700", "2011-09-30": "12.73600", "2011-06-30": "26.54800", "2011-03-31": "30.46100", "2010-12-31": "38.02800", "2010-09-30": "28.13300", "2010-06-30": "24.60200", "2010-03-31": "18.35300", "2009-12-31": "2.36600", "2009-09-30": "9.93100", "2009-06-30": "4.43000", "2009-03-31": "0.35800", "2008-12-31": "19.31800", "2008-09-30": "23.15900", "2008-06-30": "24.73400", "2008-03-31": "17.61600", "2007-12-31": "45.69300", "2007-09-30": "21.54000", "2007-06-30": "20.75100", "2007-03-31": "19.04900", "2006-12-31": "24.43400", "2006-09-30": "18.65100", "2006-06-30": "17.02100", "2006-03-31": "12.60200", "2005-12-31": "20.95800", "2005-09-30": "14.39900", "2005-06-30": "15.02400", "2005-03-31": "11.13600"}, "Other Income": {"2020-12-31": "", "2020-09-30": "", "2020-06-30": "", "2020-03-31": "", "2019-12-31": "", "2019-09-30": "", "2019-06-30": "", "2019-03-31": "", "2018-12-31": "", "2018-09-30": "", "2018-06-30": "", "2018-03-31": "", "2017-12-31": "", "2017-09-30": "", "2017-06-30": "", "2017-03-31": "", "2016-12-31": "", "2016-09-30": "", "2016-06-30": "", "2016-03-31": "", "2015-12-31": "", "2015-09-30": "", "2015-06-30": "", "2015-03-31": "", "2014-12-31": "", "2014-09-30": "", "2014-06-30": "", "2014-03-31": "", "2013-12-31": "", "2013-09-30": "", "2013-06-30": "", "2013-03-31": "", "2012-12-31": "", "2012-09-30": "", "2012-06-30": "", "2012-03-31": "", "2011-12-31": "", "2011-09-30": "", "2011-06-30": "", "2011-03-31": "", "2010-12-31": "", "2010-09-30": "", "2010-06-30": "", "2010-03-31": "", "2009-12-31": "", "2009-09-30": "", "2009-06-30": "", "2009-03-31": "", "2008-12-31": "", "2008-09-30": "", "2008-06-30": "", "2008-03-31": "", "2007-12-31": "", "2007-09-30": "", "2007-06-30": "", "2007-03-31": "", "2006-12-31": "", "2006-09-30": "", "2006-06-30": "", "2006-03-31": "", "2005-12-31": "", "2005-09-30": "", "2005-06-30": "", "2005-03-31": ""}, "Income From Continuous Operations": {"2020-12-31": "4.73800", "2020-09-30": "-4.62200", "2020-06-30": "10.88900", "2020-03-31": "132.65500", "2019-12-31": "58.59500", "2019-09-30": "51.64400", "2019-06-30": "28.69200", "2019-03-31": "23.22000", "2018-12-31": "56.54100", "2018-09-30": "43.19400", "2018-06-30": "31.05400", "2018-03-31": "24.26800", "2017-12-31": "-24.28100", "2017-09-30": "33.38900", "2017-06-30": "25.15500", "2017-03-31": "18.14800", "2016-12-31": "29.14700", "2016-09-30": "24.48900", "2016-06-30": "19.80000", "2016-03-31": "9.29800", "2015-12-31": "32.13800", "2015-09-30": "23.17800", "2015-06-30": "24.94200", "2015-03-31": "15.00400", "2014-12-31": "43.38500", "2014-09-30": "39.70200", "2014-06-30": "24.52300", "2014-03-31": "18.72300", "2013-12-31": "31.72800", "2013-09-30": "15.76400", "2013-06-30": "14.42100", "2013-03-31": "18.60000", "2012-12-31": "20.71400", "2012-09-30": "24.34000", "2012-06-30": "26.44100", "2012-03-31": "18.64200", "2011-12-31": "24.32700", "2011-09-30": "12.73600", "2011-06-30": "26.54800", "2011-03-31": "30.46100", "2010-12-31": "38.02800", "2010-09-30": "28.13300", "2010-06-30": "24.60200", "2010-03-31": "18.35300", "2009-12-31": "2.36600", "2009-09-30": "9.93100", "2009-06-30": "4.43000", "2009-03-31": "0.35800", "2008-12-31": "19.31800", "2008-09-30": "23.15900", "2008-06-30": "24.73400", "2008-03-31": "17.61600", "2007-12-31": "45.69300", "2007-09-30": "21.54000", "2007-06-30": "20.75100", "2007-03-31": "19.04900", "2006-12-31": "24.43400", "2006-09-30": "18.65100", "2006-06-30": "17.02100", "2006-03-31": "12.60200", "2005-12-31": "20.95800", "2005-09-30": "14.39900", "2005-06-30": "15.02400", "2005-03-31": "11.13600"}, "Income From Discontinued Operations": {"2020-12-31": "", "2020-09-30": "", "2020-06-30": "", "2020-03-31": "", "2019-12-31": "", "2019-09-30": "", "2019-06-30": "", "2019-03-31": "", "2018-12-31": "", "2018-09-30": "", "2018-06-30": "", "2018-03-31": "", "2017-12-31": "", "2017-09-30": "", "2017-06-30": "", "2017-03-31": "", "2016-12-31": "", "2016-09-30": "", "2016-06-30": "", "2016-03-31": "", "2015-12-31": "", "2015-09-30": "", "2015-06-30": "", "2015-03-31": "", "2014-12-31": "", "2014-09-30": "", "2014-06-30": "", "2014-03-31": "", "2013-12-31": "", "2013-09-30": "", "2013-06-30": "", "2013-03-31": "", "2012-12-31": "", "2012-09-30": "", "2012-06-30": "", "2012-03-31": "", "2011-12-31": "", "2011-09-30": "", "2011-06-30": "", "2011-03-31": "", "2010-12-31": "", "2010-09-30": "", "2010-06-30": "", "2010-03-31": "", "2009-12-31": "", "2009-09-30": "", "2009-06-30": "", "2009-03-31": "", "2008-12-31": "", "2008-09-30": "", "2008-06-30": "", "2008-03-31": "", "2007-12-31": "", "2007-09-30": "", "2007-06-30": "", "2007-03-31": "", "2006-12-31": "", "2006-09-30": "", "2006-06-30": "", "2006-03-31": "", "2005-12-31": "", "2005-09-30": "", "2005-06-30": "", "2005-03-31": ""}, "Net Income": {"2020-12-31": "4.73800", "2020-09-30": "-4.62200", "2020-06-30": "10.88900", "2020-03-31": "132.65500", "2019-12-31": "58.59500", "2019-09-30": "51.64400", "2019-06-30": "28.69200", "2019-03-31": "23.22000", "2018-12-31": "56.54100", "2018-09-30": "43.19400", "2018-06-30": "31.05400", "2018-03-31": "24.26800", "2017-12-31": "-24.28100", "2017-09-30": "33.38900", "2017-06-30": "25.15500", "2017-03-31": "18.14800", "2016-12-31": "29.14700", "2016-09-30": "24.48900", "2016-06-30": "19.80000", "2016-03-31": "9.29800", "2015-12-31": "32.13800", "2015-09-30": "23.17800", "2015-06-30": "24.94200", "2015-03-31": "15.00400", "2014-12-31": "43.38500", "2014-09-30": "39.70200", "2014-06-30": "24.52300", "2014-03-31": "18.72300", "2013-12-31": "31.72800", "2013-09-30": "15.76400", "2013-06-30": "14.42100", "2013-03-31": "18.60000", "2012-12-31": "20.71400", "2012-09-30": "24.34000", "2012-06-30": "26.44100", "2012-03-31": "18.64200", "2011-12-31": "24.32700", "2011-09-30": "12.73600", "2011-06-30": "26.54800", "2011-03-31": "30.46100", "2010-12-31": "38.02800", "2010-09-30": "28.13300", "2010-06-30": "24.60200", "2010-03-31": "18.35300", "2009-12-31": "2.36600", "2009-09-30": "9.93100", "2009-06-30": "4.43000", "2009-03-31": "0.35800", "2008-12-31": "19.31800", "2008-09-30": "23.15900", "2008-06-30": "24.73400", "2008-03-31": "17.61600", "2007-12-31": "45.69300", "2007-09-30": "21.54000", "2007-06-30": "20.75100", "2007-03-31": "19.04900", "2006-12-31": "24.43400", "2006-09-30": "18.65100", "2006-06-30": "17.02100", "2006-03-31": "12.60200", "2005-12-31": "20.95800", "2005-09-30": "14.39900", "2005-06-30": "15.02400", "2005-03-31": "11.13600"}, "EBITDA": {"2020-12-31": "", "2020-09-30": "20.74100", "2020-06-30": "35.49100", "2020-03-31": "191.09100", "2019-12-31": "72.67610", "2019-09-30": "83.74000", "2019-06-30": "50.26800", "2019-03-31": "41.41100", "2018-12-31": "78.75200", "2018-09-30": "64.64700", "2018-06-30": "54.57400", "2018-03-31": "45.57300", "2017-12-31": "75.21500", "2017-09-30": "56.39400", "2017-06-30": "45.87700", "2017-03-31": "40.98700", "2016-12-31": "67.47400", "2016-09-30": "46.31400", "2016-06-30": "46.05200", "2016-03-31": "33.27600", "2015-12-31": "68.17300", "2015-09-30": "51.00600", "2015-06-30": "53.26500", "2015-03-31": "38.05700", "2014-12-31": "74.23000", "2014-09-30": "51.95700", "2014-06-30": "48.38800", "2014-03-31": "40.81800", "2013-12-31": "56.65390", "2013-09-30": "37.86700", "2013-06-30": "35.84700", "2013-03-31": "36.22300", "2012-12-31": "45.45710", "2012-09-30": "43.63900", "2012-06-30": "48.06500", "2012-03-31": "38.45900", "2011-12-31": "46.65390", "2011-09-30": "23.11100", "2011-06-30": "45.35900", "2011-03-31": "47.48500", "2010-12-31": "56.27110", "2010-09-30": "40.92100", "2010-06-30": "40.02900", "2010-03-31": "28.96400", "2009-12-31": "45.81000", "2009-09-30": "20.20100", "2009-06-30": "12.97900", "2009-03-31": "5.90600", "2008-12-31": "31.07400", "2008-09-30": "35.99500", "2008-06-30": "37.01100", "2008-03-31": "28.74000", "2007-12-31": "39.87500", "2007-09-30": "34.31200", "2007-06-30": "33.03600", "2007-03-31": "31.47300", "2006-12-31": "37.53600", "2006-09-30": "29.70000", "2006-06-30": "30.36300", "2006-03-31": "24.30400", "2005-12-31": "33.51900", "2005-09-30": "25.70800", "2005-06-30": "27.03500", "2005-03-31": "20.50300"}, "EBIT": {"2020-12-31": "13.45600", "2020-09-30": "-2.14600", "2020-06-30": "16.41500", "2020-03-31": "171.82600", "2019-12-31": "53.68110", "2019-09-30": "65.17800", "2019-06-30": "32.29600", "2019-03-31": "23.39900", "2018-12-31": "61.82000", "2018-09-30": "46.01000", "2018-06-30": "36.91200", "2018-03-31": "28.13700", "2017-12-31": "57.31400", "2017-09-30": "37.51500", "2017-06-30": "28.63100", "2017-03-31": "22.31800", "2016-12-31": "49.24800", "2016-09-30": "29.36700", "2016-06-30": "27.26700", "2016-03-31": "13.84400", "2015-12-31": "50.00100", "2015-09-30": "32.35100", "2015-06-30": "34.68700", "2015-03-31": "20.13300", "2014-12-31": "55.03500", "2014-09-30": "34.30300", "2014-06-30": "32.02500", "2014-03-31": "23.82400", "2013-12-31": "39.57690", "2013-09-30": "20.52500", "2013-06-30": "19.12100", "2013-03-31": "19.39400", "2012-12-31": "27.80010", "2012-09-30": "29.92600", "2012-06-30": "34.86400", "2012-03-31": "24.34400", "2011-12-31": "32.50200", "2011-09-30": "10.75600", "2011-06-30": "32.94200", "2011-03-31": "36.51200", "2010-12-31": "46.61900", "2010-09-30": "31.68900", "2010-06-30": "30.48300", "2010-03-31": "19.52200", "2009-12-31": "35.98100", "2009-09-30": "10.68800", "2009-06-30": "2.34100", "2009-03-31": "-2.47900", "2008-12-31": "21.87200", "2008-09-30": "27.94600", "2008-06-30": "27.83400", "2008-03-31": "18.06500", "2007-12-31": "31.23400", "2007-09-30": "24.55600", "2007-06-30": "24.19900", "2007-03-31": "22.10200", "2006-12-31": "28.61800", "2006-09-30": "22.36700", "2006-06-30": "20.91100", "2006-03-31": "15.82600", "2005-12-31": "26.59400", "2005-09-30": "18.34300", "2005-06-30": "19.09300", "2005-03-31": "14.18200"}, "Basic Shares Outstanding": {"2020-12-31": "131.27700", "2020-09-30": "131.41900", "2020-06-30": "131.01400", "2020-03-31": "130.61300", "2019-12-31": "131.72200", "2019-09-30": "131.38500", "2019-06-30": "132.06200", "2019-03-31": "132.25200", "2018-12-31": "131.98700", "2018-09-30": "132.35700", "2018-06-30": "131.87700", "2018-03-31": "131.12700", "2017-12-31": "130.30000", "2017-09-30": "130.66000", "2017-06-30": "130.19700", "2017-03-31": "129.43800", "2016-12-31": "128.45300", "2016-09-30": "128.81500", "2016-06-30": "128.28200", "2016-03-31": "127.59500", "2015-12-31": "127.99700", "2015-09-30": "127.93500", "2015-06-30": "128.68200", "2015-03-31": "128.04000", "2014-12-31": "127.03000", "2014-09-30": "127.47800", "2014-06-30": "126.88700", "2014-03-31": "125.97300", "2013-12-31": "124.55800", "2013-09-30": "125.03200", "2013-06-30": "124.37700", "2013-03-31": "123.30600", "2012-12-31": "121.97300", "2012-09-30": "122.40200", "2012-06-30": "121.80100", "2012-03-31": "120.90800", "2011-12-31": "119.83600", "2011-09-30": "120.30800", "2011-06-30": "119.73600", "2011-03-31": "118.69300", "2010-12-31": "116.97300", "2010-09-30": "117.26400", "2010-06-30": "116.89800", "2010-03-31": "116.07000", "2009-12-31": "116.28000", "2009-09-30": "116.47950", "2009-06-30": "116.33400", "2009-03-31": "115.91550", "2008-12-31": "117.85050", "2008-09-30": "118.25100", "2008-06-30": "117.72600", "2008-03-31": "118.26000", "2007-12-31": "119.20200", "2007-09-30": "118.83900", "2007-06-30": "119.04450", "2007-03-31": "119.76300", "2006-12-31": "119.27850", "2006-09-30": "119.45550", "2006-06-30": "119.41650", "2006-03-31": "118.57950", "2005-12-31": "117.82800", "2005-09-30": "117.23700", "2005-06-30": "117.45450", "2005-03-31": "118.76250"}, "Shares Outstanding": {"2020-12-31": "131.73200", "2020-09-30": "131.41900", "2020-06-30": "131.60200", "2020-03-31": "131.35700", "2019-12-31": "132.73400", "2019-09-30": "131.88900", "2019-06-30": "132.97300", "2019-03-31": "133.36700", "2018-12-31": "133.27400", "2018-09-30": "133.19700", "2018-06-30": "133.05400", "2018-03-31": "132.62400", "2017-12-31": "131.38700", "2017-09-30": "131.61700", "2017-06-30": "131.11700", "2017-03-31": "130.10800", "2016-12-31": "129.00800", "2016-09-30": "129.04700", "2016-06-30": "128.74600", "2016-03-31": "128.10300", "2015-12-31": "128.66800", "2015-09-30": "128.22900", "2015-06-30": "129.33700", "2015-03-31": "128.67600", "2014-12-31": "127.79900", "2014-09-30": "127.90300", "2014-06-30": "127.51200", "2014-03-31": "126.72500", "2013-12-31": "125.57100", "2013-09-30": "125.60800", "2013-06-30": "125.27000", "2013-03-31": "124.36500", "2012-12-31": "122.97700", "2012-09-30": "123.07400", "2012-06-30": "122.75900", "2012-03-31": "121.97200", "2011-12-31": "121.22000", "2011-09-30": "121.10200", "2011-06-30": "121.16100", "2011-03-31": "120.44300", "2010-12-31": "118.57200", "2010-09-30": "118.29300", "2010-06-30": "118.48800", "2010-03-31": "117.65200", "2009-12-31": "117.03900", "2009-09-30": "117.15450", "2009-06-30": "116.73600", "2009-03-31": "116.15400", "2008-12-31": "119.27250", "2008-09-30": "119.76150", "2008-06-30": "119.32350", "2008-03-31": "119.73750", "2007-12-31": "121.56450", "2007-09-30": "121.31100", "2007-06-30": "121.18200", "2007-03-31": "121.84800", "2006-12-31": "122.27850", "2006-09-30": "121.91100", "2006-06-30": "122.47950", "2006-03-31": "122.41200", "2005-12-31": "121.36500", "2005-09-30": "120.86250", "2005-06-30": "120.28500", "2005-03-31": "122.88600"}, "Basic EPS": {"2020-12-31": "0.04000", "2020-09-30": "-0.04000", "2020-06-30": "0.08000", "2020-03-31": "1.02000", "2019-12-31": "0.44000", "2019-09-30": "0.39000", "2019-06-30": "0.22000", "2019-03-31": "0.18000", "2018-12-31": "0.41000", "2018-09-30": "0.33000", "2018-06-30": "0.24000", "2018-03-31": "0.19000", "2017-12-31": "-0.19000", "2017-09-30": "0.26000", "2017-06-30": "0.19000", "2017-03-31": "0.14000", "2016-12-31": "0.23000", "2016-09-30": "0.19000", "2016-06-30": "0.15000", "2016-03-31": "0.07000", "2015-12-31": "0.25000", "2015-09-30": "0.18000", "2015-06-30": "0.19000", "2015-03-31": "0.12000", "2014-12-31": "0.34000", "2014-09-30": "0.31000", "2014-06-30": "0.19000", "2014-03-31": "0.15000", "2013-12-31": "0.25000", "2013-09-30": "0.13000", "2013-06-30": "0.12000", "2013-03-31": "0.15000", "2012-12-31": "0.17000", "2012-09-30": "0.20000", "2012-06-30": "0.22000", "2012-03-31": "0.15000", "2011-12-31": "0.20000", "2011-09-30": "0.11000", "2011-06-30": "0.22000", "2011-03-31": "0.26000", "2010-12-31": "0.32000", "2010-09-30": "0.24000", "2010-06-30": "0.21000", "2010-03-31": "0.16000", "2009-12-31": "0.02330", "2009-09-30": "0.08670", "2009-06-30": "0.04000", "2009-03-31": "0.00000", "2008-12-31": "0.16670", "2008-09-30": "0.19330", "2008-06-30": "0.21330", "2008-03-31": "0.14670", "2007-12-31": "0.38670", "2007-09-30": "0.18000", "2007-06-30": "0.17330", "2007-03-31": "0.16000", "2006-12-31": "0.20670", "2006-09-30": "0.15330", "2006-06-30": "0.14000", "2006-03-31": "0.10670", "2005-12-31": "0.18000", "2005-09-30": "0.12000", "2005-06-30": "0.12670", "2005-03-31": "0.09330"}, "EPS - Earnings Per Share": {"2020-12-31": "0.04000", "2020-09-30": "-0.04000", "2020-06-30": "0.08000", "2020-03-31": "1.01000", "2019-12-31": "0.44000", "2019-09-30": "0.39000", "2019-06-30": "0.22000", "2019-03-31": "0.17000", "2018-12-31": "0.43000", "2018-09-30": "0.32000", "2018-06-30": "0.23000", "2018-03-31": "0.18000", "2017-12-31": "-0.18000", "2017-09-30": "0.25000", "2017-06-30": "0.19000", "2017-03-31": "0.14000", "2016-12-31": "0.23000", "2016-09-30": "0.19000", "2016-06-30": "0.15000", "2016-03-31": "0.07000", "2015-12-31": "0.25000", "2015-09-30": "0.18000", "2015-06-30": "0.19000", "2015-03-31": "0.12000", "2014-12-31": "0.34000", "2014-09-30": "0.31000", "2014-06-30": "0.19000", "2014-03-31": "0.15000", "2013-12-31": "0.24000", "2013-09-30": "0.13000", "2013-06-30": "0.12000", "2013-03-31": "0.15000", "2012-12-31": "0.16000", "2012-09-30": "0.20000", "2012-06-30": "0.22000", "2012-03-31": "0.15000", "2011-12-31": "0.20000", "2011-09-30": "0.11000", "2011-06-30": "0.22000", "2011-03-31": "0.25000", "2010-12-31": "0.31000", "2010-09-30": "0.24000", "2010-06-30": "0.21000", "2010-03-31": "0.16000", "2009-12-31": "0.02330", "2009-09-30": "0.08670", "2009-06-30": "0.04000", "2009-03-31": "0.00000", "2008-12-31": "0.16670", "2008-09-30": "0.19330", "2008-06-30": "0.20670", "2008-03-31": "0.14670", "2007-12-31": "0.37330", "2007-09-30": "0.18000", "2007-06-30": "0.17330", "2007-03-31": "0.15330", "2006-12-31": "0.20000", "2006-09-30": "0.15330", "2006-06-30": "0.14000", "2006-03-31": "0.10000", "2005-12-31": "0.16670", "2005-09-30": "0.12000", "2005-06-30": "0.12670", "2005-03-31": "0.09330"}}, "balance sheet": {"Cash On Hand": {"2020-12-31": "320.15500", "2019-12-31": "432.59900", "2018-12-31": "530.78200", "2017-12-31": "412.05200", "2016-12-31": "358.40000", "2015-12-31": "332.91800", "2014-12-31": "471.19300", "2013-12-31": "393.41200", "2012-12-31": "335.16200", "2011-12-31": "366.11200", "2010-12-31": "350.66200", "2009-12-31": "288.66100", "2008-12-31": "235.62000", "2007-12-31": "288.67700", "2006-12-31": "250.47700", "2005-12-31": "175.71000"}, "Receivables": {"2020-12-31": "266.86900", "2019-12-31": "248.87200", "2018-12-31": "242.95500", "2017-12-31": "248.82500", "2016-12-31": "228.68600", "2015-12-31": "216.24400", "2014-12-31": "202.32900", "2013-12-31": "180.68000", "2012-12-31": "187.06000", "2011-12-31": "157.05600", "2010-12-31": "127.21400", "2009-12-31": "103.95700", "2008-12-31": "121.54800", "2007-12-31": "131.28200", "2006-12-31": "117.23500", "2005-12-31": "95.73300"}, "Inventory": {"2020-12-31": "194.01200", "2019-12-31": "200.41000", "2018-12-31": "194.14600", "2017-12-31": "184.59200", "2016-12-31": "193.60800", "2015-12-31": "185.19700", "2014-12-31": "173.05200", "2013-12-31": "172.10900", "2012-12-31": "169.99000", "2011-12-31": "131.99500", "2010-12-31": "117.76500", "2009-12-31": "86.51500", "2008-12-31": "107.35800", "2007-12-31": "82.67500", "2006-12-31": "77.13800", "2005-12-31": "62.82700"}, "Pre-Paid Expenses": {"2020-12-31": "68.47000", "2019-12-31": "65.47700", "2018-12-31": "54.33700", "2017-12-31": "48.62100", "2016-12-31": "53.95300", "2015-12-31": "65.38100", "2014-12-31": "70.07500", "2013-12-31": "49.00100", "2012-12-31": "48.00900", "2011-12-31": "38.08200", "2010-12-31": "36.23900", "2009-12-31": "36.52300", "2008-12-31": "43.06200", "2007-12-31": "27.81500", "2006-12-31": "11.39300", "2005-12-31": "13.14600"}, "Other Current Assets": {"2020-12-31": "", "2019-12-31": "", "2018-12-31": "", "2017-12-31": "", "2016-12-31": "", "2015-12-31": "", "2014-12-31": "", "2013-12-31": "", "2012-12-31": "", "2011-12-31": "", "2010-12-31": "", "2009-12-31": "", "2008-12-31": "", "2007-12-31": "", "2006-12-31": "", "2005-12-31": ""}, "Total Current Assets": {"2020-12-31": "849.50600", "2019-12-31": "947.35800", "2018-12-31": "1022.22000", "2017-12-31": "894.09000", "2016-12-31": "834.64700", "2015-12-31": "799.74000", "2014-12-31": "947.82000", "2013-12-31": "828.59500", "2012-12-31": "767.70000", "2011-12-31": "719.54900", "2010-12-31": "650.71800", "2009-12-31": "532.17800", "2008-12-31": "529.02300", "2007-12-31": "545.21000", "2006-12-31": "477.09400", "2005-12-31": "362.30600"}, "Property, Plant, And Equipment": {"2020-12-31": "254.39900", "2019-12-31": "243.71700", "2018-12-31": "245.20100", "2017-12-31": "249.71500", "2016-12-31": "260.45600", "2015-12-31": "257.85300", "2014-12-31": "264.08600", "2013-12-31": "260.56800", "2012-12-31": "249.72100", "2011-12-31": "190.14800", "2010-12-31": "160.41000", "2009-12-31": "153.26500", "2008-12-31": "154.47700", "2007-12-31": "151.46200", "2006-12-31": "145.42500", "2005-12-31": "144.33000"}, "Long-Term Investments": {"2020-12-31": "", "2019-12-31": "", "2018-12-31": "", "2017-12-31": "", "2016-12-31": "", "2015-12-31": "", "2014-12-31": "", "2013-12-31": "", "2012-12-31": "", "2011-12-31": "", "2010-12-31": "", "2009-12-31": "", "2008-12-31": "10.50000", "2007-12-31": "", "2006-12-31": "", "2005-12-31": ""}, "Goodwill And Intangible Assets": {"2020-12-31": "640.26600", "2019-12-31": "346.32500", "2018-12-31": "375.31300", "2017-12-31": "390.07600", "2016-12-31": "361.86000", "2015-12-31": "365.91400", "2014-12-31": "222.60700", "2013-12-31": "228.83000", "2012-12-31": "241.17100", "2011-12-31": "214.61300", "2010-12-31": "123.09400", "2009-12-31": "108.16900", "2008-12-31": "106.47600", "2007-12-31": "94.46800", "2006-12-31": "93.40800", "2005-12-31": "96.13500"}, "Other Long-Term Assets": {"2020-12-31": "79.67000", "2019-12-31": "44.08200", "2018-12-31": "28.50100", "2017-12-31": "32.55300", "2016-12-31": "39.60100", "2015-12-31": "30.34900", "2014-12-31": "20.97800", "2013-12-31": "25.55800", "2012-12-31": "26.17700", "2011-12-31": "29.98400", "2010-12-31": "25.46000", "2009-12-31": "19.41700", "2008-12-31": "32.11500", "2007-12-31": "27.67200", "2006-12-31": "5.29300", "2005-12-31": "5.56500"}, "Total Long-Term Assets": {"2020-12-31": "1042.00900", "2019-12-31": "704.53100", "2018-12-31": "649.01500", "2017-12-31": "672.34400", "2016-12-31": "661.91710", "2015-12-31": "654.11600", "2014-12-31": "507.67100", "2013-12-31": "514.95600", "2012-12-31": "517.06900", "2011-12-31": "434.74500", "2010-12-31": "308.96400", "2009-12-31": "280.85100", "2008-12-31": "303.56800", "2007-12-31": "273.60200", "2006-12-31": "244.12600", "2005-12-31": "246.03000"}, "Total Assets": {"2020-12-31": "1891.51500", "2019-12-31": "1651.88900", "2018-12-31": "1671.23500", "2017-12-31": "1566.43400", "2016-12-31": "1496.56400", "2015-12-31": "1453.85600", "2014-12-31": "1455.49100", "2013-12-31": "1343.55100", "2012-12-31": "1284.76900", "2011-12-31": "1154.29400", "2010-12-31": "959.68200", "2009-12-31": "813.02900", "2008-12-31": "832.59100", "2007-12-31": "818.81200", "2006-12-31": "721.22000", "2005-12-31": "608.33600"}, "Total Current Liabilities": {"2020-12-31": "381.85100", "2019-12-31": "306.12300", "2018-12-31": "282.98400", "2017-12-31": "269.25500", "2016-12-31": "260.07500", "2015-12-31": "240.21500", "2014-12-31": "247.65700", "2013-12-31": "225.35500", "2012-12-31": "244.95600", "2011-12-31": "212.90500", "2010-12-31": "166.31200", "2009-12-31": "118.41900", "2008-12-31": "130.73100", "2007-12-31": "125.33600", "2006-12-31": "97.36100", "2005-12-31": "87.62000"}, "Long Term Debt": {"2020-12-31": "92.03600", "2019-12-31": "", "2018-12-31": "", "2017-12-31": "", "2016-12-31": "25.00000", "2015-12-31": "37.00000", "2014-12-31": "", "2013-12-31": "", "2012-12-31": "", "2011-12-31": "", "2010-12-31": "", "2009-12-31": "", "2008-12-31": "", "2007-12-31": "", "2006-12-31": "", "2005-12-31": ""}, "Other Non-Current Liabilities": {"2020-12-31": "95.28000", "2019-12-31": "81.22100", "2018-12-31": "91.80000", "2017-12-31": "101.80700", "2016-12-31": "22.13200", "2015-12-31": "22.53900", "2014-12-31": "16.48000", "2013-12-31": "29.10300", "2012-12-31": "32.60900", "2011-12-31": "36.17700", "2010-12-31": "19.34800", "2009-12-31": "15.17800", "2008-12-31": "12.26500", "2007-12-31": "11.16900", "2006-12-31": "6.80100", "2005-12-31": ""}, "Total Long Term Liabilities": {"2020-12-31": "284.79200", "2019-12-31": "169.41600", "2018-12-31": "149.89300", "2017-12-31": "169.15800", "2016-12-31": "122.27000", "2015-12-31": "131.92000", "2014-12-31": "90.33800", "2013-12-31": "95.11200", "2012-12-31": "100.68500", "2011-12-31": "89.37800", "2010-12-31": "48.82500", "2009-12-31": "40.19000", "2008-12-31": "37.42200", "2007-12-31": "32.39000", "2006-12-31": "27.27300", "2005-12-31": "16.86600"}, "Total Liabilities": {"2020-12-31": "666.64300", "2019-12-31": "475.53900", "2018-12-31": "432.87700", "2017-12-31": "438.41300", "2016-12-31": "382.34500", "2015-12-31": "372.13500", "2014-12-31": "337.99500", "2013-12-31": "320.46700", "2012-12-31": "345.64100", "2011-12-31": "302.28300", "2010-12-31": "215.13700", "2009-12-31": "158.60900", "2008-12-31": "168.15300", "2007-12-31": "157.72600", "2006-12-31": "124.63400", "2005-12-31": "104.48600"}, "Common Stock Net": {"2020-12-31": "1.31200", "2019-12-31": "1.30500", "2018-12-31": "1.32700", "2017-12-31": "1.31000", "2016-12-31": "1.29200", "2015-12-31": "1.27500", "2014-12-31": "1.27800", "2013-12-31": "1.25700", "2012-12-31": "1.22900", "2011-12-31": "1.20700", "2010-12-31": "1.17900", "2009-12-31": "0.77400", "2008-12-31": "0.77200", "2007-12-31": "0.79400", "2006-12-31": "0.79900", "2005-12-31": "0.79300"}, "Retained Earnings (Accumulated Deficit)": {"2020-12-31": "211.10100", "2019-12-31": "242.53700", "2018-12-31": "356.41800", "2017-12-31": "313.24100", "2016-12-31": "376.20200", "2015-12-31": "400.83100", "2014-12-31": "464.99300", "2013-12-31": "414.94700", "2012-12-31": "404.21000", "2011-12-31": "382.47400", "2010-12-31": "336.36300", "2009-12-31": "303.65500", "2008-12-31": "352.83100", "2007-12-31": "563.41800", "2006-12-31": "483.43700", "2005-12-31": "429.85900"}, "Comprehensive Income": {"2020-12-31": "-20.82600", "2019-12-31": "-21.07000", "2018-12-31": "-16.93100", "2017-12-31": "-16.50900", "2016-12-31": "-34.62100", "2015-12-31": "-38.09000", "2014-12-31": "-11.66400", "2013-12-31": "2.55000", "2012-12-31": "0.84400", "2011-12-31": "-3.50000", "2010-12-31": "-0.71000", "2009-12-31": "13.54500", "2008-12-31": "10.48300", "2007-12-31": "7.06500", "2006-12-31": "2.49900", "2005-12-31": "-1.68500"}, "Other Share Holders Equity": {"2020-12-31": "", "2019-12-31": "", "2018-12-31": "", "2017-12-31": "", "2016-12-31": "", "2015-12-31": "", "2014-12-31": "", "2013-12-31": "", "2012-12-31": "", "2011-12-31": "", "2010-12-31": "", "2009-12-31": "", "2008-12-31": "", "2007-12-31": "", "2006-12-31": "", "2005-12-31": ""}, "Share Holder Equity": {"2020-12-31": "1224.87200", "2019-12-31": "1176.35000", "2018-12-31": "1238.35800", "2017-12-31": "1128.02100", "2016-12-31": "1114.21900", "2015-12-31": "1081.72100", "2014-12-31": "1117.49600", "2013-12-31": "1023.08400", "2012-12-31": "939.12800", "2011-12-31": "852.01100", "2010-12-31": "744.54500", "2009-12-31": "654.42000", "2008-12-31": "664.43800", "2007-12-31": "661.08600", "2006-12-31": "596.58600", "2005-12-31": "503.85000"}, "Total Liabilities And Share Holders Equity": {"2020-12-31": "1891.51500", "2019-12-31": "1651.88900", "2018-12-31": "1671.23500", "2017-12-31": "1566.43400", "2016-12-31": "1496.56400", "2015-12-31": "1453.85600", "2014-12-31": "1455.49100", "2013-12-31": "1343.55100", "2012-12-31": "1284.76900", "2011-12-31": "1154.29400", "2010-12-31": "959.68200", "2009-12-31": "813.02900", "2008-12-31": "832.59100", "2007-12-31": "818.81200", "2006-12-31": "721.22000", "2005-12-31": "608.33600"}}, "balance sheet, quarterly": {"Cash On Hand": {"2020-12-31": "320.15500", "2020-09-30": "290.17200", "2020-06-30": "608.30900", "2020-03-31": "584.01400", "2019-12-31": "432.59900", "2019-09-30": "432.18900", "2019-06-30": "439.65300", "2019-03-31": "480.06300", "2018-12-31": "530.78200", "2018-09-30": "482.40900", "2018-06-30": "428.42300", "2018-03-31": "414.52400", "2017-12-31": "412.05200", "2017-09-30": "385.41700", "2017-06-30": "368.43400", "2017-03-31": "365.41800", "2016-12-31": "358.40000", "2016-09-30": "352.92900", "2016-06-30": "340.32400", "2016-03-31": "328.60800", "2015-12-31": "332.91800", "2015-09-30": "411.29500", "2015-06-30": "422.80000", "2015-03-31": "443.26900", "2014-12-31": "471.19300", "2014-09-30": "447.75400", "2014-06-30": "401.51300", "2014-03-31": "410.11000", "2013-12-31": "393.41200", "2013-09-30": "344.11400", "2013-06-30": "323.55000", "2013-03-31": "327.30500", "2012-12-31": "335.16200", "2012-09-30": "363.66400", "2012-06-30": "350.72700", "2012-03-31": "377.40600", "2011-12-31": "366.11200", "2011-09-30": "335.88300", "2011-06-30": "319.70800", "2011-03-31": "385.05400", "2010-12-31": "350.66200", "2010-09-30": "338.74700", "2010-06-30": "316.27500", "2010-03-31": "295.57000", "2009-12-31": "288.66100", "2009-09-30": "276.36300", "2009-06-30": "250.71400", "2009-03-31": "241.49200", "2008-12-31": "235.62000", "2008-09-30": "275.58400", "2008-06-30": "248.34200", "2008-03-31": "237.65600", "2007-12-31": "288.67700", "2007-09-30": "276.09900", "2007-06-30": "241.10100", "2007-03-31": "245.08500", "2006-12-31": "250.47700", "2006-09-30": "223.32700", "2006-06-30": "211.15200", "2006-03-31": "193.82500", "2005-12-31": "175.71000", "2005-09-30": "180.69000", "2005-06-30": "156.94300", "2005-03-31": "220.74000"}, "Receivables": {"2020-12-31": "266.86900", "2020-09-30": "214.62000", "2020-06-30": "211.76600", "2020-03-31": "213.01500", "2019-12-31": "248.87200", "2019-09-30": "224.30500", "2019-06-30": "222.56500", "2019-03-31": "215.01200", "2018-12-31": "242.95500", "2018-09-30": "239.46800", "2018-06-30": "249.91000", "2018-03-31": "242.29100", "2017-12-31": "248.82500", "2017-09-30": "235.17700", "2017-06-30": "230.95800", "2017-03-31": "224.26700", "2016-12-31": "228.68600", "2016-09-30": "206.17100", "2016-06-30": "222.24300", "2016-03-31": "207.30800", "2015-12-31": "216.24400", "2015-09-30": "185.65800", "2015-06-30": "205.56800", "2015-03-31": "190.99200", "2014-12-31": "202.32900", "2014-09-30": "187.72600", "2014-06-30": "210.82000", "2014-03-31": "181.54500", "2013-12-31": "180.68000", "2013-09-30": "182.72300", "2013-06-30": "172.88000", "2013-03-31": "172.12300", "2012-12-31": "187.06000", "2012-09-30": "182.60400", "2012-06-30": "188.25800", "2012-03-31": "155.38600", "2011-12-31": "157.05600", "2011-09-30": "158.60800", "2011-06-30": "148.93900", "2011-03-31": "132.14800", "2010-12-31": "127.21400", "2010-09-30": "121.50300", "2010-06-30": "111.00800", "2010-03-31": "104.81800", "2009-12-31": "103.95700", "2009-09-30": "90.79000", "2009-06-30": "91.39300", "2009-03-31": "90.91700", "2008-12-31": "121.54800", "2008-09-30": "123.09600", "2008-06-30": "130.18300", "2008-03-31": "128.59500", "2007-12-31": "131.28200", "2007-09-30": "121.29100", "2007-06-30": "116.57500", "2007-03-31": "110.39800", "2006-12-31": "117.23500", "2006-09-30": "103.32900", "2006-06-30": "103.50300", "2006-03-31": "94.18400", "2005-12-31": "95.73300", "2005-09-30": "84.73000", "2005-06-30": "85.21800", "2005-03-31": "87.36200"}, "Inventory": {"2020-12-31": "194.01200", "2020-09-30": "209.55800", "2020-06-30": "209.92800", "2020-03-31": "208.49300", "2019-12-31": "200.41000", "2019-09-30": "206.72700", "2019-06-30": "206.85100", "2019-03-31": "204.71000", "2018-12-31": "194.14600", "2018-09-30": "192.41200", "2018-06-30": "193.41700", "2018-03-31": "193.27300", "2017-12-31": "184.59200", "2017-09-30": "184.64100", "2017-06-30": "186.15500", "2017-03-31": "194.87800", "2016-12-31": "193.60800", "2016-09-30": "196.39100", "2016-06-30": "194.58500", "2016-03-31": "192.05400", "2015-12-31": "185.19700", "2015-09-30": "189.99200", "2015-06-30": "187.41100", "2015-03-31": "177.98000", "2014-12-31": "173.05200", "2014-09-30": "170.86200", "2014-06-30": "167.29400", "2014-03-31": "170.25700", "2013-12-31": "172.10900", "2013-09-30": "178.90400", "2013-06-30": "185.27800", "2013-03-31": "188.59100", "2012-12-31": "169.99000", "2012-09-30": "155.27300", "2012-06-30": "148.98900", "2012-03-31": "140.40800", "2011-12-31": "131.99500", "2011-09-30": "132.55400", "2011-06-30": "141.57100", "2011-03-31": "134.40800", "2010-12-31": "117.76500", "2010-09-30": "101.53200", "2010-06-30": "95.98300", "2010-03-31": "89.82600", "2009-12-31": "86.51500", "2009-09-30": "88.72600", "2009-06-30": "95.26900", "2009-03-31": "102.61800", "2008-12-31": "107.35800", "2008-09-30": "99.73400", "2008-06-30": "95.67400", "2008-03-31": "89.87900", "2007-12-31": "82.67500", "2007-09-30": "77.31300", "2007-06-30": "75.45200", "2007-03-31": "77.06200", "2006-12-31": "77.13800", "2006-09-30": "79.51500", "2006-06-30": "82.42100", "2006-03-31": "72.96100", "2005-12-31": "62.82700", "2005-09-30": "54.86800", "2005-06-30": "56.14100", "2005-03-31": "55.93100"}, "Pre-Paid Expenses": {"2020-12-31": "68.47000", "2020-09-30": "72.95600", "2020-06-30": "65.81700", "2020-03-31": "64.97200", "2019-12-31": "65.47700", "2019-09-30": "66.31300", "2019-06-30": "66.02100", "2019-03-31": "66.43400", "2018-12-31": "54.33700", "2018-09-30": "62.44700", "2018-06-30": "56.74000", "2018-03-31": "65.70100", "2017-12-31": "48.62100", "2017-09-30": "50.32500", "2017-06-30": "52.56800", "2017-03-31": "45.97000", "2016-12-31": "53.95300", "2016-09-30": "55.28100", "2016-06-30": "63.50200", "2016-03-31": "65.52300", "2015-12-31": "65.38100", "2015-09-30": "58.41000", "2015-06-30": "80.88500", "2015-03-31": "72.57500", "2014-12-31": "70.07500", "2014-09-30": "71.73500", "2014-06-30": "75.70900", "2014-03-31": "51.72300", "2013-12-31": "49.00100", "2013-09-30": "66.41200", "2013-06-30": "68.20200", "2013-03-31": "58.46200", "2012-12-31": "48.00900", "2012-09-30": "49.66800", "2012-06-30": "56.08900", "2012-03-31": "32.91100", "2011-12-31": "38.08200", "2011-09-30": "46.06800", "2011-06-30": "42.00700", "2011-03-31": "25.45900", "2010-12-31": "36.23900", "2010-09-30": "42.13200", "2010-06-30": "41.92800", "2010-03-31": "34.93700", "2009-12-31": "36.52300", "2009-09-30": "40.72100", "2009-06-30": "43.49600", "2009-03-31": "45.82700", "2008-12-31": "43.06200", "2008-09-30": "40.37700", "2008-06-30": "25.68400", "2008-03-31": "29.84600", "2007-12-31": "27.81500", "2007-09-30": "25.84600", "2007-06-30": "20.47900", "2007-03-31": "17.52700", "2006-12-31": "11.39300", "2006-09-30": "16.57400", "2006-06-30": "18.04300", "2006-03-31": "16.50900", "2005-12-31": "13.14600", "2005-09-30": "13.36900", "2005-06-30": "16.56100", "2005-03-31": "11.83500"}, "Other Current Assets": {"2020-12-31": "", "2020-09-30": "", "2020-06-30": "", "2020-03-31": "", "2019-12-31": "", "2019-09-30": "", "2019-06-30": "", "2019-03-31": "", "2018-12-31": "", "2018-09-30": "", "2018-06-30": "", "2018-03-31": "", "2017-12-31": "", "2017-09-30": "", "2017-06-30": "", "2017-03-31": "", "2016-12-31": "", "2016-09-30": "", "2016-06-30": "", "2016-03-31": "", "2015-12-31": "", "2015-09-30": "", "2015-06-30": "", "2015-03-31": "", "2014-12-31": "", "2014-09-30": "", "2014-06-30": "", "2014-03-31": "", "2013-12-31": "", "2013-09-30": "", "2013-06-30": "", "2013-03-31": "", "2012-12-31": "", "2012-09-30": "", "2012-06-30": "", "2012-03-31": "", "2011-12-31": "", "2011-09-30": "", "2011-06-30": "", "2011-03-31": "", "2010-12-31": "", "2010-09-30": "", "2010-06-30": "", "2010-03-31": "", "2009-12-31": "", "2009-09-30": "", "2009-06-30": "", "2009-03-31": "", "2008-12-31": "", "2008-09-30": "", "2008-06-30": "", "2008-03-31": "", "2007-12-31": "", "2007-09-30": "", "2007-06-30": "", "2007-03-31": "", "2006-12-31": "", "2006-09-30": "", "2006-06-30": "", "2006-03-31": "", "2005-12-31": "", "2005-09-30": "", "2005-06-30": "", "2005-03-31": ""}, "Total Current Assets": {"2020-12-31": "849.50600", "2020-09-30": "787.30600", "2020-06-30": "1095.82000", "2020-03-31": "1070.49400", "2019-12-31": "947.35800", "2019-09-30": "929.53400", "2019-06-30": "935.09000", "2019-03-31": "966.21900", "2018-12-31": "1022.22000", "2018-09-30": "976.73600", "2018-06-30": "928.49000", "2018-03-31": "915.78900", "2017-12-31": "894.09000", "2017-09-30": "855.56000", "2017-06-30": "838.11500", "2017-03-31": "830.53300", "2016-12-31": "834.64700", "2016-09-30": "810.77200", "2016-06-30": "820.65400", "2016-03-31": "793.49300", "2015-12-31": "799.74000", "2015-09-30": "879.03000", "2015-06-30": "926.68000", "2015-03-31": "916.22200", "2014-12-31": "947.82000", "2014-09-30": "906.50200", "2014-06-30": "885.16800", "2014-03-31": "848.95900", "2013-12-31": "828.59500", "2013-09-30": "798.61700", "2013-06-30": "780.10700", "2013-03-31": "774.84200", "2012-12-31": "767.70000", "2012-09-30": "772.77200", "2012-06-30": "763.65100", "2012-03-31": "733.87800", "2011-12-31": "719.54900", "2011-09-30": "689.23500", "2011-06-30": "666.14400", "2011-03-31": "696.86100", "2010-12-31": "650.71800", "2010-09-30": "619.36300", "2010-06-30": "578.00500", "2010-03-31": "540.37300", "2009-12-31": "532.17800", "2009-09-30": "518.47500", "2009-06-30": "504.86100", "2009-03-31": "503.28400", "2008-12-31": "529.02300", "2008-09-30": "559.25000", "2008-06-30": "520.96300", "2008-03-31": "506.75600", "2007-12-31": "545.21000", "2007-09-30": "521.47100", "2007-06-30": "473.52000", "2007-03-31": "471.55000", "2006-12-31": "477.09400", "2006-09-30": "439.07900", "2006-06-30": "431.10800", "2006-03-31": "392.65600", "2005-12-31": "362.30600", "2005-09-30": "347.35300", "2005-06-30": "328.72800", "2005-03-31": "389.72100"}, "Property, Plant, And Equipment": {"2020-12-31": "254.39900", "2020-09-30": "253.07300", "2020-06-30": "247.54800", "2020-03-31": "245.16600", "2019-12-31": "243.71700", "2019-09-30": "239.14000", "2019-06-30": "233.90000", "2019-03-31": "228.16400", "2018-12-31": "245.20100", "2018-09-30": "245.89800", "2018-06-30": "249.83400", "2018-03-31": "248.79900", "2017-12-31": "249.71500", "2017-09-30": "254.91800", "2017-06-30": "256.76100", "2017-03-31": "260.20800", "2016-12-31": "260.45600", "2016-09-30": "261.85900", "2016-06-30": "257.86800", "2016-03-31": "256.96100", "2015-12-31": "257.85300", "2015-09-30": "260.77500", "2015-06-30": "264.14600", "2015-03-31": "263.32200", "2014-12-31": "264.08600", "2014-09-30": "261.62200", "2014-06-30": "263.70900", "2014-03-31": "262.51800", "2013-12-31": "260.56800", "2013-09-30": "262.96600", "2013-06-30": "263.91500", "2013-03-31": "259.12300", "2012-12-31": "249.72100", "2012-09-30": "223.14400", "2012-06-30": "205.75400", "2012-03-31": "192.94400", "2011-12-31": "190.14800", "2011-09-30": "182.30000", "2011-06-30": "171.50600", "2011-03-31": "164.28800", "2010-12-31": "160.41000", "2010-09-30": "151.66700", "2010-06-30": "150.90500", "2010-03-31": "152.56700", "2009-12-31": "153.26500", "2009-09-30": "150.53200", "2009-06-30": "150.62000", "2009-03-31": "150.79300", "2008-12-31": "154.47700", "2008-09-30": "155.25100", "2008-06-30": "154.45500", "2008-03-31": "152.69400", "2007-12-31": "151.46200", "2007-09-30": "148.70200", "2007-06-30": "146.69700", "2007-03-31": "146.04600", "2006-12-31": "145.42500", "2006-09-30": "142.29000", "2006-06-30": "142.35500", "2006-03-31": "142.68000", "2005-12-31": "144.33000", "2005-09-30": "146.47900", "2005-06-30": "148.69800", "2005-03-31": "148.58900"}, "Long-Term Investments": {"2020-12-31": "", "2020-09-30": "", "2020-06-30": "", "2020-03-31": "", "2019-12-31": "", "2019-09-30": "", "2019-06-30": "", "2019-03-31": "", "2018-12-31": "", "2018-09-30": "", "2018-06-30": "", "2018-03-31": "", "2017-12-31": "", "2017-09-30": "", "2017-06-30": "", "2017-03-31": "", "2016-12-31": "", "2016-09-30": "", "2016-06-30": "", "2016-03-31": "", "2015-12-31": "", "2015-09-30": "", "2015-06-30": "", "2015-03-31": "", "2014-12-31": "", "2014-09-30": "", "2014-06-30": "", "2014-03-31": "", "2013-12-31": "", "2013-09-30": "", "2013-06-30": "", "2013-03-31": "", "2012-12-31": "", "2012-09-30": "", "2012-06-30": "", "2012-03-31": "", "2011-12-31": "", "2011-09-30": "", "2011-06-30": "", "2011-03-31": "", "2010-12-31": "", "2010-09-30": "", "2010-06-30": "", "2010-03-31": "", "2009-12-31": "", "2009-09-30": "1.90000", "2009-06-30": "10.50000", "2009-03-31": "10.50000", "2008-12-31": "10.50000", "2008-09-30": "10.15400", "2008-06-30": "10.08400", "2008-03-31": "8.47700", "2007-12-31": "", "2007-09-30": "", "2007-06-30": "", "2007-03-31": "", "2006-12-31": "", "2006-09-30": "", "2006-06-30": "", "2006-03-31": "", "2005-12-31": "", "2005-09-30": "", "2005-06-30": "", "2005-03-31": ""}, "Goodwill And Intangible Assets": {"2020-12-31": "640.26600", "2020-09-30": "670.16800", "2020-06-30": "324.12800", "2020-03-31": "329.49900", "2019-12-31": "346.32500", "2019-09-30": "350.59200", "2019-06-30": "361.59600", "2019-03-31": "366.45000", "2018-12-31": "375.31300", "2018-09-30": "379.18000", "2018-06-30": "385.06600", "2018-03-31": "395.86200", "2017-12-31": "390.07600", "2017-09-30": "387.77200", "2017-06-30": "381.73800", "2017-03-31": "367.71100", "2016-12-31": "361.86000", "2016-09-30": "371.53300", "2016-06-30": "368.46500", "2016-03-31": "373.00000", "2015-12-31": "365.91400", "2015-09-30": "252.01500", "2015-06-30": "243.97900", "2015-03-31": "242.39500", "2014-12-31": "222.60700", "2014-09-30": "228.17700", "2014-06-30": "232.83100", "2014-03-31": "230.02800", "2013-12-31": "228.83000", "2013-09-30": "231.74300", "2013-06-30": "234.89400", "2013-03-31": "235.90700", "2012-12-31": "241.17100", "2012-09-30": "204.83700", "2012-06-30": "209.64200", "2012-03-31": "212.01700", "2011-12-31": "214.61300", "2011-09-30": "221.49500", "2011-06-30": "225.98200", "2011-03-31": "122.69600", "2010-12-31": "123.09400", "2010-09-30": "121.93600", "2010-06-30": "121.70100", "2010-03-31": "117.66500", "2009-12-31": "108.16900", "2009-09-30": "109.94000", "2009-06-30": "111.32900", "2009-03-31": "106.85600", "2008-12-31": "106.47600", "2008-09-30": "109.48500", "2008-06-30": "112.57800", "2008-03-31": "109.79000", "2007-12-31": "94.46800", "2007-09-30": "96.17000", "2007-06-30": "97.07400", "2007-03-31": "96.17700", "2006-12-31": "93.40800", "2006-09-30": "94.40800", "2006-06-30": "94.51700", "2006-03-31": "93.84200", "2005-12-31": "96.13500", "2005-09-30": "88.36400", "2005-06-30": "84.19600", "2005-03-31": "52.35200"}, "Other Long-Term Assets": {"2020-12-31": "79.67000", "2020-09-30": "63.93000", "2020-06-30": "118.42400", "2020-03-31": "51.46100", "2019-12-31": "44.08200", "2019-09-30": "45.28900", "2019-06-30": "38.08800", "2019-03-31": "39.64400", "2018-12-31": "28.50100", "2018-09-30": "28.10600", "2018-06-30": "30.34900", "2018-03-31": "31.15500", "2017-12-31": "32.55300", "2017-09-30": "32.87800", "2017-06-30": "28.70000", "2017-03-31": "33.47100", "2016-12-31": "39.60100", "2016-09-30": "28.72900", "2016-06-30": "26.30200", "2016-03-31": "32.82600", "2015-12-31": "30.34900", "2015-09-30": "21.48700", "2015-06-30": "21.39700", "2015-03-31": "21.12000", "2014-12-31": "20.97800", "2014-09-30": "24.59200", "2014-06-30": "23.42400", "2014-03-31": "24.17300", "2013-12-31": "25.55800", "2013-09-30": "28.26900", "2013-06-30": "25.30300", "2013-03-31": "28.35800", "2012-12-31": "26.17700", "2012-09-30": "33.49100", "2012-06-30": "34.58400", "2012-03-31": "31.91600", "2011-12-31": "29.98400", "2011-09-30": "22.64900", "2011-06-30": "25.93800", "2011-03-31": "27.58400", "2010-12-31": "25.46000", "2010-09-30": "19.26900", "2010-06-30": "17.55900", "2010-03-31": "19.64700", "2009-12-31": "19.41700", "2009-09-30": "35.68400", "2009-06-30": "32.02800", "2009-03-31": "35.21500", "2008-12-31": "32.11500", "2008-09-30": "28.16800", "2008-06-30": "30.19700", "2008-03-31": "28.57800", "2007-12-31": "27.67200", "2007-09-30": "7.04700", "2007-06-30": "6.60500", "2007-03-31": "5.93300", "2006-12-31": "5.29300", "2006-09-30": "5.09100", "2006-06-30": "5.03000", "2006-03-31": "5.77800", "2005-12-31": "5.56500", "2005-09-30": "", "2005-06-30": "", "2005-03-31": ""}, "Total Long-Term Assets": {"2020-12-31": "1042.00900", "2020-09-30": "1056.56600", "2020-06-30": "753.99510", "2020-03-31": "692.37100", "2019-12-31": "704.53100", "2019-09-30": "698.78700", "2019-06-30": "704.38300", "2019-03-31": "705.11900", "2018-12-31": "649.01500", "2018-09-30": "653.18400", "2018-06-30": "665.24900", "2018-03-31": "675.81600", "2017-12-31": "672.34400", "2017-09-30": "675.56800", "2017-06-30": "667.19900", "2017-03-31": "661.39000", "2016-12-31": "661.91710", "2016-09-30": "662.12100", "2016-06-30": "652.63500", "2016-03-31": "662.78700", "2015-12-31": "654.11600", "2015-09-30": "534.27700", "2015-06-30": "529.52200", "2015-03-31": "526.83700", "2014-12-31": "507.67100", "2014-09-30": "514.39100", "2014-06-30": "519.96400", "2014-03-31": "516.71900", "2013-12-31": "514.95600", "2013-09-30": "522.97800", "2013-06-30": "524.11200", "2013-03-31": "523.38800", "2012-12-31": "517.06900", "2012-09-30": "461.47200", "2012-06-30": "449.98000", "2012-03-31": "436.87700", "2011-12-31": "434.74500", "2011-09-30": "426.44400", "2011-06-30": "423.42600", "2011-03-31": "314.56800", "2010-12-31": "308.96400", "2010-09-30": "292.87200", "2010-06-30": "290.16500", "2010-03-31": "289.87900", "2009-12-31": "280.85100", "2009-09-30": "298.05600", "2009-06-30": "304.47700", "2009-03-31": "303.36400", "2008-12-31": "303.56800", "2008-09-30": "303.05800", "2008-06-30": "307.31400", "2008-03-31": "299.53900", "2007-12-31": "273.60200", "2007-09-30": "251.91900", "2007-06-30": "250.37600", "2007-03-31": "248.15600", "2006-12-31": "244.12600", "2006-09-30": "241.78900", "2006-06-30": "241.90200", "2006-03-31": "242.30000", "2005-12-31": "246.03000", "2005-09-30": "234.84300", "2005-06-30": "232.89400", "2005-03-31": "200.94100"}, "Total Assets": {"2020-12-31": "1891.51500", "2020-09-30": "1843.87200", "2020-06-30": "1849.81500", "2020-03-31": "1762.86500", "2019-12-31": "1651.88900", "2019-09-30": "1628.32100", "2019-06-30": "1639.47300", "2019-03-31": "1671.33800", "2018-12-31": "1671.23500", "2018-09-30": "1629.92000", "2018-06-30": "1593.73900", "2018-03-31": "1591.60500", "2017-12-31": "1566.43400", "2017-09-30": "1531.12800", "2017-06-30": "1505.31400", "2017-03-31": "1491.92300", "2016-12-31": "1496.56400", "2016-09-30": "1472.89300", "2016-06-30": "1473.28900", "2016-03-31": "1456.28000", "2015-12-31": "1453.85600", "2015-09-30": "1413.30700", "2015-06-30": "1456.20200", "2015-03-31": "1443.05900", "2014-12-31": "1455.49100", "2014-09-30": "1420.89300", "2014-06-30": "1405.13200", "2014-03-31": "1365.67800", "2013-12-31": "1343.55100", "2013-09-30": "1321.59500", "2013-06-30": "1304.21900", "2013-03-31": "1298.23000", "2012-12-31": "1284.76900", "2012-09-30": "1234.24400", "2012-06-30": "1213.63100", "2012-03-31": "1170.75500", "2011-12-31": "1154.29400", "2011-09-30": "1115.67900", "2011-06-30": "1089.57000", "2011-03-31": "1011.42900", "2010-12-31": "959.68200", "2010-09-30": "912.23500", "2010-06-30": "868.17000", "2010-03-31": "830.25200", "2009-12-31": "813.02900", "2009-09-30": "816.53100", "2009-06-30": "809.33800", "2009-03-31": "806.64800", "2008-12-31": "832.59100", "2008-09-30": "862.30800", "2008-06-30": "828.27700", "2008-03-31": "806.29500", "2007-12-31": "818.81200", "2007-09-30": "773.39000", "2007-06-30": "723.89600", "2007-03-31": "719.70600", "2006-12-31": "721.22000", "2006-09-30": "680.86800", "2006-06-30": "673.01000", "2006-03-31": "634.95600", "2005-12-31": "608.33600", "2005-09-30": "582.19600", "2005-06-30": "561.62200", "2005-03-31": "590.66200"}, "Total Current Liabilities": {"2020-12-31": "381.85100", "2020-09-30": "330.79300", "2020-06-30": "334.84100", "2020-03-31": "313.73600", "2019-12-31": "306.12300", "2019-09-30": "293.09100", "2019-06-30": "285.28300", "2019-03-31": "287.95600", "2018-12-31": "282.98400", "2018-09-30": "276.06300", "2018-06-30": "268.22800", "2018-03-31": "275.96900", "2017-12-31": "269.25500", "2017-09-30": "265.41000", "2017-06-30": "255.18200", "2017-03-31": "263.52900", "2016-12-31": "260.07500", "2016-09-30": "255.85300", "2016-06-30": "254.24000", "2016-03-31": "255.08500", "2015-12-31": "240.21500", "2015-09-30": "235.93100", "2015-06-30": "243.80000", "2015-03-31": "235.14600", "2014-12-31": "247.65700", "2014-09-30": "249.48800", "2014-06-30": "250.48100", "2014-03-31": "233.11800", "2013-12-31": "225.35500", "2013-09-30": "231.20800", "2013-06-30": "233.93700", "2013-03-31": "241.84800", "2012-12-31": "244.95600", "2012-09-30": "225.37700", "2012-06-30": "218.73000", "2012-03-31": "216.39900", "2011-12-31": "212.90500", "2011-09-30": "218.83700", "2011-06-30": "190.41600", "2011-03-31": "166.24000", "2010-12-31": "166.31200", "2010-09-30": "169.65700", "2010-06-30": "149.85400", "2010-03-31": "132.81200", "2009-12-31": "118.41900", "2009-09-30": "115.23200", "2009-06-30": "114.64500", "2009-03-31": "113.06900", "2008-12-31": "130.73100", "2008-09-30": "138.51100", "2008-06-30": "134.32200", "2008-03-31": "132.91300", "2007-12-31": "125.33600", "2007-09-30": "122.96300", "2007-06-30": "104.74800", "2007-03-31": "94.98200", "2006-12-31": "97.36100", "2006-09-30": "101.74300", "2006-06-30": "101.37600", "2006-03-31": "89.22900", "2005-12-31": "87.62000", "2005-09-30": "84.71300", "2005-06-30": "78.92400", "2005-03-31": "81.67700"}, "Long Term Debt": {"2020-12-31": "92.03600", "2020-09-30": "84.28900", "2020-06-30": "85.02000", "2020-03-31": "", "2019-12-31": "", "2019-09-30": "", "2019-06-30": "", "2019-03-31": "", "2018-12-31": "", "2018-09-30": "", "2018-06-30": "", "2018-03-31": "", "2017-12-31": "", "2017-09-30": "15.00000", "2017-06-30": "25.00000", "2017-03-31": "25.00000", "2016-12-31": "25.00000", "2016-09-30": "25.00000", "2016-06-30": "40.00000", "2016-03-31": "25.00000", "2015-12-31": "37.00000", "2015-09-30": "25.00000", "2015-06-30": "", "2015-03-31": "", "2014-12-31": "", "2014-09-30": "", "2014-06-30": "", "2014-03-31": "", "2013-12-31": "", "2013-09-30": "", "2013-06-30": "", "2013-03-31": "", "2012-12-31": "", "2012-09-30": "", "2012-06-30": "", "2012-03-31": "", "2011-12-31": "", "2011-09-30": "", "2011-06-30": "", "2011-03-31": "", "2010-12-31": "", "2010-09-30": "", "2010-06-30": "", "2010-03-31": "", "2009-12-31": "", "2009-09-30": "", "2009-06-30": "", "2009-03-31": "", "2008-12-31": "", "2008-09-30": "", "2008-06-30": "", "2008-03-31": "", "2007-12-31": "", "2007-09-30": "", "2007-06-30": "", "2007-03-31": "", "2006-12-31": "", "2006-09-30": "", "2006-06-30": "", "2006-03-31": "", "2005-12-31": "", "2005-09-30": "", "2005-06-30": "", "2005-03-31": ""}, "Other Non-Current Liabilities": {"2020-12-31": "95.28000", "2020-09-30": "76.10100", "2020-06-30": "76.93400", "2020-03-31": "87.25500", "2019-12-31": "81.22100", "2019-09-30": "82.08800", "2019-06-30": "80.28100", "2019-03-31": "87.31400", "2018-12-31": "91.80000", "2018-09-30": "88.54800", "2018-06-30": "90.90200", "2018-03-31": "102.13500", "2017-12-31": "101.80700", "2017-09-30": "18.44000", "2017-06-30": "19.85800", "2017-03-31": "19.86400", "2016-12-31": "22.13200", "2016-09-30": "18.69400", "2016-06-30": "22.04100", "2016-03-31": "21.02100", "2015-12-31": "22.53900", "2015-09-30": "22.25300", "2015-06-30": "20.30600", "2015-03-31": "20.34400", "2014-12-31": "16.48000", "2014-09-30": "17.42400", "2014-06-30": "30.94900", "2014-03-31": "30.26400", "2013-12-31": "29.10300", "2013-09-30": "32.85400", "2013-06-30": "30.92300", "2013-03-31": "32.21300", "2012-12-31": "32.60900", "2012-09-30": "27.66600", "2012-06-30": "36.95700", "2012-03-31": "35.98400", "2011-12-31": "36.17700", "2011-09-30": "33.63100", "2011-06-30": "35.21700", "2011-03-31": "21.11000", "2010-12-31": "19.34800", "2010-09-30": "16.83300", "2010-06-30": "17.64000", "2010-03-31": "15.18500", "2009-12-31": "15.17800", "2009-09-30": "12.27400", "2009-06-30": "12.78400", "2009-03-31": "12.38000", "2008-12-31": "12.26500", "2008-09-30": "11.50000", "2008-06-30": "12.08700", "2008-03-31": "11.47100", "2007-12-31": "11.16900", "2007-09-30": "9.31400", "2007-06-30": "8.39500", "2007-03-31": "7.48700", "2006-12-31": "6.80100", "2006-09-30": "", "2006-06-30": "", "2006-03-31": "", "2005-12-31": "", "2005-09-30": "", "2005-06-30": "", "2005-03-31": ""}, "Total Long Term Liabilities": {"2020-12-31": "284.79200", "2020-09-30": "273.88100", "2020-06-30": "245.33500", "2020-03-31": "169.01200", "2019-12-31": "169.41600", "2019-09-30": "173.06900", "2019-06-30": "179.61600", "2019-03-31": "182.12900", "2018-12-31": "149.89300", "2018-09-30": "156.94800", "2018-06-30": "159.83300", "2018-03-31": "165.93000", "2017-12-31": "169.15800", "2017-09-30": "101.91900", "2017-06-30": "112.08400", "2017-03-31": "112.62400", "2016-12-31": "122.27000", "2016-09-30": "109.62900", "2016-06-30": "127.85800", "2016-03-31": "112.73300", "2015-12-31": "131.92000", "2015-09-30": "117.77300", "2015-06-30": "92.77600", "2015-03-31": "92.96500", "2014-12-31": "90.33800", "2014-09-30": "84.11700", "2014-06-30": "96.75800", "2014-03-31": "94.81900", "2013-12-31": "95.11200", "2013-09-30": "99.20900", "2013-06-30": "98.52300", "2013-03-31": "98.62100", "2012-12-31": "100.68500", "2012-09-30": "90.58100", "2012-06-30": "98.57300", "2012-03-31": "79.04200", "2011-12-31": "89.37800", "2011-09-30": "70.04400", "2011-06-30": "72.69300", "2011-03-31": "50.80700", "2010-12-31": "48.82500", "2010-09-30": "41.55800", "2010-06-30": "42.34000", "2010-03-31": "40.27300", "2009-12-31": "40.19000", "2009-09-30": "35.87300", "2009-06-30": "37.27200", "2009-03-31": "37.80200", "2008-12-31": "37.42200", "2008-09-30": "35.52200", "2008-06-30": "34.33600", "2008-03-31": "33.74400", "2007-12-31": "32.39000", "2007-09-30": "29.78700", "2007-06-30": "28.86800", "2007-03-31": "27.96000", "2006-12-31": "27.27300", "2006-09-30": "16.86600", "2006-06-30": "16.86600", "2006-03-31": "16.86600", "2005-12-31": "16.86600", "2005-09-30": "13.29700", "2005-06-30": "13.29700", "2005-03-31": "13.34300"}, "Total Liabilities": {"2020-12-31": "666.64300", "2020-09-30": "604.67400", "2020-06-30": "580.17600", "2020-03-31": "482.74800", "2019-12-31": "475.53900", "2019-09-30": "466.16000", "2019-06-30": "464.89900", "2019-03-31": "470.08500", "2018-12-31": "432.87700", "2018-09-30": "433.01100", "2018-06-30": "428.06100", "2018-03-31": "441.89900", "2017-12-31": "438.41300", "2017-09-30": "367.32900", "2017-06-30": "367.26600", "2017-03-31": "376.15300", "2016-12-31": "382.34500", "2016-09-30": "365.48200", "2016-06-30": "382.09800", "2016-03-31": "367.81800", "2015-12-31": "372.13500", "2015-09-30": "353.70400", "2015-06-30": "336.57600", "2015-03-31": "328.11100", "2014-12-31": "337.99500", "2014-09-30": "333.60500", "2014-06-30": "347.23900", "2014-03-31": "327.93700", "2013-12-31": "320.46700", "2013-09-30": "330.41700", "2013-06-30": "332.46000", "2013-03-31": "340.46900", "2012-12-31": "345.64100", "2012-09-30": "315.95800", "2012-06-30": "317.30300", "2012-03-31": "295.44100", "2011-12-31": "302.28300", "2011-09-30": "288.88100", "2011-06-30": "263.10900", "2011-03-31": "217.04700", "2010-12-31": "215.13700", "2010-09-30": "211.21500", "2010-06-30": "192.19400", "2010-03-31": "173.08500", "2009-12-31": "158.60900", "2009-09-30": "151.10500", "2009-06-30": "151.91700", "2009-03-31": "150.87100", "2008-12-31": "168.15300", "2008-09-30": "174.03300", "2008-06-30": "168.65800", "2008-03-31": "166.65700", "2007-12-31": "157.72600", "2007-09-30": "152.75000", "2007-06-30": "133.61600", "2007-03-31": "122.94200", "2006-12-31": "124.63400", "2006-09-30": "118.60900", "2006-06-30": "118.24200", "2006-03-31": "106.09500", "2005-12-31": "104.48600", "2005-09-30": "98.01000", "2005-06-30": "92.22100", "2005-03-31": "95.02000"}, "Common Stock Net": {"2020-12-31": "1.31200", "2020-09-30": "1.31200", "2020-06-30": "1.31400", "2020-03-31": "1.30600", "2019-12-31": "1.30500", "2019-09-30": "1.31100", "2019-06-30": "1.31900", "2019-03-31": "1.31900", "2018-12-31": "1.32700", "2018-09-30": "1.32400", "2018-06-30": "1.32200", "2018-03-31": "1.31200", "2017-12-31": "1.31000", "2017-09-30": "1.30700", "2017-06-30": "1.30500", "2017-03-31": "1.29600", "2016-12-31": "1.29200", "2016-09-30": "1.28900", "2016-06-30": "1.28600", "2016-03-31": "1.27700", "2015-12-31": "1.27500", "2015-09-30": "1.26900", "2015-06-30": "1.28900", "2015-03-31": "1.28100", "2014-12-31": "1.27800", "2014-09-30": "1.27600", "2014-06-30": "1.27300", "2014-03-31": "1.26100", "2013-12-31": "1.25700", "2013-09-30": "1.25200", "2013-06-30": "1.24800", "2013-03-31": "1.23500", "2012-12-31": "1.22900", "2012-09-30": "1.22500", "2012-06-30": "1.22200", "2012-03-31": "1.21000", "2011-12-31": "1.20700", "2011-09-30": "1.20400", "2011-06-30": "1.20100", "2011-03-31": "1.19000", "2010-12-31": "1.17900", "2010-09-30": "0.78000", "2010-06-30": "0.78200", "2010-03-31": "0.77300", "2009-12-31": "0.77400", "2009-09-30": "0.77700", "2009-06-30": "0.77500", "2009-03-31": "0.77200", "2008-12-31": "0.77200", "2008-09-30": "0.79000", "2008-06-30": "0.78500", "2008-03-31": "0.78100", "2007-12-31": "0.79400", "2007-09-30": "0.79400", "2007-06-30": "0.79000", "2007-03-31": "0.79600", "2006-12-31": "0.79900", "2006-09-30": "0.79400", "2006-06-30": "0.79700", "2006-03-31": "0.79200", "2005-12-31": "0.79300", "2005-09-30": "0.78200", "2005-06-30": "0.77900", "2005-03-31": "0.79300"}, "Retained Earnings (Accumulated Deficit)": {"2020-12-31": "211.10100", "2020-09-30": "247.97000", "2020-06-30": "299.13200", "2020-03-31": "335.87600", "2019-12-31": "242.53700", "2019-09-30": "245.46500", "2019-06-30": "264.48400", "2019-03-31": "307.15300", "2018-12-31": "356.41800", "2018-09-30": "329.34200", "2018-06-30": "316.60700", "2018-03-31": "315.95100", "2017-12-31": "313.24100", "2017-09-30": "365.02100", "2017-06-30": "359.08800", "2017-03-31": "361.32700", "2016-12-31": "376.20200", "2016-09-30": "372.89300", "2016-06-30": "374.19000", "2016-03-31": "380.89600", "2015-12-31": "400.83100", "2015-09-30": "395.15400", "2015-06-30": "449.02300", "2015-03-31": "455.65100", "2014-12-31": "464.99300", "2014-09-30": "440.78500", "2014-06-30": "420.21600", "2014-03-31": "414.76500", "2013-12-31": "414.94700", "2013-09-30": "400.79800", "2013-06-30": "402.59700", "2013-03-31": "405.62200", "2012-12-31": "404.21000", "2012-09-30": "400.69400", "2012-06-30": "393.50200", "2012-03-31": "384.14700", "2011-12-31": "382.47400", "2011-09-30": "370.21100", "2011-06-30": "369.51200", "2011-03-31": "354.95600", "2010-12-31": "336.36300", "2010-09-30": "308.53500", "2010-06-30": "299.87100", "2010-03-31": "285.42200", "2009-12-31": "303.65500", "2009-09-30": "324.78500", "2009-06-30": "599.68100", "2009-03-31": "604.58300", "2008-12-31": "352.83100", "2008-09-30": "602.87200", "2008-06-30": "588.39800", "2008-03-31": "572.31700", "2007-12-31": "563.41800", "2007-09-30": "525.68600", "2007-06-30": "512.07300", "2007-03-31": "496.89400", "2006-12-31": "483.43700", "2006-09-30": "463.86600", "2006-06-30": "449.99200", "2006-03-31": "437.75400", "2005-12-31": "429.85900", "2005-09-30": "412.85900", "2005-06-30": "402.39600", "2005-03-31": "391.29600"}, "Comprehensive Income": {"2020-12-31": "-20.82600", "2020-09-30": "-22.74000", "2020-06-30": "-23.86500", "2020-03-31": "-30.41900", "2019-12-31": "-21.07000", "2019-09-30": "-23.73600", "2019-06-30": "-16.03000", "2019-03-31": "-17.82100", "2018-12-31": "-16.93100", "2018-09-30": "-15.17400", "2018-06-30": "-16.56500", "2018-03-31": "-14.30000", "2017-12-31": "-16.50900", "2017-09-30": "-18.68100", "2017-06-30": "-23.11900", "2017-03-31": "-32.51900", "2016-12-31": "-34.62100", "2016-09-30": "-25.18200", "2016-06-30": "-29.08500", "2016-03-31": "-24.68100", "2015-12-31": "-38.09000", "2015-09-30": "-31.63700", "2015-06-30": "-23.79300", "2015-03-31": "-22.21200", "2014-12-31": "-11.66400", "2014-09-30": "-4.56700", "2014-06-30": "0.76400", "2014-03-31": "0.50400", "2013-12-31": "2.55000", "2013-09-30": "2.72200", "2013-06-30": "-0.51200", "2013-03-31": "-1.60600", "2012-12-31": "0.84400", "2012-09-30": "0.39400", "2012-06-30": "-0.28100", "2012-03-31": "3.96800", "2011-12-31": "-3.50000", "2011-09-30": "-4.10300", "2011-06-30": "8.34100", "2011-03-31": "6.51000", "2010-12-31": "-0.71000", "2010-09-30": "3.20300", "2010-06-30": "-4.14500", "2010-03-31": "8.11500", "2009-12-31": "13.54500", "2009-09-30": "11.66800", "2009-06-30": "11.00100", "2009-03-31": "7.45000", "2008-12-31": "10.48300", "2008-09-30": "9.38200", "2008-06-30": "10.19000", "2008-03-31": "10.30600", "2007-12-31": "7.06500", "2007-09-30": "7.42600", "2007-06-30": "4.00000", "2007-03-31": "2.85600", "2006-12-31": "2.49900", "2006-09-30": "1.46600", "2006-06-30": "1.25000", "2006-03-31": "-1.01300", "2005-12-31": "-1.68500", "2005-09-30": "-0.86900", "2005-06-30": "-1.32000", "2005-03-31": "0.90100"}, "Other Share Holders Equity": {"2020-12-31": "", "2020-09-30": "", "2020-06-30": "", "2020-03-31": "", "2019-12-31": "", "2019-09-30": "", "2019-06-30": "", "2019-03-31": "", "2018-12-31": "", "2018-09-30": "", "2018-06-30": "", "2018-03-31": "", "2017-12-31": "", "2017-09-30": "", "2017-06-30": "", "2017-03-31": "", "2016-12-31": "", "2016-09-30": "", "2016-06-30": "", "2016-03-31": "", "2015-12-31": "", "2015-09-30": "", "2015-06-30": "", "2015-03-31": "", "2014-12-31": "", "2014-09-30": "", "2014-06-30": "", "2014-03-31": "", "2013-12-31": "", "2013-09-30": "", "2013-06-30": "", "2013-03-31": "", "2012-12-31": "", "2012-09-30": "", "2012-06-30": "", "2012-03-31": "", "2011-12-31": "", "2011-09-30": "", "2011-06-30": "", "2011-03-31": "", "2010-12-31": "", "2010-09-30": "", "2010-06-30": "", "2010-03-31": "", "2009-12-31": "", "2009-09-30": "", "2009-06-30": "", "2009-03-31": "", "2008-12-31": "", "2008-09-30": "", "2008-06-30": "", "2008-03-31": "", "2007-12-31": "", "2007-09-30": "", "2007-06-30": "", "2007-03-31": "", "2006-12-31": "", "2006-09-30": "", "2006-06-30": "", "2006-03-31": "", "2005-12-31": "", "2005-09-30": "", "2005-06-30": "", "2005-03-31": ""}, "Share Holder Equity": {"2020-12-31": "1224.87200", "2020-09-30": "1239.19800", "2020-06-30": "1269.63900", "2020-03-31": "1280.11700", "2019-12-31": "1176.35000", "2019-09-30": "1162.16100", "2019-06-30": "1174.57400", "2019-03-31": "1201.25300", "2018-12-31": "1238.35800", "2018-09-30": "1196.90900", "2018-06-30": "1165.67800", "2018-03-31": "1149.70600", "2017-12-31": "1128.02100", "2017-09-30": "1163.79900", "2017-06-30": "1138.04800", "2017-03-31": "1115.77000", "2016-12-31": "1114.21900", "2016-09-30": "1107.41100", "2016-06-30": "1091.19100", "2016-03-31": "1088.46200", "2015-12-31": "1081.72100", "2015-09-30": "1059.60300", "2015-06-30": "1119.62600", "2015-03-31": "1114.94800", "2014-12-31": "1117.49600", "2014-09-30": "1087.28800", "2014-06-30": "1057.89300", "2014-03-31": "1037.74100", "2013-12-31": "1023.08400", "2013-09-30": "991.17800", "2013-06-30": "971.75900", "2013-03-31": "957.76100", "2012-12-31": "939.12800", "2012-09-30": "918.28600", "2012-06-30": "896.32800", "2012-03-31": "875.31400", "2011-12-31": "852.01100", "2011-09-30": "826.79800", "2011-06-30": "826.46100", "2011-03-31": "794.38200", "2010-12-31": "744.54500", "2010-09-30": "701.02000", "2010-06-30": "675.97600", "2010-03-31": "657.16700", "2009-12-31": "654.42000", "2009-09-30": "665.42600", "2009-06-30": "657.42100", "2009-03-31": "655.77700", "2008-12-31": "664.43800", "2008-09-30": "688.27500", "2008-06-30": "659.61900", "2008-03-31": "639.63800", "2007-12-31": "661.08600", "2007-09-30": "620.64000", "2007-06-30": "590.28000", "2007-03-31": "596.76400", "2006-12-31": "596.58600", "2006-09-30": "562.25900", "2006-06-30": "554.76800", "2006-03-31": "528.86100", "2005-12-31": "503.85000", "2005-09-30": "484.18600", "2005-06-30": "469.40100", "2005-03-31": "495.64200"}, "Total Liabilities And Share Holders Equity": {"2020-12-31": "1891.51500", "2020-09-30": "1843.87200", "2020-06-30": "1849.81500", "2020-03-31": "1762.86500", "2019-12-31": "1651.88900", "2019-09-30": "1628.32100", "2019-06-30": "1639.47300", "2019-03-31": "1671.33800", "2018-12-31": "1671.23500", "2018-09-30": "1629.92000", "2018-06-30": "1593.73900", "2018-03-31": "1591.60500", "2017-12-31": "1566.43400", "2017-09-30": "1531.12800", "2017-06-30": "1505.31400", "2017-03-31": "1491.92300", "2016-12-31": "1496.56400", "2016-09-30": "1472.89300", "2016-06-30": "1473.28900", "2016-03-31": "1456.28000", "2015-12-31": "1453.85600", "2015-09-30": "1413.30700", "2015-06-30": "1456.20200", "2015-03-31": "1443.05900", "2014-12-31": "1455.49100", "2014-09-30": "1420.89300", "2014-06-30": "1405.13200", "2014-03-31": "1365.67800", "2013-12-31": "1343.55100", "2013-09-30": "1321.59500", "2013-06-30": "1304.21900", "2013-03-31": "1298.23000", "2012-12-31": "1284.76900", "2012-09-30": "1234.24400", "2012-06-30": "1213.63100", "2012-03-31": "1170.75500", "2011-12-31": "1154.29400", "2011-09-30": "1115.67900", "2011-06-30": "1089.57000", "2011-03-31": "1011.42900", "2010-12-31": "959.68200", "2010-09-30": "912.23500", "2010-06-30": "868.17000", "2010-03-31": "830.25200", "2009-12-31": "813.02900", "2009-09-30": "816.53100", "2009-06-30": "809.33800", "2009-03-31": "806.64800", "2008-12-31": "832.59100", "2008-09-30": "862.30800", "2008-06-30": "828.27700", "2008-03-31": "806.29500", "2007-12-31": "818.81200", "2007-09-30": "773.39000", "2007-06-30": "723.89600", "2007-03-31": "719.70600", "2006-12-31": "721.22000", "2006-09-30": "680.86800", "2006-06-30": "673.01000", "2006-03-31": "634.95600", "2005-12-31": "608.33600", "2005-09-30": "582.19600", "2005-06-30": "561.62200", "2005-03-31": "590.66200"}}, "cash flow statement": {"Net Income/Loss": {"2020-12-31": "143.65900", "2019-12-31": "162.15100", "2018-12-31": "155.05700", "2017-12-31": "52.41100", "2016-12-31": "82.73400", "2015-12-31": "95.26200", "2014-12-31": "126.33300", "2013-12-31": "80.51300", "2012-12-31": "90.13700", "2011-12-31": "94.07200", "2010-12-31": "109.11600", "2009-12-31": "17.08500", "2008-12-31": "84.82700", "2007-12-31": "107.03300", "2006-12-31": "72.70800", "2005-12-31": "61.51700"}, "Total Depreciation And Amortization - Cash Flow": {"2020-12-31": "87.06400", "2019-12-31": "73.54100", "2018-12-31": "70.66700", "2017-12-31": "72.69500", "2016-12-31": "73.39000", "2015-12-31": "73.32900", "2014-12-31": "70.20600", "2013-12-31": "67.97400", "2012-12-31": "58.68600", "2011-12-31": "49.89700", "2010-12-31": "37.87200", "2009-12-31": "38.36500", "2008-12-31": "37.10300", "2007-12-31": "36.60500", "2006-12-31": "34.18100", "2005-12-31": "28.55300"}, "Other Non-Cash Items": {"2020-12-31": "-94.28800", "2019-12-31": "11.91600", "2018-12-31": "25.87800", "2017-12-31": "23.37100", "2016-12-31": "21.98700", "2015-12-31": "36.50800", "2014-12-31": "21.27700", "2013-12-31": "22.23200", "2012-12-31": "27.45100", "2011-12-31": "9.48700", "2010-12-31": "22.36700", "2009-12-31": "38.94500", "2008-12-31": "14.16600", "2007-12-31": "-2.16400", "2006-12-31": "9.22400", "2005-12-31": "5.43900"}, "Total Non-Cash Items": {"2020-12-31": "-7.22400", "2019-12-31": "85.45700", "2018-12-31": "96.54500", "2017-12-31": "96.06600", "2016-12-31": "95.37700", "2015-12-31": "109.83700", "2014-12-31": "91.48300", "2013-12-31": "90.20600", "2012-12-31": "86.13700", "2011-12-31": "59.38400", "2010-12-31": "60.23900", "2009-12-31": "77.31000", "2008-12-31": "51.26900", "2007-12-31": "34.44100", "2006-12-31": "43.40500", "2005-12-31": "33.99200"}, "Change In Accounts Receivable": {"2020-12-31": "", "2019-12-31": "-7.19300", "2018-12-31": "8.44600", "2017-12-31": "-15.26900", "2016-12-31": "-14.13100", "2015-12-31": "-10.70900", "2014-12-31": "-21.64900", "2013-12-31": "6.82000", "2012-12-31": "-26.00700", "2011-12-31": "-21.95700", "2010-12-31": "-22.92300", "2009-12-31": "17.59100", "2008-12-31": "12.15900", "2007-12-31": "-14.04700", "2006-12-31": "-21.50200", "2005-12-31": "-4.08000"}, "Change In Inventories": {"2020-12-31": "", "2019-12-31": "-6.77300", "2018-12-31": "-10.64200", "2017-12-31": "10.15400", "2016-12-31": "-9.20500", "2015-12-31": "-9.34200", "2014-12-31": "-0.94300", "2013-12-31": "-1.56300", "2012-12-31": "-36.15400", "2011-12-31": "-11.81700", "2010-12-31": "-30.93000", "2009-12-31": "20.84300", "2008-12-31": "-24.57800", "2007-12-31": "-5.53700", "2006-12-31": "-14.31100", "2005-12-31": "-4.57200"}, "Change In Accounts Payable": {"2020-12-31": "", "2019-12-31": "4.03400", "2018-12-31": "-3.97600", "2017-12-31": "1.58400", "2016-12-31": "-2.50600", "2015-12-31": "-9.82800", "2014-12-31": "1.98900", "2013-12-31": "-8.60400", "2012-12-31": "23.41900", "2011-12-31": "5.57300", "2010-12-31": "9.63000", "2009-12-31": "-7.37400", "2008-12-31": "-5.64800", "2007-12-31": "4.18600", "2006-12-31": "1.16900", "2005-12-31": "4.64700"}, "Change In Assets/Liabilities": {"2020-12-31": "44.33200", "2019-12-31": "-2.34700", "2018-12-31": "31.68900", "2017-12-31": "3.76200", "2016-12-31": "26.28500", "2015-12-31": "-4.61800", "2014-12-31": "-1.95400", "2013-12-31": "4.57900", "2012-12-31": "14.01300", "2011-12-31": "15.60300", "2010-12-31": "-6.00300", "2009-12-31": "24.46800", "2008-12-31": "-0.91700", "2007-12-31": "1.55300", "2006-12-31": "7.49500", "2005-12-31": "1.67000"}, "Total Change In Assets/Liabilities": {"2020-12-31": "44.33200", "2019-12-31": "-23.20300", "2018-12-31": "22.97800", "2017-12-31": "75.96500", "2016-12-31": "22.08800", "2015-12-31": "-36.03400", "2014-12-31": "-22.70600", "2013-12-31": "-1.24000", "2012-12-31": "-43.75800", "2011-12-31": "16.44300", "2010-12-31": "-24.29700", "2009-12-31": "41.25600", "2008-12-31": "-14.27800", "2007-12-31": "5.89800", "2006-12-31": "-18.22200", "2005-12-31": "-7.45900"}, "Cash Flow From Operating Activities": {"2020-12-31": "180.76700", "2019-12-31": "224.40500", "2018-12-31": "274.58000", "2017-12-31": "224.44200", "2016-12-31": "200.19900", "2015-12-31": "169.06500", "2014-12-31": "195.11000", "2013-12-31": "169.47900", "2012-12-31": "132.51600", "2011-12-31": "169.89900", "2010-12-31": "145.05800", "2009-12-31": "135.65100", "2008-12-31": "121.81800", "2007-12-31": "147.37200", "2006-12-31": "97.89100", "2005-12-31": "88.05000"}, "Net Change In Property, Plant, And Equipment": {"2020-12-31": "106.56000", "2019-12-31": "-37.43000", "2018-12-31": "-48.86700", "2017-12-31": "-71.91800", "2016-12-31": "-76.28400", "2015-12-31": "-65.34300", "2014-12-31": "-70.72500", "2013-12-31": "-62.67900", "2012-12-31": "-100.79400", "2011-12-31": "-66.89500", "2010-12-31": "-44.15600", "2009-12-31": "-33.43000", "2008-12-31": "-35.25800", "2007-12-31": "-33.12700", "2006-12-31": "-25.87300", "2005-12-31": "-28.76300"}, "Net Change In Intangible Assets": {"2020-12-31": "-1.44100", "2019-12-31": "-1.20900", "2018-12-31": "-5.39900", "2017-12-31": "-2.38400", "2016-12-31": "-2.34200", "2015-12-31": "-2.81100", "2014-12-31": "-2.83400", "2013-12-31": "-5.18200", "2012-12-31": "-1.89000", "2011-12-31": "-5.03500", "2010-12-31": "-4.15100", "2009-12-31": "-4.60200", "2008-12-31": "-3.01000", "2007-12-31": "-6.44700", "2006-12-31": "-3.11500", "2005-12-31": "-4.28800"}, "Net Acquisitions/Divestitures": {"2020-12-31": "-334.98100", "2019-12-31": "", "2018-12-31": "-5.53400", "2017-12-31": "", "2016-12-31": "-0.54900", "2015-12-31": "-125.61200", "2014-12-31": "", "2013-12-31": "", "2012-12-31": "-25.48100", "2011-12-31": "-73.55800", "2010-12-31": "-4.21800", "2009-12-31": "", "2008-12-31": "-17.31000", "2007-12-31": "", "2006-12-31": "", "2005-12-31": "-63.89100"}, "Net Change In Short-term Investments": {"2020-12-31": "168.56100", "2019-12-31": "20.69100", "2018-12-31": "-150.19600", "2017-12-31": "-48.10800", "2016-12-31": "8.67200", "2015-12-31": "115.37400", "2014-12-31": "-34.01400", "2013-12-31": "10.01700", "2012-12-31": "50.33800", "2011-12-31": "-91.34500", "2010-12-31": "-44.01900", "2009-12-31": "-73.88300", "2008-12-31": "77.11800", "2007-12-31": "56.35200", "2006-12-31": "-30.34400", "2005-12-31": "30.54600"}, "Net Change In Long-Term Investments": {"2020-12-31": "", "2019-12-31": "", "2018-12-31": "", "2017-12-31": "", "2016-12-31": "", "2015-12-31": "", "2014-12-31": "", "2013-12-31": "", "2012-12-31": "", "2011-12-31": "", "2010-12-31": "", "2009-12-31": "", "2008-12-31": "", "2007-12-31": "", "2006-12-31": "", "2005-12-31": ""}, "Net Change In Investments - Total": {"2020-12-31": "168.56100", "2019-12-31": "20.69100", "2018-12-31": "-150.19600", "2017-12-31": "-48.10800", "2016-12-31": "8.67200", "2015-12-31": "115.37400", "2014-12-31": "-34.01400", "2013-12-31": "10.01700", "2012-12-31": "50.33800", "2011-12-31": "-91.34500", "2010-12-31": "-44.01900", "2009-12-31": "-73.88300", "2008-12-31": "77.11800", "2007-12-31": "56.35200", "2006-12-31": "-30.34400", "2005-12-31": "30.54600"}, "Investing Activities - Other": {"2020-12-31": "", "2019-12-31": "", "2018-12-31": "", "2017-12-31": "", "2016-12-31": "", "2015-12-31": "", "2014-12-31": "", "2013-12-31": "", "2012-12-31": "", "2011-12-31": "", "2010-12-31": "", "2009-12-31": "", "2008-12-31": "-2.78400", "2007-12-31": "-2.24200", "2006-12-31": "", "2005-12-31": ""}, "Cash Flow From Investing Activities": {"2020-12-31": "-61.30100", "2019-12-31": "-17.94800", "2018-12-31": "-209.99600", "2017-12-31": "-122.41000", "2016-12-31": "-70.50300", "2015-12-31": "-78.39200", "2014-12-31": "-107.57300", "2013-12-31": "-57.84400", "2012-12-31": "-77.82700", "2011-12-31": "-236.83300", "2010-12-31": "-96.54400", "2009-12-31": "-111.91500", "2008-12-31": "18.75600", "2007-12-31": "14.53600", "2006-12-31": "-59.33200", "2005-12-31": "-66.39600"}, "Net Long-Term Debt": {"2020-12-31": "", "2019-12-31": "", "2018-12-31": "", "2017-12-31": "", "2016-12-31": "", "2015-12-31": "", "2014-12-31": "", "2013-12-31": "", "2012-12-31": "", "2011-12-31": "", "2010-12-31": "", "2009-12-31": "", "2008-12-31": "", "2007-12-31": "", "2006-12-31": "", "2005-12-31": ""}, "Net Current Debt": {"2020-12-31": "98.75000", "2019-12-31": "", "2018-12-31": "", "2017-12-31": "-25.00000", "2016-12-31": "-12.00000", "2015-12-31": "37.00000", "2014-12-31": "", "2013-12-31": "", "2012-12-31": "", "2011-12-31": "", "2010-12-31": "", "2009-12-31": "", "2008-12-31": "", "2007-12-31": "", "2006-12-31": "", "2005-12-31": ""}, "Debt Issuance/Retirement Net - Total": {"2020-12-31": "98.75000", "2019-12-31": "", "2018-12-31": "", "2017-12-31": "-25.00000", "2016-12-31": "-12.00000", "2015-12-31": "37.00000", "2014-12-31": "", "2013-12-31": "", "2012-12-31": "", "2011-12-31": "", "2010-12-31": "", "2009-12-31": "", "2008-12-31": "", "2007-12-31": "", "2006-12-31": "", "2005-12-31": ""}, "Net Common Equity Issued/Repurchased": {"2020-12-31": "-16.76600", "2019-12-31": "-138.12500", "2018-12-31": "31.60100", "2017-12-31": "29.09400", "2016-12-31": "23.27200", "2015-12-31": "-47.47000", "2014-12-31": "31.27500", "2013-12-31": "39.31900", "2012-12-31": "30.90200", "2011-12-31": "32.90500", "2010-12-31": "9.99000", "2009-12-31": "-12.91300", "2008-12-31": "-72.49100", "2007-12-31": "-43.26800", "2006-12-31": "20.62700", "2005-12-31": "-26.23000"}, "Net Total Equity Issued/Repurchased": {"2020-12-31": "-16.76600", "2019-12-31": "-138.12500", "2018-12-31": "31.60100", "2017-12-31": "29.09400", "2016-12-31": "23.27200", "2015-12-31": "-47.47000", "2014-12-31": "31.27500", "2013-12-31": "39.31900", "2012-12-31": "30.90200", "2011-12-31": "32.90500", "2010-12-31": "9.99000", "2009-12-31": "-12.91300", "2008-12-31": "-72.49100", "2007-12-31": "-43.26800", "2006-12-31": "20.62700", "2005-12-31": "-26.23000"}, "Total Common And Preferred Stock Dividends Paid": {"2020-12-31": "-136.54500", "2019-12-31": "-131.85500", "2018-12-31": "-121.53700", "2017-12-31": "-109.55100", "2016-12-31": "-102.89700", "2015-12-31": "-97.64300", "2014-12-31": "-76.28700", "2013-12-31": "-69.77600", "2012-12-31": "-68.40100", "2011-12-31": "-47.96100", "2010-12-31": "-40.61800", "2009-12-31": "-37.30800", "2008-12-31": "-34.73500", "2007-12-31": "-27.05200", "2006-12-31": "-19.03400", "2005-12-31": "-15.77600"}, "Financial Activities - Other": {"2020-12-31": "-1.89300", "2019-12-31": "-0.83700", "2018-12-31": "-0.90700", "2017-12-31": "-0.84200", "2016-12-31": "", "2015-12-31": "", "2014-12-31": "1.24200", "2013-12-31": "-12.91100", "2012-12-31": "2.19800", "2011-12-31": "5.15100", "2010-12-31": "0.09600", "2009-12-31": "-1.45000", "2008-12-31": "1.21300", "2007-12-31": "2.96400", "2006-12-31": "4.27100", "2005-12-31": ""}, "Cash Flow From Financial Activities": {"2020-12-31": "-56.45400", "2019-12-31": "-270.81700", "2018-12-31": "-90.84300", "2017-12-31": "-106.29900", "2016-12-31": "-91.62500", "2015-12-31": "-108.11300", "2014-12-31": "-43.77000", "2013-12-31": "-43.36800", "2012-12-31": "-35.30100", "2011-12-31": "-9.90500", "2010-12-31": "-30.53200", "2009-12-31": "-51.67100", "2008-12-31": "-106.01300", "2007-12-31": "-67.35600", "2006-12-31": "5.86400", "2005-12-31": "-42.00600"}, "Net Cash Flow": {"2020-12-31": "65.61600", "2019-12-31": "-64.77000", "2018-12-31": "-30.77800", "2017-12-31": "4.88100", "2016-12-31": "34.15400", "2015-12-31": "-22.90100", "2014-12-31": "43.76700", "2013-12-31": "68.26700", "2012-12-31": "19.38800", "2011-12-31": "-76.83900", "2010-12-31": "17.98200", "2009-12-31": "-27.93500", "2008-12-31": "34.56100", "2007-12-31": "94.55200", "2006-12-31": "44.42300", "2005-12-31": "-20.35200"}, "Stock-Based Compensation": {"2020-12-31": "58.37600", "2019-12-31": "51.43800", "2018-12-31": "37.61600", "2017-12-31": "29.14500", "2016-12-31": "25.83200", "2015-12-31": "25.48900", "2014-12-31": "25.75900", "2013-12-31": "28.99200", "2012-12-31": "27.79600", "2011-12-31": "23.21900", "2010-12-31": "18.79500", "2009-12-31": "20.29900", "2008-12-31": "19.85400", "2007-12-31": "17.75400", "2006-12-31": "14.50700", "2005-12-31": "1.54500"}, "Common Stock Dividends Paid": {"2020-12-31": "-136.54500", "2019-12-31": "-131.85500", "2018-12-31": "-121.53700", "2017-12-31": "-109.55100", "2016-12-31": "-102.89700", "2015-12-31": "-97.64300", "2014-12-31": "-76.28700", "2013-12-31": "-69.77600", "2012-12-31": "-68.40100", "2011-12-31": "-47.96100", "2010-12-31": "-40.61800", "2009-12-31": "-37.30800", "2008-12-31": "-34.73500", "2007-12-31": "-27.05200", "2006-12-31": "-19.03400", "2005-12-31": "-15.77600"}}, "cash flow statement, quarterly": {"Net Income/Loss": {"2020-12-31": 4.736, "2020-09-30": -4.621, "2020-06-30": 10.889, "2020-03-31": "132.65500", "2019-12-31": 58.596, "2019-09-30": 51.643, "2019-06-30": 28.692, "2019-03-31": "23.22000", "2018-12-31": 56.541, "2018-09-30": 43.194, "2018-06-30": 31.054, "2018-03-31": "24.26800", "2017-12-31": -24.282, "2017-09-30": 33.39, "2017-06-30": 25.155, "2017-03-31": "18.14800", "2016-12-31": 29.147, "2016-09-30": 24.489, "2016-06-30": 19.8, "2016-03-31": "9.29800", "2015-12-31": 32.138, "2015-09-30": 23.178, "2015-06-30": 24.942, "2015-03-31": "15.00400", "2014-12-31": 43.385, "2014-09-30": 39.702, "2014-06-30": 24.523, "2014-03-31": "18.72300", "2013-12-31": 31.728, "2013-09-30": 15.764, "2013-06-30": 14.421, "2013-03-31": "18.60000", "2012-12-31": 20.714, "2012-09-30": 24.34, "2012-06-30": 26.441, "2012-03-31": "18.64200", "2011-12-31": 24.327, "2011-09-30": 12.736, "2011-06-30": 26.548, "2011-03-31": "30.46100", "2010-12-31": 38.028, "2010-09-30": 28.133, "2010-06-30": 24.602, "2010-03-31": "18.35300", "2009-12-31": 2.366, "2009-09-30": 9.931, "2009-06-30": 4.43, "2009-03-31": "0.35800", "2008-12-31": 19.318, "2008-09-30": 23.159, "2008-06-30": 24.734, "2008-03-31": "17.61600", "2007-12-31": 45.693, "2007-09-30": 21.539, "2007-06-30": 20.752, "2007-03-31": "19.04900", "2006-12-31": 24.434, "2006-09-30": 18.651, "2006-06-30": 17.021, "2006-03-31": "12.60200", "2005-12-31": 20.958, "2005-09-30": 14.399, "2005-06-30": 15.024, "2005-03-31": "11.13600"}, "Total Depreciation And Amortization - Cash Flow": {"2020-12-31": 25.836, "2020-09-30": 22.887, "2020-06-30": 19.076, "2020-03-31": "19.26500", "2019-12-31": 18.995, "2019-09-30": 18.562, "2019-06-30": 17.972, "2019-03-31": "18.01200", "2018-12-31": 16.932, "2018-09-30": 18.637, "2018-06-30": 17.662, "2018-03-31": "17.43600", "2017-12-31": 17.901, "2017-09-30": 18.879, "2017-06-30": 17.246, "2017-03-31": "18.66900", "2016-12-31": 18.226, "2016-09-30": 16.947, "2016-06-30": 18.785, "2016-03-31": "19.43200", "2015-12-31": 18.172, "2015-09-30": 18.655, "2015-06-30": 18.578, "2015-03-31": "17.92400", "2014-12-31": 19.195, "2014-09-30": 17.654, "2014-06-30": 16.363, "2014-03-31": "16.99400", "2013-12-31": 17.077, "2013-09-30": 17.342, "2013-06-30": 16.726, "2013-03-31": "16.82900", "2012-12-31": 17.657, "2012-09-30": 13.713, "2012-06-30": 13.201, "2012-03-31": "14.11500", "2011-12-31": 14.152, "2011-09-30": 12.355, "2011-06-30": 12.417, "2011-03-31": "10.97300", "2010-12-31": 9.652, "2010-09-30": 9.232, "2010-06-30": 9.546, "2010-03-31": "9.44200", "2009-12-31": 9.829, "2009-09-30": 9.513, "2009-06-30": 10.638, "2009-03-31": "8.38500", "2008-12-31": 9.202, "2008-09-30": 8.049, "2008-06-30": 9.177, "2008-03-31": "10.67500", "2007-12-31": 8.641, "2007-09-30": 9.756, "2007-06-30": 8.837, "2007-03-31": "9.37100", "2006-12-31": 8.918, "2006-09-30": 7.333, "2006-06-30": 9.452, "2006-03-31": "8.47800", "2005-12-31": 6.925, "2005-09-30": 7.365, "2005-06-30": 7.942, "2005-03-31": "6.32100"}, "Other Non-Cash Items": {"2020-12-31": 23.841, "2020-09-30": 11.578, "2020-06-30": 19.541, "2020-03-31": "-149.24800", "2019-12-31": 2.165, "2019-09-30": -17.179, "2019-06-30": 17.546, "2019-03-31": "9.38400", "2018-12-31": -2.346, "2018-09-30": 8.522, "2018-06-30": 13.544, "2018-03-31": "6.15800", "2017-12-31": 6.389, "2017-09-30": 4.131, "2017-06-30": 9.433, "2017-03-31": "3.41800", "2016-12-31": 9.673, "2016-09-30": 1.744, "2016-06-30": 10.737, "2016-03-31": "-0.16700", "2015-12-31": 25.705, "2015-09-30": 0.556, "2015-06-30": 6.11, "2015-03-31": "4.13700", "2014-12-31": 0.713, "2014-09-30": 7.34, "2014-06-30": 9.939, "2014-03-31": "3.28500", "2013-12-31": 3.693, "2013-09-30": 10.208, "2013-06-30": 3.558, "2013-03-31": "4.77300", "2012-12-31": 5.672, "2012-09-30": 3.893, "2012-06-30": 13.396, "2012-03-31": "4.49000", "2011-12-31": -1.625, "2011-09-30": 3.081, "2011-06-30": 5.328, "2011-03-31": "2.70300", "2010-12-31": 6.4, "2010-09-30": 2.155, "2010-06-30": 5.6, "2010-03-31": "8.21200", "2009-12-31": 29.064, "2009-09-30": 1.076, "2009-06-30": 4.967, "2009-03-31": "3.83800", "2008-12-31": -2.289, "2008-09-30": 10.87, "2008-06-30": 3.718, "2008-03-31": "1.86700", "2007-12-31": -12.464, "2007-09-30": 3.26, "2007-06-30": 5.444, "2007-03-31": "1.59600", "2006-12-31": 2.41, "2006-09-30": 3.696, "2006-06-30": 2.927, "2006-03-31": "0.19100", "2005-12-31": 4.374, "2005-09-30": 0.166, "2005-06-30": -0.057, "2005-03-31": "0.95600"}, "Total Non-Cash Items": {"2020-12-31": 49.677, "2020-09-30": 34.465, "2020-06-30": 38.617, "2020-03-31": "-129.98300", "2019-12-31": 21.16, "2019-09-30": 1.383, "2019-06-30": 35.518, "2019-03-31": "27.39600", "2018-12-31": 14.586, "2018-09-30": 27.159, "2018-06-30": 31.206, "2018-03-31": "23.59400", "2017-12-31": 24.29, "2017-09-30": 23.01, "2017-06-30": 26.679, "2017-03-31": "22.08700", "2016-12-31": 27.899, "2016-09-30": 18.691, "2016-06-30": 29.522, "2016-03-31": "19.26500", "2015-12-31": 43.877, "2015-09-30": 19.211, "2015-06-30": 24.688, "2015-03-31": "22.06100", "2014-12-31": 19.908, "2014-09-30": 24.994, "2014-06-30": 26.302, "2014-03-31": "20.27900", "2013-12-31": 20.77, "2013-09-30": 27.55, "2013-06-30": 20.284, "2013-03-31": "21.60200", "2012-12-31": 23.329, "2012-09-30": 17.606, "2012-06-30": 26.597, "2012-03-31": "18.60500", "2011-12-31": 12.527, "2011-09-30": 15.436, "2011-06-30": 17.745, "2011-03-31": "13.67600", "2010-12-31": 16.052, "2010-09-30": 11.387, "2010-06-30": 15.146, "2010-03-31": "17.65400", "2009-12-31": 38.893, "2009-09-30": 10.589, "2009-06-30": 15.605, "2009-03-31": "12.22300", "2008-12-31": 6.913, "2008-09-30": 18.919, "2008-06-30": 12.895, "2008-03-31": "12.54200", "2007-12-31": -3.823, "2007-09-30": 13.016, "2007-06-30": 14.281, "2007-03-31": "10.96700", "2006-12-31": 11.328, "2006-09-30": 11.029, "2006-06-30": 12.379, "2006-03-31": "8.66900", "2005-12-31": 11.299, "2005-09-30": 7.531, "2005-06-30": 7.885, "2005-03-31": "7.27700"}, "Change In Accounts Receivable": {"2020-12-31": 0, "2020-09-30": 0, "2020-06-30": 0, "2020-03-31": "", "2019-12-31": -7.193, "2019-09-30": 0, "2019-06-30": 0, "2019-03-31": "", "2018-12-31": 8.446, "2018-09-30": 0, "2018-06-30": 0, "2018-03-31": "", "2017-12-31": -15.269, "2017-09-30": 0, "2017-06-30": 0, "2017-03-31": "", "2016-12-31": -14.131, "2016-09-30": 0, "2016-06-30": 0, "2016-03-31": "", "2015-12-31": -27.871, "2015-09-30": 19.91, "2015-06-30": -14.576, "2015-03-31": "11.82800", "2014-12-31": -14.603, "2014-09-30": 23.094, "2014-06-30": -29.275, "2014-03-31": "-0.86500", "2013-12-31": 2.031, "2013-09-30": -9.569, "2013-06-30": -0.757, "2013-03-31": "15.11500", "2012-12-31": -0.458, "2012-09-30": 5.654, "2012-06-30": -32.874, "2012-03-31": "1.67100", "2011-12-31": 1.552, "2011-09-30": -9.668, "2011-06-30": -8.908, "2011-03-31": "-4.93300", "2010-12-31": -5.625, "2010-09-30": -10.495, "2010-06-30": -6.19, "2010-03-31": "-0.61300", "2009-12-31": -13.167, "2009-09-30": 0.603, "2009-06-30": -0.476, "2009-03-31": "30.63100", "2008-12-31": 1.548, "2008-09-30": 7.087, "2008-06-30": -1.588, "2008-03-31": "5.11200", "2007-12-31": -9.991, "2007-09-30": -4.716, "2007-06-30": -6.177, "2007-03-31": "6.83700", "2006-12-31": -13.906, "2006-09-30": 0.174, "2006-06-30": -9.319, "2006-03-31": "1.54900", "2005-12-31": -9.382, "2005-09-30": 0.488, "2005-06-30": 3.587, "2005-03-31": "1.22700"}, "Change In Inventories": {"2020-12-31": 0, "2020-09-30": 0, "2020-06-30": 0, "2020-03-31": "", "2019-12-31": -6.773, "2019-09-30": 0, "2019-06-30": 0, "2019-03-31": "", "2018-12-31": -10.642, "2018-09-30": 0, "2018-06-30": 0, "2018-03-31": "", "2017-12-31": 10.154, "2017-09-30": 0, "2017-06-30": 0, "2017-03-31": "", "2016-12-31": -9.205, "2016-09-30": 0, "2016-06-30": 0, "2016-03-31": "", "2015-12-31": 5.467, "2015-09-30": -2.581, "2015-06-30": -9.431, "2015-03-31": "-2.79700", "2014-12-31": -2.19, "2014-09-30": -3.568, "2014-06-30": 2.963, "2014-03-31": "1.85200", "2013-12-31": 6.795, "2013-09-30": 6.374, "2013-06-30": 3.313, "2013-03-31": "-18.04500", "2012-12-31": -12.876, "2012-09-30": -6.284, "2012-06-30": -8.581, "2012-03-31": "-8.41300", "2011-12-31": 0.559, "2011-09-30": 9.017, "2011-06-30": -4.75, "2011-03-31": "-16.64300", "2010-12-31": -16.218, "2010-09-30": -5.549, "2010-06-30": -6.157, "2010-03-31": "-3.00600", "2009-12-31": 2.211, "2009-09-30": 6.543, "2009-06-30": 7.349, "2009-03-31": "4.74000", "2008-12-31": -7.624, "2008-09-30": -4.06, "2008-06-30": -5.795, "2008-03-31": "-7.09900", "2007-12-31": -5.362, "2007-09-30": -1.861, "2007-06-30": 1.61, "2007-03-31": "0.07600", "2006-12-31": 2.377, "2006-09-30": 2.906, "2006-06-30": -9.46, "2006-03-31": "-10.13400", "2005-12-31": -5.262, "2005-09-30": 1.273, "2005-06-30": 1.266, "2005-03-31": "-1.84900"}, "Change In Accounts Payable": {"2020-12-31": 0, "2020-09-30": 0, "2020-06-30": 0, "2020-03-31": "", "2019-12-31": 4.034, "2019-09-30": 0, "2019-06-30": 0, "2019-03-31": "", "2018-12-31": -3.976, "2018-09-30": 0, "2018-06-30": 0, "2018-03-31": "", "2017-12-31": 1.584, "2017-09-30": 0, "2017-06-30": 0, "2017-03-31": "", "2016-12-31": -2.506, "2016-09-30": 0, "2016-06-30": 0, "2016-03-31": "", "2015-12-31": -4.219, "2015-09-30": -3.527, "2015-06-30": -0.382, "2015-03-31": "-1.70000", "2014-12-31": -3.29, "2014-09-30": -2.089, "2014-06-30": 1.155, "2014-03-31": "6.21300", "2013-12-31": 2.032, "2013-09-30": -0.024, "2013-06-30": -12.215, "2013-03-31": "1.60300", "2012-12-31": 12.319, "2012-09-30": 0.504, "2012-06-30": 10.078, "2012-03-31": "0.51800", "2011-12-31": 1.461, "2011-09-30": 3.175, "2011-06-30": -2.134, "2011-03-31": "3.07100", "2010-12-31": 0.459, "2010-09-30": 4.218, "2010-06-30": 1.335, "2010-03-31": "3.61800", "2009-12-31": -1.93, "2009-09-30": 1.054, "2009-06-30": -0.751, "2009-03-31": "-5.74700", "2008-12-31": -0.857, "2008-09-30": -7.216, "2008-06-30": -2.816, "2008-03-31": "5.24100", "2007-12-31": -3.688, "2007-09-30": 6.314, "2007-06-30": 0.74, "2007-03-31": "0.82000", "2006-12-31": 1.201, "2006-09-30": -3.43, "2006-06-30": 2.129, "2006-03-31": "1.26900", "2005-12-31": 2.463, "2005-09-30": -1.451, "2005-06-30": -1.319, "2005-03-31": "4.95400"}, "Change In Assets/Liabilities": {"2020-12-31": 17.57, "2020-09-30": -22.558, "2020-06-30": 8.372, "2020-03-31": "40.94800", "2019-12-31": 16.16, "2019-09-30": 7.682, "2019-06-30": -17.72, "2019-03-31": "-8.46900", "2018-12-31": 24.827, "2018-09-30": 18.132, "2018-06-30": -3.391, "2018-03-31": "-7.87900", "2017-12-31": 4.775, "2017-09-30": 6.271, "2017-06-30": -13.725, "2017-03-31": "6.44100", "2016-12-31": -2.666, "2016-09-30": 26.292, "2016-06-30": -13.142, "2016-03-31": "15.80100", "2015-12-31": 0.343, "2015-09-30": 10.891, "2015-06-30": -10.507, "2015-03-31": "-5.34500", "2014-12-31": 14.224, "2014-09-30": -0.735, "2014-06-30": -18.563, "2014-03-31": "3.12000", "2013-12-31": 16.707, "2013-09-30": 1.193, "2013-06-30": -4.128, "2013-03-31": "-9.19300", "2012-12-31": 26.58, "2012-09-30": -12.853, "2012-06-30": -14.556, "2012-03-31": "14.84200", "2011-12-31": 14.388, "2011-09-30": -8.022, "2011-06-30": -11.895, "2011-03-31": "21.13200", "2010-12-31": 2.627, "2010-09-30": 2.905, "2010-06-30": -14.968, "2010-03-31": "3.43300", "2009-12-31": 16.96, "2009-09-30": 5.954, "2009-06-30": 7.869, "2009-03-31": "-6.31500", "2008-12-31": 5.993, "2008-09-30": -11.387, "2008-06-30": 6.58, "2008-03-31": "-2.10300", "2007-12-31": 7.965, "2007-09-30": -2.31, "2007-06-30": 0.541, "2007-03-31": "-4.64300", "2006-12-31": 7.389, "2006-09-30": 2.35, "2006-06-30": -0.034, "2006-03-31": "-2.21000", "2005-12-31": 2.961, "2005-09-30": 2.957, "2005-06-30": -4.116, "2005-03-31": "-0.13200"}, "Total Change In Assets/Liabilities": {"2020-12-31": 17.57, "2020-09-30": -22.558, "2020-06-30": 8.372, "2020-03-31": "40.94800", "2019-12-31": -4.696, "2019-09-30": 7.682, "2019-06-30": -17.72, "2019-03-31": "-8.46900", "2018-12-31": 16.116, "2018-09-30": 18.132, "2018-06-30": -3.391, "2018-03-31": "-7.87900", "2017-12-31": 76.978, "2017-09-30": 6.271, "2017-06-30": -13.725, "2017-03-31": "6.44100", "2016-12-31": -6.863, "2016-09-30": 26.292, "2016-06-30": -13.142, "2016-03-31": "15.80100", "2015-12-31": -27.431, "2015-09-30": 27.309, "2015-06-30": -25.258, "2015-03-31": "-10.65400", "2014-12-31": -8.899, "2014-09-30": 7.582, "2014-06-30": -28.529, "2014-03-31": "7.14000", "2013-12-31": 22.259, "2013-09-30": 7.016, "2013-06-30": -10.795, "2013-03-31": "-19.72000", "2012-12-31": -1.789, "2012-09-30": 6.515, "2012-06-30": -44.741, "2012-03-31": "-3.74300", "2011-12-31": 16.545, "2011-09-30": 15.032, "2011-06-30": -12.627, "2011-03-31": "-2.50700", "2010-12-31": -26.766, "2010-09-30": 6.504, "2010-06-30": -9.629, "2010-03-31": "5.59400", "2009-12-31": 4.047, "2009-09-30": 11.831, "2009-06-30": 13.153, "2009-03-31": "12.22500", "2008-12-31": -10.372, "2008-09-30": -4.446, "2008-06-30": 0.256, "2008-03-31": "0.28400", "2007-12-31": -8.13, "2007-09-30": 8.923, "2007-06-30": 4.628, "2007-03-31": "0.47700", "2006-12-31": -9.257, "2006-09-30": 5.663, "2006-06-30": -7.54, "2006-03-31": "-7.08800", "2005-12-31": -10.962, "2005-09-30": 9.798, "2005-06-30": -2.341, "2005-03-31": "-3.95400"}, "Cash Flow From Operating Activities": {"2020-12-31": 71.983, "2020-09-30": 7.286, "2020-06-30": 57.878, "2020-03-31": "43.62000", "2019-12-31": 75.06, "2019-09-30": 60.708, "2019-06-30": 46.49, "2019-03-31": "42.14700", "2018-12-31": 87.243, "2018-09-30": 88.485, "2018-06-30": 58.869, "2018-03-31": "39.98300", "2017-12-31": 76.986, "2017-09-30": 62.671, "2017-06-30": 38.109, "2017-03-31": "46.67600", "2016-12-31": 50.183, "2016-09-30": 69.472, "2016-06-30": 36.18, "2016-03-31": "44.36400", "2015-12-31": 48.584, "2015-09-30": 69.698, "2015-06-30": 24.372, "2015-03-31": "26.41100", "2014-12-31": 54.394, "2014-09-30": 72.278, "2014-06-30": 22.296, "2014-03-31": "46.14200", "2013-12-31": 74.757, "2013-09-30": 50.33, "2013-06-30": 23.91, "2013-03-31": "20.48200", "2012-12-31": 42.254, "2012-09-30": 48.461, "2012-06-30": 8.297, "2012-03-31": "33.50400", "2011-12-31": 53.399, "2011-09-30": 43.204, "2011-06-30": 31.666, "2011-03-31": "41.63000", "2010-12-31": 27.314, "2010-09-30": 46.024, "2010-06-30": 30.119, "2010-03-31": "41.60100", "2009-12-31": 45.306, "2009-09-30": 32.351, "2009-06-30": 33.188, "2009-03-31": "24.80600", "2008-12-31": 15.859, "2008-09-30": 37.632, "2008-06-30": 37.885, "2008-03-31": "30.44200", "2007-12-31": 33.74, "2007-09-30": 43.478, "2007-06-30": 39.661, "2007-03-31": "30.49300", "2006-12-31": 26.505, "2006-09-30": 35.343, "2006-06-30": 21.86, "2006-03-31": "14.18300", "2005-12-31": 21.295, "2005-09-30": 31.728, "2005-06-30": 20.568, "2005-03-31": "14.45900"}, "Net Change In Property, Plant, And Equipment": {"2020-12-31": -14.327, "2020-09-30": 149.357, "2020-06-30": -172.712, "2020-03-31": "144.24200", "2019-12-31": -15.56, "2019-09-30": 8.675, "2019-06-30": -17.33, "2019-03-31": "-13.21500", "2018-12-31": -8.342, "2018-09-30": -9.417, "2018-06-30": -15.325, "2018-03-31": "-15.78300", "2017-12-31": -13.428, "2017-09-30": -17.947, "2017-06-30": -18.108, "2017-03-31": "-22.43500", "2016-12-31": -17.828, "2016-09-30": -22.08, "2016-06-30": -19.106, "2016-03-31": "-17.27000", "2015-12-31": -14.602, "2015-09-30": -18.669, "2015-06-30": -19.587, "2015-03-31": "-12.48500", "2014-12-31": -18.025, "2014-09-30": -13.794, "2014-06-30": -19.345, "2014-03-31": "-19.56100", "2013-12-31": -11.318, "2013-09-30": -10.141, "2013-06-30": -19.323, "2013-03-31": "-21.89700", "2012-12-31": -37.027, "2012-09-30": -25.169, "2012-06-30": -25.804, "2012-03-31": "-12.79400", "2011-12-31": -15.154, "2011-09-30": -19.297, "2011-06-30": -19.133, "2011-03-31": "-13.31100", "2010-12-31": -15.452, "2010-09-30": -7.668, "2010-06-30": -12.361, "2010-03-31": "-8.67500", "2009-12-31": -10.488, "2009-09-30": -5.846, "2009-06-30": -10.978, "2009-03-31": "-6.11800", "2008-12-31": -5.456, "2008-09-30": -9.835, "2008-06-30": -13.388, "2008-03-31": "-6.57900", "2007-12-31": -7.282, "2007-09-30": -8.119, "2007-06-30": -9.058, "2007-03-31": "-8.66800", "2006-12-31": -8.756, "2006-09-30": -6.65, "2006-06-30": -6.577, "2006-03-31": "-3.89000", "2005-12-31": -4.351, "2005-09-30": -5.778, "2005-06-30": -11.111, "2005-03-31": "-7.52300"}, "Net Change In Intangible Assets": {"2020-12-31": -0.396, "2020-09-30": -0.415, "2020-06-30": -0.518, "2020-03-31": "-0.11200", "2019-12-31": -0.077, "2019-09-30": -0.645, "2019-06-30": -0.381, "2019-03-31": "-0.10600", "2018-12-31": -0.234, "2018-09-30": -1.229, "2018-06-30": -1.081, "2018-03-31": "-2.85500", "2017-12-31": -1.005, "2017-09-30": -0.255, "2017-06-30": -0.599, "2017-03-31": "-0.52500", "2016-12-31": -0.373, "2016-09-30": -1.28, "2016-06-30": -0.326, "2016-03-31": "-0.36300", "2015-12-31": -0.571, "2015-09-30": -1.72, "2015-06-30": -0.121, "2015-03-31": "-0.39900", "2014-12-31": -0.596, "2014-09-30": -0.604, "2014-06-30": -0.585, "2014-03-31": "-1.04900", "2013-12-31": -1.036, "2013-09-30": -1.436, "2013-06-30": -1.292, "2013-03-31": "-1.41800", "2012-12-31": -0.464, "2012-09-30": -0.341, "2012-06-30": -0.752, "2012-03-31": "-0.33300", "2011-12-31": -1.809, "2011-09-30": -1.47, "2011-06-30": -1.32, "2011-03-31": "-0.43600", "2010-12-31": -1.898, "2010-09-30": -0.563, "2010-06-30": -1.147, "2010-03-31": "-0.54300", "2009-12-31": -0.593, "2009-09-30": -1.589, "2009-06-30": -1.08, "2009-03-31": "-1.34000", "2008-12-31": -0.407, "2008-09-30": -1.531, "2008-06-30": -0.641, "2008-03-31": "-0.43100", "2007-12-31": -1.485, "2007-09-30": -0.607, "2007-06-30": -0.753, "2007-03-31": "-3.60200", "2006-12-31": -1.389, "2006-09-30": -0.777, "2006-06-30": -0.744, "2006-03-31": "-0.20500", "2005-12-31": -1.596, "2005-09-30": -2.138, "2005-06-30": -0.158, "2005-03-31": "-0.39600"}, "Net Acquisitions/Divestitures": {"2020-12-31": 0, "2020-09-30": -495.247, "2020-06-30": 160.266, "2020-03-31": "", "2019-12-31": 0, "2019-09-30": 0, "2019-06-30": 0, "2019-03-31": "", "2018-12-31": -5.534, "2018-09-30": 0, "2018-06-30": 0, "2018-03-31": "", "2017-12-31": 0, "2017-09-30": 0, "2017-06-30": 0, "2017-03-31": "", "2016-12-31": 0, "2016-09-30": 0, "2016-06-30": 0, "2016-03-31": "-0.54900", "2015-12-31": -96.983, "2015-09-30": -4.106, "2015-06-30": 0, "2015-03-31": "-24.52300", "2014-12-31": 0, "2014-09-30": 0, "2014-06-30": 0, "2014-03-31": "", "2013-12-31": 0, "2013-09-30": 0, "2013-06-30": 0, "2013-03-31": "", "2012-12-31": -25.481, "2012-09-30": 0, "2012-06-30": 0, "2012-03-31": "", "2011-12-31": 0, "2011-09-30": 0, "2011-06-30": -73.558, "2011-03-31": "", "2010-12-31": -2.027, "2010-09-30": 0, "2010-06-30": 0, "2010-03-31": "-2.19100", "2009-12-31": 0, "2009-09-30": 0, "2009-06-30": 0, "2009-03-31": "", "2008-12-31": 0, "2008-09-30": 0, "2008-06-30": -0.255, "2008-03-31": "-17.05500", "2007-12-31": 0, "2007-09-30": 0, "2007-06-30": 0, "2007-03-31": "", "2006-12-31": 0, "2006-09-30": 0, "2006-06-30": 0, "2006-03-31": "", "2005-12-31": -18.305, "2005-09-30": 0, "2005-06-30": -34.052, "2005-03-31": "-11.53400"}, "Net Change In Short-term Investments": {"2020-12-31": 30.796, "2020-09-30": 37.14, "2020-06-30": 195.129, "2020-03-31": "-94.50400", "2019-12-31": -28.611, "2019-09-30": 33.755, "2019-06-30": 4.274, "2019-03-31": "11.27300", "2018-12-31": -100.46, "2018-09-30": 39.905, "2018-06-30": -47.497, "2018-03-31": "-42.14400", "2017-12-31": -30.845, "2017-09-30": 14.527, "2017-06-30": -18.468, "2017-03-31": "-13.32200", "2016-12-31": -20.84, "2016-09-30": 2.786, "2016-06-30": 8.145, "2016-03-31": "18.58100", "2015-12-31": 100.271, "2015-09-30": 7.956, "2015-06-30": 13.705, "2015-03-31": "-6.55800", "2014-12-31": -8.864, "2014-09-30": -24.282, "2014-06-30": 5.392, "2014-03-31": "-6.26000", "2013-12-31": -9.243, "2013-09-30": 0.065, "2013-06-30": 1.28, "2013-03-31": "17.91500", "2012-12-31": -121.038, "2012-09-30": 27.197, "2012-06-30": 59.571, "2012-03-31": "84.60800", "2011-12-31": -84.132, "2011-09-30": -27.031, "2011-06-30": 19.063, "2011-03-31": "0.75500", "2010-12-31": -19.312, "2010-09-30": 18.954, "2010-06-30": -16.875, "2010-03-31": "-26.78600", "2009-12-31": -45.041, "2009-09-30": -6.071, "2009-06-30": -14.947, "2009-03-31": "-7.82400", "2008-12-31": 55.353, "2008-09-30": -35.672, "2008-06-30": 3.867, "2008-03-31": "53.57000", "2007-12-31": -1.21, "2007-09-30": -12.907, "2007-06-30": 28.048, "2007-03-31": "42.42100", "2006-12-31": 19.76, "2006-09-30": -13.464, "2006-06-30": -21.188, "2006-03-31": "-15.45200", "2005-12-31": 13.237, "2005-09-30": -20.779, "2005-06-30": 33.754, "2005-03-31": "4.33400"}, "Net Change In Long-Term Investments": {"2020-12-31": 0, "2020-09-30": 0, "2020-06-30": 0, "2020-03-31": "", "2019-12-31": 0, "2019-09-30": 0, "2019-06-30": 0, "2019-03-31": "", "2018-12-31": 0, "2018-09-30": 0, "2018-06-30": 0, "2018-03-31": "", "2017-12-31": 0, "2017-09-30": 0, "2017-06-30": 0, "2017-03-31": "", "2016-12-31": 0, "2016-09-30": 0, "2016-06-30": 0, "2016-03-31": "", "2015-12-31": 0, "2015-09-30": 0, "2015-06-30": 0, "2015-03-31": "", "2014-12-31": 0, "2014-09-30": 0, "2014-06-30": 0, "2014-03-31": "", "2013-12-31": 0, "2013-09-30": 0, "2013-06-30": 0, "2013-03-31": "", "2012-12-31": 0, "2012-09-30": 0, "2012-06-30": 0, "2012-03-31": "", "2011-12-31": 0, "2011-09-30": 0, "2011-06-30": 0, "2011-03-31": "", "2010-12-31": 0, "2010-09-30": 0, "2010-06-30": 0, "2010-03-31": "", "2009-12-31": 0, "2009-09-30": 0, "2009-06-30": 0, "2009-03-31": "", "2008-12-31": 0, "2008-09-30": 0, "2008-06-30": 0, "2008-03-31": "", "2007-12-31": 0, "2007-09-30": 0, "2007-06-30": 0, "2007-03-31": "", "2006-12-31": 0, "2006-09-30": 0, "2006-06-30": 0, "2006-03-31": "", "2005-12-31": 0, "2005-09-30": 0, "2005-06-30": 0, "2005-03-31": ""}, "Net Change In Investments - Total": {"2020-12-31": 30.796, "2020-09-30": 37.14, "2020-06-30": 195.129, "2020-03-31": "-94.50400", "2019-12-31": -28.611, "2019-09-30": 33.755, "2019-06-30": 4.274, "2019-03-31": "11.27300", "2018-12-31": -100.46, "2018-09-30": 39.905, "2018-06-30": -47.497, "2018-03-31": "-42.14400", "2017-12-31": -30.845, "2017-09-30": 14.527, "2017-06-30": -18.468, "2017-03-31": "-13.32200", "2016-12-31": -20.84, "2016-09-30": 2.786, "2016-06-30": 8.145, "2016-03-31": "18.58100", "2015-12-31": 100.271, "2015-09-30": 7.956, "2015-06-30": 13.705, "2015-03-31": "-6.55800", "2014-12-31": -8.864, "2014-09-30": -24.282, "2014-06-30": 5.392, "2014-03-31": "-6.26000", "2013-12-31": -9.243, "2013-09-30": 0.065, "2013-06-30": 1.28, "2013-03-31": "17.91500", "2012-12-31": -121.038, "2012-09-30": 27.197, "2012-06-30": 59.571, "2012-03-31": "84.60800", "2011-12-31": -84.132, "2011-09-30": -27.031, "2011-06-30": 19.063, "2011-03-31": "0.75500", "2010-12-31": -19.312, "2010-09-30": 18.954, "2010-06-30": -16.875, "2010-03-31": "-26.78600", "2009-12-31": -45.041, "2009-09-30": -6.071, "2009-06-30": -14.947, "2009-03-31": "-7.82400", "2008-12-31": 55.353, "2008-09-30": -35.672, "2008-06-30": 3.867, "2008-03-31": "53.57000", "2007-12-31": -1.21, "2007-09-30": -12.907, "2007-06-30": 28.048, "2007-03-31": "42.42100", "2006-12-31": 19.76, "2006-09-30": -13.464, "2006-06-30": -21.188, "2006-03-31": "-15.45200", "2005-12-31": 13.237, "2005-09-30": -20.779, "2005-06-30": 33.754, "2005-03-31": "4.33400"}, "Investing Activities - Other": {"2020-12-31": 0, "2020-09-30": 0, "2020-06-30": 0, "2020-03-31": "", "2019-12-31": 0, "2019-09-30": 0, "2019-06-30": 0, "2019-03-31": "", "2018-12-31": 0, "2018-09-30": 0, "2018-06-30": 0, "2018-03-31": "", "2017-12-31": 0, "2017-09-30": 0, "2017-06-30": 0, "2017-03-31": "", "2016-12-31": 0, "2016-09-30": 0, "2016-06-30": 0, "2016-03-31": "", "2015-12-31": 0, "2015-09-30": 0, "2015-06-30": 0, "2015-03-31": "", "2014-12-31": 0, "2014-09-30": 0, "2014-06-30": 0, "2014-03-31": "", "2013-12-31": 0, "2013-09-30": 0, "2013-06-30": 0, "2013-03-31": "", "2012-12-31": 0, "2012-09-30": 0, "2012-06-30": 0, "2012-03-31": "", "2011-12-31": 0, "2011-09-30": 0, "2011-06-30": 0, "2011-03-31": "", "2010-12-31": 0, "2010-09-30": 0, "2010-06-30": 0, "2010-03-31": "", "2009-12-31": 0, "2009-09-30": 0, "2009-06-30": 0, "2009-03-31": "", "2008-12-31": 0, "2008-09-30": 0, "2008-06-30": -1.303, "2008-03-31": "-1.48100", "2007-12-31": -2.242, "2007-09-30": 0, "2007-06-30": 0, "2007-03-31": "", "2006-12-31": 0, "2006-09-30": 0, "2006-06-30": 0, "2006-03-31": "", "2005-12-31": 0, "2005-09-30": 0, "2005-06-30": 0, "2005-03-31": ""}, "Cash Flow From Investing Activities": {"2020-12-31": 16.073, "2020-09-30": -309.165, "2020-06-30": 182.165, "2020-03-31": "49.62600", "2019-12-31": -44.248, "2019-09-30": 41.785, "2019-06-30": -13.437, "2019-03-31": "-2.04800", "2018-12-31": -114.57, "2018-09-30": 29.259, "2018-06-30": -63.903, "2018-03-31": "-60.78200", "2017-12-31": -45.278, "2017-09-30": -3.675, "2017-06-30": -37.175, "2017-03-31": "-36.28200", "2016-12-31": -39.041, "2016-09-30": -20.574, "2016-06-30": -11.287, "2016-03-31": "0.39900", "2015-12-31": -11.885, "2015-09-30": -16.539, "2015-06-30": -6.003, "2015-03-31": "-43.96500", "2014-12-31": -27.485, "2014-09-30": -38.68, "2014-06-30": -14.538, "2014-03-31": "-26.87000", "2013-12-31": -21.597, "2013-09-30": -11.512, "2013-06-30": -19.335, "2013-03-31": "-5.40000", "2012-12-31": -184.01, "2012-09-30": 1.687, "2012-06-30": 33.015, "2012-03-31": "71.48100", "2011-12-31": -101.095, "2011-09-30": -47.798, "2011-06-30": -74.948, "2011-03-31": "-12.99200", "2010-12-31": -38.689, "2010-09-30": 10.723, "2010-06-30": -30.383, "2010-03-31": "-38.19500", "2009-12-31": -56.122, "2009-09-30": -13.506, "2009-06-30": -27.005, "2009-03-31": "-15.28200", "2008-12-31": 49.49, "2008-09-30": -47.038, "2008-06-30": -11.72, "2008-03-31": "28.02400", "2007-12-31": -12.219, "2007-09-30": -21.633, "2007-06-30": 18.237, "2007-03-31": "30.15100", "2006-12-31": 9.615, "2006-09-30": -20.891, "2006-06-30": -28.509, "2006-03-31": "-19.54700", "2005-12-31": -11.015, "2005-09-30": -28.695, "2005-06-30": -11.567, "2005-03-31": "-15.11900"}, "Net Long-Term Debt": {"2020-12-31": 0, "2020-09-30": 0, "2020-06-30": 0, "2020-03-31": "", "2019-12-31": 0, "2019-09-30": 0, "2019-06-30": 0, "2019-03-31": "", "2018-12-31": 0, "2018-09-30": 0, "2018-06-30": 0, "2018-03-31": "", "2017-12-31": 0, "2017-09-30": 0, "2017-06-30": 0, "2017-03-31": "", "2016-12-31": 0, "2016-09-30": 0, "2016-06-30": 0, "2016-03-31": "", "2015-12-31": 0, "2015-09-30": 0, "2015-06-30": 0, "2015-03-31": "", "2014-12-31": 0, "2014-09-30": 0, "2014-06-30": 0, "2014-03-31": "", "2013-12-31": 0, "2013-09-30": 0, "2013-06-30": 0, "2013-03-31": "", "2012-12-31": 0, "2012-09-30": 0, "2012-06-30": 0, "2012-03-31": "", "2011-12-31": 0, "2011-09-30": 0, "2011-06-30": 0, "2011-03-31": "", "2010-12-31": 0, "2010-09-30": 0, "2010-06-30": 0, "2010-03-31": "", "2009-12-31": 0, "2009-09-30": 0, "2009-06-30": 0, "2009-03-31": "", "2008-12-31": 0, "2008-09-30": 0, "2008-06-30": 0, "2008-03-31": "", "2007-12-31": 0, "2007-09-30": 0, "2007-06-30": 0, "2007-03-31": "", "2006-12-31": 0, "2006-09-30": 0, "2006-06-30": 0, "2006-03-31": "", "2005-12-31": 0, "2005-09-30": 0, "2005-06-30": 0, "2005-03-31": ""}, "Net Current Debt": {"2020-12-31": 9.625, "2020-09-30": -0.875, "2020-06-30": 90, "2020-03-31": "", "2019-12-31": 0, "2019-09-30": 0, "2019-06-30": 0, "2019-03-31": "", "2018-12-31": 0, "2018-09-30": 0, "2018-06-30": 0, "2018-03-31": "", "2017-12-31": -15, "2017-09-30": -10, "2017-06-30": 0, "2017-03-31": "", "2016-12-31": 0, "2016-09-30": -15, "2016-06-30": 15, "2016-03-31": "-12.00000", "2015-12-31": 12, "2015-09-30": 25, "2015-06-30": 0, "2015-03-31": "", "2014-12-31": 0, "2014-09-30": 0, "2014-06-30": 0, "2014-03-31": "", "2013-12-31": 0, "2013-09-30": 0, "2013-06-30": 0, "2013-03-31": "", "2012-12-31": 0, "2012-09-30": 0, "2012-06-30": 0, "2012-03-31": "", "2011-12-31": 0, "2011-09-30": 0, "2011-06-30": 0, "2011-03-31": "", "2010-12-31": 0, "2010-09-30": 0, "2010-06-30": 0, "2010-03-31": "", "2009-12-31": 0, "2009-09-30": 0, "2009-06-30": 0, "2009-03-31": "", "2008-12-31": 0, "2008-09-30": 0, "2008-06-30": 0, "2008-03-31": "", "2007-12-31": 0, "2007-09-30": 0, "2007-06-30": 0, "2007-03-31": "", "2006-12-31": 0, "2006-09-30": 0, "2006-06-30": 0, "2006-03-31": "", "2005-12-31": 0, "2005-09-30": 0, "2005-06-30": 0, "2005-03-31": ""}, "Debt Issuance/Retirement Net - Total": {"2020-12-31": 9.625, "2020-09-30": -0.875, "2020-06-30": 90, "2020-03-31": "", "2019-12-31": 0, "2019-09-30": 0, "2019-06-30": 0, "2019-03-31": "", "2018-12-31": 0, "2018-09-30": 0, "2018-06-30": 0, "2018-03-31": "", "2017-12-31": -15, "2017-09-30": -10, "2017-06-30": 0, "2017-03-31": "", "2016-12-31": 0, "2016-09-30": -15, "2016-06-30": 15, "2016-03-31": "-12.00000", "2015-12-31": 12, "2015-09-30": 25, "2015-06-30": 0, "2015-03-31": "", "2014-12-31": 0, "2014-09-30": 0, "2014-06-30": 0, "2014-03-31": "", "2013-12-31": 0, "2013-09-30": 0, "2013-06-30": 0, "2013-03-31": "", "2012-12-31": 0, "2012-09-30": 0, "2012-06-30": 0, "2012-03-31": "", "2011-12-31": 0, "2011-09-30": 0, "2011-06-30": 0, "2011-03-31": "", "2010-12-31": 0, "2010-09-30": 0, "2010-06-30": 0, "2010-03-31": "", "2009-12-31": 0, "2009-09-30": 0, "2009-06-30": 0, "2009-03-31": "", "2008-12-31": 0, "2008-09-30": 0, "2008-06-30": 0, "2008-03-31": "", "2007-12-31": 0, "2007-09-30": 0, "2007-06-30": 0, "2007-03-31": "", "2006-12-31": 0, "2006-09-30": 0, "2006-06-30": 0, "2006-03-31": "", "2005-12-31": 0, "2005-09-30": 0, "2005-06-30": 0, "2005-03-31": ""}, "Net Common Equity Issued/Repurchased": {"2020-12-31": -2.493, "2020-09-30": -7.845, "2020-06-30": -8.893, "2020-03-31": "2.46500", "2019-12-31": -26.777, "2019-09-30": -36.618, "2019-06-30": -37.539, "2019-03-31": "-37.19100", "2018-12-31": 7.177, "2018-09-30": 7.802, "2018-06-30": 8.022, "2018-03-31": "8.60000", "2017-12-31": 6.224, "2017-09-30": 7.463, "2017-06-30": 7.59, "2017-03-31": "7.81700", "2016-12-31": 6.75, "2016-09-30": 7.327, "2016-06-30": 6.392, "2016-03-31": "2.80300", "2015-12-31": 3.837, "2015-09-30": -57.178, "2015-06-30": -1.531, "2015-03-31": "7.40200", "2014-12-31": 6.792, "2014-09-30": 7.359, "2014-06-30": 7.124, "2014-03-31": "10.00000", "2013-12-31": 10.51, "2013-09-30": 8.197, "2013-06-30": 8.814, "2013-03-31": "11.79800", "2012-12-31": 9.605, "2012-09-30": 6.875, "2012-06-30": 6.817, "2012-03-31": "7.60500", "2011-12-31": 5.753, "2011-09-30": 5.763, "2011-06-30": 4.339, "2011-03-31": "17.05000", "2010-12-31": 13.484, "2010-09-30": -5.109, "2010-06-30": 10.209, "2010-03-31": "-8.59400", "2009-12-31": -11.064, "2009-09-30": 1.539, "2009-06-30": -1.439, "2009-03-31": "-1.94900", "2008-12-31": -40.904, "2008-09-30": 8.98, "2008-06-30": -1.683, "2008-03-31": "-38.88400", "2007-12-31": -2.765, "2007-09-30": 7.811, "2007-06-30": -28.896, "2007-03-31": "-19.41800", "2006-12-31": 14.311, "2006-09-30": -10.28, "2006-06-30": 6.926, "2006-03-31": "9.67000", "2005-12-31": 1.935, "2005-09-30": 3.871, "2005-06-30": -35.12, "2005-03-31": "3.08400"}, "Net Total Equity Issued/Repurchased": {"2020-12-31": -2.493, "2020-09-30": -7.845, "2020-06-30": -8.893, "2020-03-31": "2.46500", "2019-12-31": -26.777, "2019-09-30": -36.618, "2019-06-30": -37.539, "2019-03-31": "-37.19100", "2018-12-31": 7.177, "2018-09-30": 7.802, "2018-06-30": 8.022, "2018-03-31": "8.60000", "2017-12-31": 6.224, "2017-09-30": 7.463, "2017-06-30": 7.59, "2017-03-31": "7.81700", "2016-12-31": 6.75, "2016-09-30": 7.327, "2016-06-30": 6.392, "2016-03-31": "2.80300", "2015-12-31": 3.837, "2015-09-30": -57.178, "2015-06-30": -1.531, "2015-03-31": "7.40200", "2014-12-31": 6.792, "2014-09-30": 7.359, "2014-06-30": 7.124, "2014-03-31": "10.00000", "2013-12-31": 10.51, "2013-09-30": 8.197, "2013-06-30": 8.814, "2013-03-31": "11.79800", "2012-12-31": 9.605, "2012-09-30": 6.875, "2012-06-30": 6.817, "2012-03-31": "7.60500", "2011-12-31": 5.753, "2011-09-30": 5.763, "2011-06-30": 4.339, "2011-03-31": "17.05000", "2010-12-31": 13.484, "2010-09-30": -5.109, "2010-06-30": 10.209, "2010-03-31": "-8.59400", "2009-12-31": -11.064, "2009-09-30": 1.539, "2009-06-30": -1.439, "2009-03-31": "-1.94900", "2008-12-31": -40.904, "2008-09-30": 8.98, "2008-06-30": -1.683, "2008-03-31": "-38.88400", "2007-12-31": -2.765, "2007-09-30": 7.811, "2007-06-30": -28.896, "2007-03-31": "-19.41800", "2006-12-31": 14.311, "2006-09-30": -10.28, "2006-06-30": 6.926, "2006-03-31": "9.67000", "2005-12-31": 1.935, "2005-09-30": 3.871, "2005-06-30": -35.12, "2005-03-31": "3.08400"}, "Total Common And Preferred Stock Dividends Paid": {"2020-12-31": -34.149, "2020-09-30": -34.24, "2020-06-30": -34.159, "2020-03-31": "-33.99700", "2019-12-31": -32.772, "2019-09-30": -33.016, "2019-06-30": -32.957, "2019-03-31": "-33.11000", "2018-12-31": -30.503, "2018-09-30": -30.459, "2018-06-30": -30.398, "2018-03-31": "-30.17700", "2017-12-31": -27.5, "2017-09-30": -27.456, "2017-06-30": -27.394, "2017-03-31": "-27.20100", "2016-12-31": -25.841, "2016-09-30": -25.783, "2016-06-30": -25.717, "2016-03-31": "-25.55600", "2015-12-31": -24.237, "2015-09-30": -24.537, "2015-06-30": -24.523, "2015-03-31": "-24.34600", "2014-12-31": -19.179, "2014-09-30": -19.132, "2014-06-30": -19.072, "2014-03-31": "-18.90400", "2013-12-31": -17.535, "2013-09-30": -17.514, "2013-06-30": -17.446, "2013-03-31": "-17.28100", "2012-12-31": -17.234, "2012-09-30": -17.148, "2012-06-30": -17.085, "2012-03-31": "-16.93400", "2011-12-31": -12.064, "2011-09-30": -12.037, "2011-06-30": -11.992, "2011-03-31": "-11.86800", "2010-12-31": -10.201, "2010-09-30": -10.192, "2010-06-30": -10.153, "2010-03-31": "-10.07200", "2009-12-31": -9.35, "2009-09-30": -9.341, "2009-06-30": -9.332, "2009-03-31": "-9.28500", "2008-12-31": -8.68, "2008-09-30": -8.685, "2008-06-30": -8.653, "2008-03-31": "-8.71700", "2007-12-31": -7.961, "2007-09-30": -7.926, "2007-06-30": -5.573, "2007-03-31": "-5.59200", "2006-12-31": -4.767, "2006-09-30": -4.777, "2006-06-30": -4.783, "2006-03-31": "-4.70700", "2005-12-31": -3.958, "2005-09-30": -3.936, "2005-06-30": -3.924, "2005-03-31": "-3.95800"}, "Financial Activities - Other": {"2020-12-31": -0.413, "2020-09-30": 0, "2020-06-30": -1.48, "2020-03-31": "", "2019-12-31": -0.837, "2019-09-30": 0, "2019-06-30": 0, "2019-03-31": "", "2018-12-31": -0.907, "2018-09-30": 0, "2018-06-30": 0, "2018-03-31": "", "2017-12-31": -0.842, "2017-09-30": 0, "2017-06-30": 0, "2017-03-31": "", "2016-12-31": 0, "2016-09-30": 0, "2016-06-30": 0, "2016-03-31": "", "2015-12-31": -0.944, "2015-09-30": 0.007, "2015-06-30": 0.921, "2015-03-31": "0.01600", "2014-12-31": 0.053, "2014-09-30": 0.134, "2014-06-30": 0.985, "2014-03-31": "0.07000", "2013-12-31": -6.08, "2013-09-30": -8.873, "2013-06-30": 1.583, "2013-03-31": "0.45900", "2012-12-31": -0.155, "2012-09-30": 0.259, "2012-06-30": 1.848, "2012-03-31": "0.24600", "2011-12-31": 0.104, "2011-09-30": 0.012, "2011-06-30": 3.708, "2011-03-31": "1.32700", "2010-12-31": 0.695, "2010-09-30": -0.02, "2010-06-30": 1.008, "2010-03-31": "-1.58700", "2009-12-31": -0.005, "2009-09-30": -0.066, "2009-06-30": -1.137, "2009-03-31": "-0.24200", "2008-12-31": -0.03, "2008-09-30": 0.751, "2008-06-30": 0.331, "2008-03-31": "0.16100", "2007-12-31": 0.573, "2007-09-30": 0.361, "2007-06-30": 0.635, "2007-03-31": "1.39500", "2006-12-31": 1.246, "2006-09-30": -0.684, "2006-06-30": 0.645, "2006-03-31": "3.06400", "2005-12-31": 0, "2005-09-30": 0, "2005-06-30": 0, "2005-03-31": ""}, "Cash Flow From Financial Activities": {"2020-12-31": -27.43, "2020-09-30": -42.96, "2020-06-30": 45.468, "2020-03-31": "-31.53200", "2019-12-31": -60.386, "2019-09-30": -69.634, "2019-06-30": -70.496, "2019-03-31": "-70.30100", "2018-12-31": -24.233, "2018-09-30": -22.657, "2018-06-30": -22.376, "2018-03-31": "-21.57700", "2017-12-31": -37.118, "2017-09-30": -29.993, "2017-06-30": -19.804, "2017-03-31": "-19.38400", "2016-12-31": -19.091, "2016-09-30": -33.456, "2016-06-30": -4.325, "2016-03-31": "-34.75300", "2015-12-31": -9.344, "2015-09-30": -56.708, "2015-06-30": -25.133, "2015-03-31": "-16.92800", "2014-12-31": -12.334, "2014-09-30": -11.639, "2014-06-30": -10.963, "2014-03-31": "-8.83400", "2013-12-31": -13.105, "2013-09-30": -18.19, "2013-06-30": -7.049, "2013-03-31": "-5.02400", "2012-12-31": -7.784, "2012-09-30": -10.014, "2012-06-30": -8.42, "2012-03-31": "-9.08300", "2011-12-31": -6.207, "2011-09-30": -6.262, "2011-06-30": -3.945, "2011-03-31": "6.50900", "2010-12-31": 3.978, "2010-09-30": -15.321, "2010-06-30": 1.064, "2010-03-31": "-20.25300", "2009-12-31": -20.419, "2009-09-30": -7.868, "2009-06-30": -11.908, "2009-03-31": "-11.47600", "2008-12-31": -49.614, "2008-09-30": 1.046, "2008-06-30": -10.005, "2008-03-31": "-47.44000", "2007-12-31": -10.153, "2007-09-30": 0.246, "2007-06-30": -33.834, "2007-03-31": "-23.61500", "2006-12-31": 10.79, "2006-09-30": -15.741, "2006-06-30": 2.788, "2006-03-31": "8.02700", "2005-12-31": -2.023, "2005-09-30": -0.065, "2005-06-30": -39.044, "2005-03-31": "-0.87400"}, "Net Cash Flow": {"2020-12-31": 62.913, "2020-09-30": -343.886, "2020-06-30": 286.764, "2020-03-31": "59.82500", "2019-12-31": -28.157, "2019-09-30": 31.012, "2019-06-30": -37.005, "2019-03-31": "-30.62000", "2018-12-31": -51.995, "2018-09-30": 93.762, "2018-06-30": -32.746, "2018-03-31": "-39.79900", "2017-12-31": -4.03, "2017-09-30": 31.044, "2017-06-30": -15.858, "2017-03-31": "-6.27500", "2016-12-31": -15.369, "2016-09-30": 15.391, "2016-06-30": 19.861, "2016-03-31": "14.27100", "2015-12-31": 21.894, "2015-09-30": -3.549, "2015-06-30": -6.764, "2015-03-31": "-34.48200", "2014-12-31": 14.575, "2014-09-30": 21.959, "2014-06-30": -3.205, "2014-03-31": "10.43800", "2013-12-31": 40.055, "2013-09-30": 20.628, "2013-06-30": -2.474, "2013-03-31": "10.05800", "2012-12-31": -149.54, "2012-09-30": 40.134, "2012-06-30": 32.892, "2012-03-31": "95.90200", "2011-12-31": -53.903, "2011-09-30": -10.856, "2011-06-30": -47.227, "2011-03-31": "35.14700", "2010-12-31": -7.397, "2010-09-30": 41.426, "2010-06-30": 0.8, "2010-03-31": "-16.84700", "2009-12-31": -31.235, "2009-09-30": 10.977, "2009-06-30": -5.725, "2009-03-31": "-1.95200", "2008-12-31": 15.735, "2008-09-30": -8.36, "2008-06-30": 16.16, "2008-03-31": "11.02600", "2007-12-31": 11.368, "2007-09-30": 22.091, "2007-06-30": 24.064, "2007-03-31": "37.02900", "2006-12-31": 46.91, "2006-09-30": -1.289, "2006-06-30": -3.861, "2006-03-31": "2.66300", "2005-12-31": 8.257, "2005-09-30": 2.968, "2005-06-30": -30.043, "2005-03-31": "-1.53400"}, "Stock-Based Compensation": {"2020-12-31": 15.82, "2020-09-30": 15.221, "2020-06-30": 15.231, "2020-03-31": "12.10400", "2019-12-31": 13.384, "2019-09-30": 13.392, "2019-06-30": 13.628, "2019-03-31": "11.03400", "2018-12-31": 10.124, "2018-09-30": 9.556, "2018-06-30": 9.732, "2018-03-31": "8.20400", "2017-12-31": 7.873, "2017-09-30": 7.546, "2017-06-30": 7.324, "2017-03-31": "6.40200", "2016-12-31": 6.197, "2016-09-30": 6.138, "2016-06-30": 6.749, "2016-03-31": "6.74800", "2015-12-31": 6.338, "2015-09-30": 6.406, "2015-06-30": 6.354, "2015-03-31": "6.39100", "2014-12-31": 6.228, "2014-09-30": 6.65, "2014-06-30": 6.328, "2014-03-31": "6.55300", "2013-12-31": 6.996, "2013-09-30": 7.99, "2013-06-30": 6.872, "2013-03-31": "7.13400", "2012-12-31": 7.29, "2012-09-30": 7.221, "2012-06-30": 6.982, "2012-03-31": "6.30300", "2011-12-31": 6.569, "2011-09-30": 6.354, "2011-06-30": 5.706, "2011-03-31": "4.59000", "2010-12-31": 4.601, "2010-09-30": 4.735, "2010-06-30": 4.543, "2010-03-31": "4.91600", "2009-12-31": 5.061, "2009-09-30": 5.202, "2009-06-30": 4.954, "2009-03-31": "5.08200", "2008-12-31": 5.164, "2008-09-30": 5.028, "2008-06-30": 4.923, "2008-03-31": "4.73900", "2007-12-31": 4.703, "2007-09-30": 4.712, "2007-06-30": 4.607, "2007-03-31": "3.73200", "2006-12-31": 3.734, "2006-09-30": 3.465, "2006-06-30": 3.598, "2006-03-31": "3.71000", "2005-12-31": 1.545, "2005-09-30": 0, "2005-06-30": 0, "2005-03-31": ""}, "Common Stock Dividends Paid": {"2020-12-31": -34.149, "2020-09-30": -34.24, "2020-06-30": -34.159, "2020-03-31": "-33.99700", "2019-12-31": -32.772, "2019-09-30": -33.016, "2019-06-30": -32.957, "2019-03-31": "-33.11000", "2018-12-31": -30.503, "2018-09-30": -30.459, "2018-06-30": -30.398, "2018-03-31": "-30.17700", "2017-12-31": -27.5, "2017-09-30": -27.456, "2017-06-30": -27.394, "2017-03-31": "-27.20100", "2016-12-31": -25.841, "2016-09-30": -25.783, "2016-06-30": -25.717, "2016-03-31": "-25.55600", "2015-12-31": -24.237, "2015-09-30": -24.537, "2015-06-30": -24.523, "2015-03-31": "-24.34600", "2014-12-31": -19.179, "2014-09-30": -19.132, "2014-06-30": -19.072, "2014-03-31": "-18.90400", "2013-12-31": -17.535, "2013-09-30": -17.514, "2013-06-30": -17.446, "2013-03-31": "-17.28100", "2012-12-31": -17.234, "2012-09-30": -17.148, "2012-06-30": -17.085, "2012-03-31": "-16.93400", "2011-12-31": -12.064, "2011-09-30": -12.037, "2011-06-30": -11.992, "2011-03-31": "-11.86800", "2010-12-31": -10.201, "2010-09-30": -10.192, "2010-06-30": -10.153, "2010-03-31": "-10.07200", "2009-12-31": -9.35, "2009-09-30": -9.341, "2009-06-30": -9.332, "2009-03-31": "-9.28500", "2008-12-31": -8.68, "2008-09-30": -8.685, "2008-06-30": -8.653, "2008-03-31": "-8.71700", "2007-12-31": -7.961, "2007-09-30": -7.926, "2007-06-30": -5.573, "2007-03-31": "-5.59200", "2006-12-31": -4.767, "2006-09-30": -4.777, "2006-06-30": -4.783, "2006-03-31": "-4.70700", "2005-12-31": -3.958, "2005-09-30": -3.936, "2005-06-30": -3.924, "2005-03-31": "-3.95800"}}, "financial ratios": {"Current Ratio": {"2019-12-31": "3.09470", "2018-12-31": "3.61230", "2017-12-31": "3.32060", "2016-12-31": "3.20930", "2015-12-31": "3.32930", "2014-12-31": "3.82710", "2013-12-31": "3.67680", "2012-12-31": "3.13400", "2011-12-31": "3.37970", "2010-12-31": "3.91260", "2009-12-31": "4.49400", "2008-12-31": "4.04670", "2007-12-31": "4.35000", "2006-12-31": "4.90030", "2005-12-31": "4.13500"}, "Long-term Debt / Capital": {"2019-12-31": "", "2018-12-31": "", "2017-12-31": "", "2016-12-31": "0.02190", "2015-12-31": "0.03310", "2014-12-31": "", "2013-12-31": "", "2012-12-31": "", "2011-12-31": "", "2010-12-31": "", "2009-12-31": "", "2008-12-31": "", "2007-12-31": "", "2006-12-31": "", "2005-12-31": ""}, "Debt/Equity Ratio": {"2019-12-31": "", "2018-12-31": "", "2017-12-31": "", "2016-12-31": "0.02240", "2015-12-31": "0.03420", "2014-12-31": "", "2013-12-31": "", "2012-12-31": "", "2011-12-31": "", "2010-12-31": "", "2009-12-31": "", "2008-12-31": "", "2007-12-31": "", "2006-12-31": "", "2005-12-31": ""}, "Gross Margin": {"2019-12-31": "75.10440", "2018-12-31": "75.44560", "2017-12-31": "74.53640", "2016-12-31": "74.50530", "2015-12-31": "74.13570", "2014-12-31": "74.42380", "2013-12-31": "73.96780", "2012-12-31": "75.49390", "2011-12-31": "76.47230", "2010-12-31": "77.08680", "2009-12-31": "74.89130", "2008-12-31": "74.75930", "2007-12-31": "74.97670", "2006-12-31": "73.75130", "2005-12-31": "73.88980"}, "Operating Margin": {"2019-12-31": "12.89920", "2018-12-31": "12.71980", "2017-12-31": "11.30600", "2016-12-31": "9.74820", "2015-12-31": "11.19360", "2014-12-31": "11.67230", "2013-12-31": "8.41040", "2012-12-31": "10.22430", "2011-12-31": "11.00520", "2010-12-31": "14.69420", "2009-12-31": "6.87720", "2008-12-31": "11.66520", "2007-12-31": "13.78900", "2006-12-31": "13.28300", "2005-12-31": "13.67720"}, "EBIT Margin": {"2019-12-31": "12.89920", "2018-12-31": "12.71980", "2017-12-31": "11.30600", "2016-12-31": "9.74820", "2015-12-31": "11.19360", "2014-12-31": "11.67230", "2013-12-31": "8.41040", "2012-12-31": "10.22430", "2011-12-31": "11.00520", "2010-12-31": "14.69420", "2009-12-31": "6.87720", "2008-12-31": "11.66520", "2007-12-31": "13.78900", "2006-12-31": "13.28300", "2005-12-31": "13.67720"}, "EBITDA Margin": {"2019-12-31": "18.33380", "2018-12-31": "17.91920", "2017-12-31": "16.94400", "2016-12-31": "15.72380", "2015-12-31": "17.17740", "2014-12-31": "17.31650", "2013-12-31": "14.20750", "2012-12-31": "15.35550", "2011-12-31": "15.87710", "2010-12-31": "19.03130", "2009-12-31": "12.54760", "2008-12-31": "16.18700", "2007-12-31": "18.73310", "2006-12-31": "18.45880", "2005-12-31": "18.67040"}, "Pre-Tax Profit Margin": {"2019-12-31": "13.34190", "2018-12-31": "12.98280", "2017-12-31": "11.43030", "2016-12-31": "9.33370", "2015-12-31": "10.71270", "2014-12-31": "11.57690", "2013-12-31": "8.28680", "2012-12-31": "10.04090", "2011-12-31": "10.85110", "2010-12-31": "14.67120", "2009-12-31": "7.42620", "2008-12-31": "11.96010", "2007-12-31": "15.32020", "2006-12-31": "14.43080", "2005-12-31": "14.10880"}, "Net Profit Margin": {"2019-12-31": "11.98270", "2018-12-31": "11.40850", "2017-12-31": "4.06480", "2016-12-31": "6.73630", "2015-12-31": "7.77360", "2014-12-31": "10.15650", "2013-12-31": "6.86640", "2012-12-31": "7.88120", "2011-12-31": "9.18520", "2010-12-31": "12.49580", "2009-12-31": "2.52510", "2008-12-31": "10.33800", "2007-12-31": "14.45650", "2006-12-31": "11.00960", "2005-12-31": "10.75770"}, "Asset Turnover": {"2019-12-31": "0.81920", "2018-12-31": "0.81330", "2017-12-31": "0.82310", "2016-12-31": "0.82070", "2015-12-31": "0.84290", "2014-12-31": "0.85460", "2013-12-31": "0.87270", "2012-12-31": "0.89020", "2011-12-31": "0.88730", "2010-12-31": "0.90990", "2009-12-31": "0.83220", "2008-12-31": "0.98550", "2007-12-31": "0.90420", "2006-12-31": "0.91570", "2005-12-31": "0.94000"}, "Inventory Turnover Ratio": {"2019-12-31": "1.68100", "2018-12-31": "1.71890", "2017-12-31": "1.77860", "2016-12-31": "1.61730", "2015-12-31": "1.71150", "2014-12-31": "1.83840", "2013-12-31": "1.77350", "2012-12-31": "1.64880", "2011-12-31": "1.82560", "2010-12-31": "1.69900", "2009-12-31": "1.96360", "2008-12-31": "1.92910", "2007-12-31": "2.24090", "2006-12-31": "2.24720", "2005-12-31": "2.37650"}, "Receiveable Turnover": {"2019-12-31": "5.43740", "2018-12-31": "5.59420", "2017-12-31": "5.18190", "2016-12-31": "5.37060", "2015-12-31": "5.66700", "2014-12-31": "6.14770", "2013-12-31": "6.48970", "2012-12-31": "6.11400", "2011-12-31": "6.52110", "2010-12-31": "6.86420", "2009-12-31": "6.50840", "2008-12-31": "6.75070", "2007-12-31": "5.63960", "2006-12-31": "5.63320", "2005-12-31": "5.97330"}, "Days Sales In Receivables": {"2019-12-31": "67.12780", "2018-12-31": "65.24650", "2017-12-31": "70.43750", "2016-12-31": "67.96270", "2015-12-31": "64.40790", "2014-12-31": "59.37160", "2013-12-31": "56.24300", "2012-12-31": "59.69870", "2011-12-31": "55.97240", "2010-12-31": "53.17460", "2009-12-31": "56.08140", "2008-12-31": "54.06830", "2007-12-31": "64.72090", "2006-12-31": "64.79460", "2005-12-31": "61.10540"}, "ROE - Return On Equity": {"2019-12-31": "13.78430", "2018-12-31": "12.52120", "2017-12-31": "4.64630", "2016-12-31": "7.42530", "2015-12-31": "8.80650", "2014-12-31": "11.30500", "2013-12-31": "7.86960", "2012-12-31": "9.59790", "2011-12-31": "11.04120", "2010-12-31": "14.65540", "2009-12-31": "2.61070", "2008-12-31": "12.76670", "2007-12-31": "16.19050", "2006-12-31": "12.18730", "2005-12-31": "12.20940"}, "Return On Tangible Equity": {"2019-12-31": "19.53570", "2018-12-31": "17.96630", "2017-12-31": "7.10230", "2016-12-31": "10.99660", "2015-12-31": "13.30830", "2014-12-31": "14.11720", "2013-12-31": "10.13690", "2012-12-31": "12.91440", "2011-12-31": "14.75880", "2010-12-31": "17.55830", "2009-12-31": "3.12770", "2008-12-31": "15.20300", "2007-12-31": "18.88980", "2006-12-31": "14.44980", "2005-12-31": "15.08820"}, "ROA - Return On Assets": {"2019-12-31": "9.81610", "2018-12-31": "9.27800", "2017-12-31": "3.34590", "2016-12-31": "5.52830", "2015-12-31": "6.55240", "2014-12-31": "8.67980", "2013-12-31": "5.99260", "2012-12-31": "7.01580", "2011-12-31": "8.14970", "2010-12-31": "11.37000", "2009-12-31": "2.10140", "2008-12-31": "10.18830", "2007-12-31": "13.07170", "2006-12-31": "10.08130", "2005-12-31": "10.11230"}, "ROI - Return On Investment": {"2019-12-31": "13.78430", "2018-12-31": "12.52120", "2017-12-31": "4.64630", "2016-12-31": "7.26230", "2015-12-31": "8.51530", "2014-12-31": "11.30500", "2013-12-31": "7.86960", "2012-12-31": "9.59790", "2011-12-31": "11.04120", "2010-12-31": "14.65540", "2009-12-31": "2.61070", "2008-12-31": "12.76670", "2007-12-31": "16.19050", "2006-12-31": "12.18740", "2005-12-31": "12.20940"}, "Book Value Per Share": {"2019-12-31": "9.01390", "2018-12-31": "9.33510", "2017-12-31": "8.61220", "2016-12-31": "8.62380", "2015-12-31": "8.48600", "2014-12-31": "8.74070", "2013-12-31": "8.13970", "2012-12-31": "7.64270", "2011-12-31": "7.06030", "2010-12-31": "6.31480", "2009-12-31": "5.63900", "2008-12-31": "5.73830", "2007-12-31": "5.55030", "2006-12-31": "4.97880", "2005-12-31": "4.23710"}, "Operating Cash Flow Per Share": {"2019-12-31": -0.3697, "2018-12-31": 0.352, "2017-12-31": 0.1565, "2016-12-31": 0.2378, "2015-12-31": -0.2127, "2014-12-31": 0.177, "2013-12-31": 0.2721, "2012-12-31": -0.324, "2011-12-31": 0.1782, "2010-12-31": 0.0644, "2009-12-31": 0.1377, "2008-12-31": -0.191, "2007-12-31": 0.4117, "2006-12-31": 0.0751, "2005-12-31": 0.7255}, "Free Cash Flow Per Share": {"2019-12-31": -0.285, "2018-12-31": 0.5327, "2017-12-31": 0.2004, "2016-12-31": 0.1544, "2015-12-31": -0.1672, "2014-12-31": 0.1228, "2013-12-31": 0.5925, "2012-12-31": -0.5917, "2011-12-31": -0.0013, "2010-12-31": -0.0224, "2009-12-31": 0.1477, "2008-12-31": -0.2141, "2007-12-31": 0.3508, "2006-12-31": 0.1005, "2005-12-31": 0.4885}}, "financial ratios, quarterly": {"Current Ratio": {"2020-09-30": "2.38010", "2020-06-30": "3.27270", "2020-03-31": "3.41210", "2019-12-31": "3.09470", "2019-09-30": "3.17150", "2019-06-30": "3.27780", "2019-03-31": "3.35540", "2018-12-31": "3.61230", "2018-09-30": "3.53810", "2018-06-30": "3.46160", "2018-03-31": "3.31840", "2017-12-31": "3.32060", "2017-09-30": "3.22350", "2017-06-30": "3.28440", "2017-03-31": "3.15160", "2016-12-31": "3.20930", "2016-09-30": "3.16890", "2016-06-30": "3.22790", "2016-03-31": "3.11070", "2015-12-31": "3.32930", "2015-09-30": "3.72580", "2015-06-30": "3.80100", "2015-03-31": "3.89640", "2014-12-31": "3.82710", "2014-09-30": "3.63340", "2014-06-30": "3.53390", "2014-03-31": "3.64180", "2013-12-31": "3.67680", "2013-09-30": "3.45410", "2013-06-30": "3.33470", "2013-03-31": "3.20380", "2012-12-31": "3.13400", "2012-09-30": "3.42880", "2012-06-30": "3.49130", "2012-03-31": "3.39130", "2011-12-31": "3.37970", "2011-09-30": "3.14950", "2011-06-30": "3.49840", "2011-03-31": "4.19190", "2010-12-31": "3.91260", "2010-09-30": "3.65070", "2010-06-30": "3.85710", "2010-03-31": "4.06870", "2009-12-31": "4.49400", "2009-09-30": "4.49940", "2009-06-30": "4.40370", "2009-03-31": "4.45110", "2008-12-31": "4.04670", "2008-09-30": "4.03760", "2008-06-30": "3.87850", "2008-03-31": "3.81270", "2007-12-31": "4.35000", "2007-09-30": "4.24090", "2007-06-30": "4.52060", "2007-03-31": "4.96460", "2006-12-31": "4.90030", "2006-09-30": "4.31560", "2006-06-30": "4.25260", "2006-03-31": "4.40050", "2005-12-31": "4.13500", "2005-09-30": "4.10040", "2005-06-30": "4.16510", "2005-03-31": "4.77150"}, "Long-term Debt / Capital": {"2020-09-30": "0.06370", "2020-06-30": "0.06280", "2020-03-31": "", "2019-12-31": "", "2019-09-30": "", "2019-06-30": "", "2019-03-31": "", "2018-12-31": "", "2018-09-30": "", "2018-06-30": "", "2018-03-31": "", "2017-12-31": "", "2017-09-30": "0.01270", "2017-06-30": "0.02150", "2017-03-31": "0.02190", "2016-12-31": "0.02190", "2016-09-30": "0.02210", "2016-06-30": "0.03540", "2016-03-31": "0.02250", "2015-12-31": "0.03310", "2015-09-30": "0.02300", "2015-06-30": "", "2015-03-31": "", "2014-12-31": "", "2014-09-30": "", "2014-06-30": "", "2014-03-31": "", "2013-12-31": "", "2013-09-30": "", "2013-06-30": "", "2013-03-31": "", "2012-12-31": "", "2012-09-30": "", "2012-06-30": "", "2012-03-31": "", "2011-12-31": "", "2011-09-30": "", "2011-06-30": "", "2011-03-31": "", "2010-12-31": "", "2010-09-30": "", "2010-06-30": "", "2010-03-31": "", "2009-12-31": "", "2009-09-30": "", "2009-06-30": "", "2009-03-31": "", "2008-12-31": "", "2008-09-30": "", "2008-06-30": "", "2008-03-31": "", "2007-12-31": "", "2007-09-30": "", "2007-06-30": "", "2007-03-31": "", "2006-12-31": "", "2006-09-30": "", "2006-06-30": "", "2006-03-31": "", "2005-12-31": "", "2005-09-30": "", "2005-06-30": "", "2005-03-31": ""}, "Debt/Equity Ratio": {"2020-09-30": "0.07080", "2020-06-30": "0.06970", "2020-03-31": "", "2019-12-31": "", "2019-09-30": "", "2019-06-30": "", "2019-03-31": "", "2018-12-31": "", "2018-09-30": "", "2018-06-30": "", "2018-03-31": "", "2017-12-31": "", "2017-09-30": "0.01290", "2017-06-30": "0.02200", "2017-03-31": "0.02240", "2016-12-31": "0.02240", "2016-09-30": "0.02260", "2016-06-30": "0.03670", "2016-03-31": "0.02300", "2015-12-31": "0.03420", "2015-09-30": "0.02360", "2015-06-30": "", "2015-03-31": "", "2014-12-31": "", "2014-09-30": "", "2014-06-30": "", "2014-03-31": "", "2013-12-31": "", "2013-09-30": "", "2013-06-30": "", "2013-03-31": "", "2012-12-31": "", "2012-09-30": "", "2012-06-30": "", "2012-03-31": "", "2011-12-31": "", "2011-09-30": "", "2011-06-30": "", "2011-03-31": "", "2010-12-31": "", "2010-09-30": "", "2010-06-30": "", "2010-03-31": "", "2009-12-31": "", "2009-09-30": "", "2009-06-30": "", "2009-03-31": "", "2008-12-31": "", "2008-09-30": "", "2008-06-30": "", "2008-03-31": "", "2007-12-31": "", "2007-09-30": "", "2007-06-30": "", "2007-03-31": "", "2006-12-31": "", "2006-09-30": "", "2006-06-30": "", "2006-03-31": "", "2005-12-31": "", "2005-09-30": "", "2005-06-30": "", "2005-03-31": ""}, "Gross Margin": {"2020-09-30": "70.05650", "2020-06-30": "71.49260", "2020-03-31": "72.92630", "2019-12-31": "75.19920", "2019-09-30": "74.76370", "2019-06-30": "74.93770", "2019-03-31": "75.54440", "2018-12-31": "75.55400", "2018-09-30": "74.28260", "2018-06-30": "75.90710", "2018-03-31": "76.10650", "2017-12-31": "75.52850", "2017-09-30": "73.90290", "2017-06-30": "74.11870", "2017-03-31": "74.50100", "2016-12-31": "74.81680", "2016-09-30": "74.95400", "2016-06-30": "74.67930", "2016-03-31": "73.48470", "2015-12-31": "74.04470", "2015-09-30": "74.26190", "2015-06-30": "74.59340", "2015-03-31": "73.63300", "2014-12-31": "74.70970", "2014-09-30": "74.19550", "2014-06-30": "73.83500", "2014-03-31": "74.98820", "2013-12-31": "74.74050", "2013-09-30": "73.98960", "2013-06-30": "71.69620", "2013-03-31": "75.48240", "2012-12-31": "75.16670", "2012-09-30": "74.65500", "2012-06-30": "75.75750", "2012-03-31": "76.50700", "2011-12-31": "75.76450", "2011-09-30": "74.42430", "2011-06-30": "77.93540", "2011-03-31": "77.93740", "2010-12-31": "77.47710", "2010-09-30": "76.45580", "2010-06-30": "77.02640", "2010-03-31": "77.37100", "2009-12-31": "76.87660", "2009-09-30": "74.61210", "2009-06-30": "73.39300", "2009-03-31": "74.09170", "2008-12-31": "75.21460", "2008-09-30": "74.65240", "2008-06-30": "74.60970", "2008-03-31": "74.56480", "2007-12-31": "74.20640", "2007-09-30": "74.93900", "2007-06-30": "75.44750", "2007-03-31": "75.44410", "2006-12-31": "73.23830", "2006-09-30": "74.13990", "2006-06-30": "74.48710", "2006-03-31": "73.17970", "2005-12-31": "73.48190", "2005-09-30": "73.24280", "2005-06-30": "73.92950", "2005-03-31": "75.05470"}, "Operating Margin": {"2020-09-30": "-0.69650", "2020-06-30": "5.44750", "2020-03-31": "55.53870", "2019-12-31": "14.60840", "2019-09-30": "19.14510", "2019-06-30": "9.66280", "2019-03-31": "7.52200", "2018-12-31": "17.16750", "2018-09-30": "13.29280", "2018-06-30": "10.82440", "2018-03-31": "9.02120", "2017-12-31": "16.38710", "2017-09-30": "11.68980", "2017-06-30": "8.98630", "2017-03-31": "7.43670", "2016-12-31": "14.99030", "2016-09-30": "9.58570", "2016-06-30": "8.90770", "2016-03-31": "4.82070", "2015-12-31": "14.95510", "2015-09-30": "10.79040", "2015-06-30": "11.49370", "2015-03-31": "6.95410", "2014-12-31": "16.53820", "2014-09-30": "10.93490", "2014-06-30": "10.24110", "2014-03-31": "8.36890", "2013-12-31": "13.15700", "2013-09-30": "7.09870", "2013-06-30": "6.45700", "2013-03-31": "6.76960", "2012-12-31": "9.25660", "2012-09-30": "10.32020", "2012-06-30": "11.92910", "2012-03-31": "9.32250", "2011-12-31": "11.68920", "2011-09-30": "4.21820", "2011-06-30": "13.00600", "2011-03-31": "15.35090", "2010-12-31": "18.65040", "2010-09-30": "14.37480", "2010-06-30": "14.39800", "2010-03-31": "10.21610", "2009-12-31": "17.84800", "2009-09-30": "6.47620", "2009-06-30": "1.53850", "2009-03-31": "-1.57100", "2008-12-31": "10.82200", "2008-09-30": "12.99580", "2008-06-30": "13.22440", "2008-03-31": "9.36410", "2007-12-31": "15.25000", "2007-09-30": "13.31480", "2007-06-30": "13.48160", "2007-03-31": "12.87690", "2006-12-31": "15.77160", "2006-09-30": "13.63180", "2006-06-30": "13.05930", "2006-03-31": "10.22670", "2005-12-31": "16.65650", "2005-09-30": "12.95250", "2005-06-30": "13.55830", "2005-03-31": "10.93110"}, "EBIT Margin": {"2020-09-30": "-0.69650", "2020-06-30": "5.44750", "2020-03-31": "55.53870", "2019-12-31": "14.60840", "2019-09-30": "19.14510", "2019-06-30": "9.66280", "2019-03-31": "7.52200", "2018-12-31": "17.16750", "2018-09-30": "13.29280", "2018-06-30": "10.82440", "2018-03-31": "9.02120", "2017-12-31": "16.38710", "2017-09-30": "11.68980", "2017-06-30": "8.98630", "2017-03-31": "7.43670", "2016-12-31": "14.99030", "2016-09-30": "9.58570", "2016-06-30": "8.90770", "2016-03-31": "4.82070", "2015-12-31": "14.95510", "2015-09-30": "10.79040", "2015-06-30": "11.49370", "2015-03-31": "6.95410", "2014-12-31": "16.53820", "2014-09-30": "10.93490", "2014-06-30": "10.24110", "2014-03-31": "8.36890", "2013-12-31": "13.15700", "2013-09-30": "7.09870", "2013-06-30": "6.45700", "2013-03-31": "6.76960", "2012-12-31": "9.25660", "2012-09-30": "10.32020", "2012-06-30": "11.92910", "2012-03-31": "9.32250", "2011-12-31": "11.68920", "2011-09-30": "4.21820", "2011-06-30": "13.00600", "2011-03-31": "15.35090", "2010-12-31": "18.65040", "2010-09-30": "14.37480", "2010-06-30": "14.39800", "2010-03-31": "10.21610", "2009-12-31": "17.84800", "2009-09-30": "6.47620", "2009-06-30": "1.53850", "2009-03-31": "-1.57100", "2008-12-31": "10.82200", "2008-09-30": "12.99580", "2008-06-30": "13.22440", "2008-03-31": "9.36410", "2007-12-31": "15.24990", "2007-09-30": "13.31480", "2007-06-30": "13.48160", "2007-03-31": "12.87690", "2006-12-31": "15.77160", "2006-09-30": "13.63180", "2006-06-30": "13.05930", "2006-03-31": "10.22670", "2005-12-31": "16.65650", "2005-09-30": "12.95250", "2005-06-30": "13.55830", "2005-03-31": "10.93110"}, "EBITDA Margin": {"2020-09-30": "", "2020-06-30": "", "2020-03-31": "", "2019-12-31": "", "2019-09-30": "", "2019-06-30": "", "2019-03-31": "", "2018-12-31": "", "2018-09-30": "", "2018-06-30": "", "2018-03-31": "", "2017-12-31": "", "2017-09-30": "", "2017-06-30": "", "2017-03-31": "", "2016-12-31": "", "2016-09-30": "", "2016-06-30": "", "2016-03-31": "", "2015-12-31": "", "2015-09-30": "", "2015-06-30": "", "2015-03-31": "", "2014-12-31": "", "2014-09-30": "", "2014-06-30": "", "2014-03-31": "", "2013-12-31": "", "2013-09-30": "", "2013-06-30": "", "2013-03-31": "", "2012-12-31": "", "2012-09-30": "", "2012-06-30": "", "2012-03-31": "", "2011-12-31": "", "2011-09-30": "", "2011-06-30": "", "2011-03-31": "", "2010-12-31": "", "2010-09-30": "", "2010-06-30": "", "2010-03-31": "", "2009-12-31": "", "2009-09-30": "", "2009-06-30": "", "2009-03-31": "", "2008-12-31": "", "2008-09-30": "", "2008-06-30": "", "2008-03-31": "", "2007-12-31": "", "2007-09-30": "", "2007-06-30": "", "2007-03-31": "", "2006-12-31": "", "2006-09-30": "", "2006-06-30": "", "2006-03-31": "", "2005-12-31": "", "2005-09-30": "", "2005-06-30": "", "2005-03-31": ""}, "Pre-Tax Profit Margin": {"2020-09-30": "-1.34590", "2020-06-30": "5.06820", "2020-03-31": "55.71960", "2019-12-31": "14.77440", "2019-09-30": "19.80570", "2019-06-30": "9.82880", "2019-03-31": "8.35010", "2018-12-31": "17.62400", "2018-09-30": "13.97610", "2018-06-30": "10.26430", "2018-03-31": "9.49420", "2017-12-31": "16.22270", "2017-09-30": "11.87680", "2017-06-30": "9.21250", "2017-03-31": "7.72190", "2016-12-31": "14.27350", "2016-09-30": "9.52590", "2016-06-30": "8.58950", "2016-03-31": "4.27090", "2015-12-31": "13.21920", "2015-09-30": "11.06230", "2015-06-30": "11.42380", "2015-03-31": "6.71470", "2014-12-31": "16.16040", "2014-09-30": "10.88390", "2014-06-30": "10.20780", "2014-03-31": "8.48650", "2013-12-31": "12.95250", "2013-09-30": "7.40750", "2013-06-30": "6.29700", "2013-03-31": "6.33220", "2012-12-31": "9.32020", "2012-09-30": "9.97500", "2012-06-30": "11.67830", "2012-03-31": "9.11030", "2011-12-31": "11.33680", "2011-09-30": "4.04220", "2011-06-30": "12.72450", "2011-03-31": "15.58800", "2010-12-31": "18.75160", "2010-09-30": "14.81300", "2010-06-30": "13.75090", "2010-03-31": "10.18990", "2009-12-31": "17.89710", "2009-09-30": "7.54320", "2009-06-30": "2.72410", "2009-03-31": "-1.53930", "2008-12-31": "10.41280", "2008-09-30": "12.26530", "2008-06-30": "13.73380", "2008-03-31": "11.30580", "2007-12-31": "17.10040", "2007-09-30": "14.79240", "2007-06-30": "14.87550", "2007-03-31": "14.22800", "2006-12-31": "17.09920", "2006-09-30": "15.07450", "2006-06-30": "14.15100", "2006-03-31": "10.90910", "2005-12-31": "17.10560", "2005-09-30": "13.37900", "2005-06-30": "14.03830", "2005-03-31": "11.29410"}, "Net Profit Margin": {"2020-09-30": "-1.50000", "2020-06-30": "3.61370", "2020-03-31": "42.87760", "2019-12-31": "15.94560", "2019-09-30": "15.16970", "2019-06-30": "8.58450", "2019-03-31": "7.46450", "2018-12-31": "15.70150", "2018-09-30": "12.47920", "2018-06-30": "9.10650", "2018-03-31": "7.78080", "2017-12-31": "-6.94240", "2017-09-30": "10.40410", "2017-06-30": "7.89530", "2017-03-31": "6.04720", "2016-12-31": "8.87190", "2016-09-30": "7.99340", "2016-06-30": "6.46840", "2016-03-31": "3.23770", "2015-12-31": "9.61240", "2015-09-30": "7.73080", "2015-06-30": "8.26470", "2015-03-31": "5.18250", "2014-12-31": "13.03730", "2014-09-30": "12.65600", "2014-06-30": "7.84210", "2014-03-31": "6.57700", "2013-12-31": "10.54770", "2013-09-30": "5.45210", "2013-06-30": "4.86990", "2013-03-31": "6.49240", "2012-12-31": "6.89720", "2012-09-30": "8.39390", "2012-06-30": "9.04710", "2012-03-31": "7.13890", "2011-12-31": "8.74910", "2011-09-30": "4.99470", "2011-06-30": "10.48150", "2011-03-31": "12.80680", "2010-12-31": "15.21350", "2010-09-30": "12.76170", "2010-06-30": "11.62020", "2010-03-31": "9.60430", "2009-12-31": "1.17360", "2009-09-30": "6.01750", "2009-06-30": "2.91140", "2009-03-31": "0.22690", "2008-12-31": "9.55830", "2008-09-30": "10.76970", "2008-06-30": "11.75160", "2008-03-31": "9.13130", "2007-12-31": "22.30950", "2007-09-30": "11.67950", "2007-06-30": "11.56060", "2007-03-31": "11.09820", "2006-12-31": "13.46570", "2006-09-30": "11.36710", "2006-06-30": "10.63000", "2006-03-31": "8.14340", "2005-12-31": "13.12660", "2005-09-30": "10.16750", "2005-06-30": "10.66880", "2005-03-31": "8.58330"}, "Asset Turnover": {"2020-09-30": "0.16710", "2020-06-30": "0.16290", "2020-03-31": "0.17550", "2019-12-31": "0.22250", "2019-09-30": "0.20910", "2019-06-30": "0.20390", "2019-03-31": "0.18610", "2018-12-31": "0.21550", "2018-09-30": "0.21240", "2018-06-30": "0.21400", "2018-03-31": "0.19600", "2017-12-31": "0.22330", "2017-09-30": "0.20960", "2017-06-30": "0.21170", "2017-03-31": "0.20120", "2016-12-31": "0.21950", "2016-09-30": "0.20800", "2016-06-30": "0.20780", "2016-03-31": "0.19720", "2015-12-31": "0.23000", "2015-09-30": "0.21210", "2015-06-30": "0.20720", "2015-03-31": "0.20060", "2014-12-31": "0.22860", "2014-09-30": "0.22080", "2014-06-30": "0.22250", "2014-03-31": "0.20840", "2013-12-31": "0.22390", "2013-09-30": "0.21880", "2013-06-30": "0.22710", "2013-03-31": "0.22070", "2012-12-31": "0.23380", "2012-09-30": "0.23490", "2012-06-30": "0.24080", "2012-03-31": "0.22300", "2011-12-31": "0.24090", "2011-09-30": "0.22850", "2011-06-30": "0.23250", "2011-03-31": "0.23520", "2010-12-31": "0.26050", "2010-09-30": "0.24170", "2010-06-30": "0.24390", "2010-03-31": "0.23020", "2009-12-31": "0.24800", "2009-09-30": "0.20210", "2009-06-30": "0.18800", "2009-03-31": "0.19560", "2008-12-31": "0.24270", "2008-09-30": "0.24940", "2008-06-30": "0.25410", "2008-03-31": "0.23930", "2007-12-31": "0.25010", "2007-09-30": "0.23850", "2007-06-30": "0.24800", "2007-03-31": "0.23850", "2006-12-31": "0.25160", "2006-09-30": "0.24100", "2006-06-30": "0.23790", "2006-03-31": "0.24370", "2005-12-31": "0.26250", "2005-09-30": "0.24320", "2005-06-30": "0.25070", "2005-03-31": "0.21970"}, "Inventory Turnover Ratio": {"2020-09-30": "0.44030", "2020-06-30": "0.40920", "2020-03-31": "0.40170", "2019-12-31": "0.45470", "2019-09-30": "0.41560", "2019-06-30": "0.40500", "2019-03-31": "0.37160", "2018-12-31": "0.45340", "2018-09-30": "0.46260", "2018-06-30": "0.42480", "2018-03-31": "0.38560", "2017-12-31": "0.46370", "2017-09-30": "0.45360", "2017-06-30": "0.44300", "2017-03-31": "0.39270", "2016-12-31": "0.42730", "2016-09-30": "0.39070", "2016-06-30": "0.39830", "2016-03-31": "0.39650", "2015-12-31": "0.46860", "2015-09-30": "0.40620", "2015-06-30": "0.40910", "2015-03-31": "0.42890", "2014-12-31": "0.48630", "2014-09-30": "0.47380", "2014-06-30": "0.48910", "2014-03-31": "0.41820", "2013-12-31": "0.44150", "2013-09-30": "0.42040", "2013-06-30": "0.45240", "2013-03-31": "0.37240", "2012-12-31": "0.43870", "2012-09-30": "0.47330", "2012-06-30": "0.47550", "2012-03-31": "0.43690", "2011-12-31": "0.51050", "2011-09-30": "0.49200", "2011-06-30": "0.39480", "2011-03-31": "0.39040", "2010-12-31": "0.47810", "2010-09-30": "0.51120", "2010-06-30": "0.50670", "2010-03-31": "0.48140", "2009-12-31": "0.53880", "2009-09-30": "0.47220", "2009-06-30": "0.42500", "2009-03-31": "0.39840", "2008-12-31": "0.46660", "2008-09-30": "0.54650", "2008-06-30": "0.55860", "2008-03-31": "0.54590", "2007-12-31": "0.63900", "2007-09-30": "0.59780", "2007-06-30": "0.58410", "2007-03-31": "0.54690", "2006-12-31": "0.62950", "2006-09-30": "0.53360", "2006-06-30": "0.49570", "2006-03-31": "0.56890", "2005-12-31": "0.67390", "2005-09-30": "0.69060", "2005-06-30": "0.65390", "2005-03-31": "0.57860"}, "Receiveable Turnover": {"2020-09-30": "1.43570", "2020-06-30": "1.42290", "2020-03-31": "1.45240", "2019-12-31": "1.47650", "2019-09-30": "1.51780", "2019-06-30": "1.50170", "2019-03-31": "1.44680", "2018-12-31": "1.48220", "2018-09-30": "1.44540", "2018-06-30": "1.36450", "2018-03-31": "1.28730", "2017-12-31": "1.40560", "2017-09-30": "1.36460", "2017-06-30": "1.37950", "2017-03-31": "1.33820", "2016-12-31": "1.43660", "2016-09-30": "1.48600", "2016-06-30": "1.37730", "2016-03-31": "1.38530", "2015-12-31": "1.54610", "2015-09-30": "1.61490", "2015-06-30": "1.46810", "2015-03-31": "1.51580", "2014-12-31": "1.64470", "2014-09-30": "1.67110", "2014-06-30": "1.48330", "2014-03-31": "1.56810", "2013-12-31": "1.66490", "2013-09-30": "1.58240", "2013-06-30": "1.71290", "2013-03-31": "1.66440", "2012-12-31": "1.60550", "2012-09-30": "1.58800", "2012-06-30": "1.55240", "2012-03-31": "1.68050", "2011-12-31": "1.77040", "2011-09-30": "1.60770", "2011-06-30": "1.70060", "2011-03-31": "1.79990", "2010-12-31": "1.96490", "2010-09-30": "1.81440", "2010-06-30": "1.90720", "2010-03-31": "1.82310", "2009-12-31": "1.93920", "2009-09-30": "1.81780", "2009-06-30": "1.66490", "2009-03-31": "1.73560", "2008-12-31": "1.66280", "2008-09-30": "1.74690", "2008-06-30": "1.61680", "2008-03-31": "1.50020", "2007-12-31": "1.56010", "2007-09-30": "1.52050", "2007-06-30": "1.53980", "2007-03-31": "1.55470", "2006-12-31": "1.54780", "2006-09-30": "1.58790", "2006-06-30": "1.54700", "2006-03-31": "1.64310", "2005-12-31": "1.66780", "2005-09-30": "1.67140", "2005-06-30": "1.65250", "2005-03-31": "1.48510"}, "Days Sales In Receivables": {"2020-09-30": "62.68840", "2020-06-30": "63.24960", "2020-03-31": "61.96680", "2019-12-31": "60.95360", "2019-09-30": "59.29780", "2019-06-30": "59.93120", "2019-03-31": "62.20730", "2018-12-31": "60.72210", "2018-09-30": "62.26650", "2018-06-30": "65.95690", "2018-03-31": "69.91470", "2017-12-31": "64.02930", "2017-09-30": "65.95370", "2017-06-30": "65.24050", "2017-03-31": "67.25630", "2016-12-31": "62.64740", "2016-09-30": "60.56650", "2016-06-30": "65.34320", "2016-03-31": "64.96940", "2015-12-31": "58.21010", "2015-09-30": "55.73230", "2015-06-30": "61.30440", "2015-03-31": "59.37310", "2014-12-31": "54.72030", "2014-09-30": "53.85810", "2014-06-30": "60.67520", "2014-03-31": "57.39570", "2013-12-31": "54.05880", "2013-09-30": "56.87620", "2013-06-30": "52.54250", "2013-03-31": "54.07230", "2012-12-31": "56.05710", "2012-09-30": "56.67530", "2012-06-30": "57.97330", "2012-03-31": "53.55410", "2011-12-31": "50.83620", "2011-09-30": "55.98190", "2011-06-30": "52.92280", "2011-03-31": "50.00340", "2010-12-31": "45.80380", "2010-09-30": "49.60450", "2010-06-30": "47.18900", "2010-03-31": "49.36720", "2009-12-31": "46.41010", "2009-09-30": "49.51130", "2009-06-30": "54.05630", "2009-03-31": "51.85410", "2008-12-31": "54.12640", "2008-09-30": "51.51950", "2008-06-30": "55.66710", "2008-03-31": "59.99210", "2007-12-31": "57.68830", "2007-09-30": "59.19010", "2007-06-30": "58.45080", "2007-03-31": "57.88720", "2006-12-31": "58.14810", "2006-09-30": "56.67760", "2006-06-30": "58.17570", "2006-03-31": "54.77510", "2005-12-31": "53.96420", "2005-09-30": "53.84700", "2005-06-30": "54.46320", "2005-03-31": "60.60260"}, "ROE - Return On Equity": {"2020-09-30": "-0.37300", "2020-06-30": "0.85760", "2020-03-31": "10.36270", "2019-12-31": "4.98110", "2019-09-30": "4.44380", "2019-06-30": "2.44280", "2019-03-31": "1.93300", "2018-12-31": "4.56580", "2018-09-30": "3.60880", "2018-06-30": "2.66400", "2018-03-31": "2.11080", "2017-12-31": "-2.15250", "2017-09-30": "2.86900", "2017-06-30": "2.21040", "2017-03-31": "1.62650", "2016-12-31": "2.61590", "2016-09-30": "2.21140", "2016-06-30": "1.81450", "2016-03-31": "0.85420", "2015-12-31": "2.97100", "2015-09-30": "2.18740", "2015-06-30": "2.22770", "2015-03-31": "1.34570", "2014-12-31": "3.88230", "2014-09-30": "3.65150", "2014-06-30": "2.31810", "2014-03-31": "1.80420", "2013-12-31": "3.10120", "2013-09-30": "1.59040", "2013-06-30": "1.48400", "2013-03-31": "1.94200", "2012-12-31": "2.20570", "2012-09-30": "2.65060", "2012-06-30": "2.94990", "2012-03-31": "2.12980", "2011-12-31": "2.85520", "2011-09-30": "1.54040", "2011-06-30": "3.21230", "2011-03-31": "3.83460", "2010-12-31": "5.10750", "2010-09-30": "4.01320", "2010-06-30": "3.63950", "2010-03-31": "2.79270", "2009-12-31": "0.36150", "2009-09-30": "1.49240", "2009-06-30": "0.67380", "2009-03-31": "0.05460", "2008-12-31": "2.90740", "2008-09-30": "3.36480", "2008-06-30": "3.74970", "2008-03-31": "2.75410", "2007-12-31": "6.91180", "2007-09-30": "3.47060", "2007-06-30": "3.51550", "2007-03-31": "3.19200", "2006-12-31": "4.09560", "2006-09-30": "3.31720", "2006-06-30": "3.06810", "2006-03-31": "2.38290", "2005-12-31": "4.15960", "2005-09-30": "2.97390", "2005-06-30": "3.20070", "2005-03-31": "2.24680"}, "Return On Tangible Equity": {"2020-09-30": "-0.81230", "2020-06-30": "1.15170", "2020-03-31": "13.95460", "2019-12-31": "7.05940", "2019-09-30": "6.36350", "2019-06-30": "3.52920", "2019-03-31": "2.78150", "2018-12-31": "6.55130", "2018-09-30": "5.28220", "2018-06-30": "3.97820", "2018-03-31": "3.21920", "2017-12-31": "-3.29040", "2017-09-30": "4.30260", "2017-06-30": "3.32600", "2017-03-31": "2.42600", "2016-12-31": "3.87410", "2016-09-30": "3.32790", "2016-06-30": "2.73960", "2016-03-31": "1.29960", "2015-12-31": "4.48980", "2015-09-30": "2.87000", "2015-06-30": "2.84840", "2015-03-31": "1.71960", "2014-12-31": "4.84810", "2014-09-30": "4.62130", "2014-06-30": "2.97230", "2014-03-31": "2.31800", "2013-12-31": "3.99470", "2013-09-30": "2.07580", "2013-06-30": "1.95710", "2013-03-31": "2.57670", "2012-12-31": "2.96780", "2012-09-30": "3.41160", "2012-06-30": "3.85050", "2012-03-31": "2.81050", "2011-12-31": "3.81660", "2011-09-30": "2.10410", "2011-06-30": "4.42110", "2011-03-31": "4.53500", "2010-12-31": "6.11920", "2010-09-30": "4.85820", "2010-06-30": "4.43860", "2010-03-31": "3.40180", "2009-12-31": "0.43310", "2009-09-30": "1.78780", "2009-06-30": "0.81120", "2009-03-31": "0.06520", "2008-12-31": "3.46220", "2008-09-30": "4.00130", "2008-06-30": "4.52140", "2008-03-31": "3.32470", "2007-12-31": "8.06420", "2007-09-30": "4.10700", "2007-06-30": "4.20740", "2007-03-31": "3.80530", "2006-12-31": "4.85590", "2006-09-30": "3.98650", "2006-06-30": "3.69820", "2006-03-31": "2.89690", "2005-12-31": "5.14040", "2005-09-30": "3.63770", "2005-06-30": "3.90030", "2005-03-31": "2.51210"}, "ROA - Return On Assets": {"2020-09-30": "-0.25070", "2020-06-30": "0.58870", "2020-03-31": "7.52500", "2019-12-31": "3.54720", "2019-09-30": "3.17160", "2019-06-30": "1.75010", "2019-03-31": "1.38930", "2018-12-31": "3.38320", "2018-09-30": "2.65010", "2018-06-30": "1.94850", "2018-03-31": "1.52480", "2017-12-31": "-1.55010", "2017-09-30": "2.18070", "2017-06-30": "1.67110", "2017-03-31": "1.21640", "2016-12-31": "1.94760", "2016-09-30": "1.66260", "2016-06-30": "1.34390", "2016-03-31": "0.63850", "2015-12-31": "2.21050", "2015-09-30": "1.64000", "2015-06-30": "1.71280", "2015-03-31": "1.03970", "2014-12-31": "2.98080", "2014-09-30": "2.79420", "2014-06-30": "1.74520", "2014-03-31": "1.37100", "2013-12-31": "2.36150", "2013-09-30": "1.19280", "2013-06-30": "1.10570", "2013-03-31": "1.43270", "2012-12-31": "1.61230", "2012-09-30": "1.97210", "2012-06-30": "2.17870", "2012-03-31": "1.59230", "2011-12-31": "2.10750", "2011-09-30": "1.14150", "2011-06-30": "2.43660", "2011-03-31": "3.01170", "2010-12-31": "3.96260", "2010-09-30": "3.08400", "2010-06-30": "2.83380", "2010-03-31": "2.21050", "2009-12-31": "0.29100", "2009-09-30": "1.21620", "2009-06-30": "0.54740", "2009-03-31": "0.04440", "2008-12-31": "2.32020", "2008-09-30": "2.68570", "2008-06-30": "2.98620", "2008-03-31": "2.18480", "2007-12-31": "5.58040", "2007-09-30": "2.78510", "2007-06-30": "2.86660", "2007-03-31": "2.64680", "2006-12-31": "3.38790", "2006-09-30": "2.73930", "2006-06-30": "2.52910", "2006-03-31": "1.98470", "2005-12-31": "3.44510", "2005-09-30": "2.47320", "2005-06-30": "2.67510", "2005-03-31": "1.88530"}, "ROI - Return On Investment": {"2020-09-30": "-0.34920", "2020-06-30": "0.80380", "2020-03-31": "10.36270", "2019-12-31": "4.98110", "2019-09-30": "4.44380", "2019-06-30": "2.44280", "2019-03-31": "1.93300", "2018-12-31": "4.56580", "2018-09-30": "3.60880", "2018-06-30": "2.66400", "2018-03-31": "2.11080", "2017-12-31": "-2.15250", "2017-09-30": "2.83250", "2017-06-30": "2.16290", "2017-03-31": "1.59090", "2016-12-31": "2.55850", "2016-09-30": "2.16260", "2016-06-30": "1.75040", "2016-03-31": "0.83510", "2015-12-31": "2.87270", "2015-09-30": "2.13700", "2015-06-30": "2.22770", "2015-03-31": "1.34570", "2014-12-31": "3.88230", "2014-09-30": "3.65150", "2014-06-30": "2.31810", "2014-03-31": "1.80420", "2013-12-31": "3.10120", "2013-09-30": "1.59040", "2013-06-30": "1.48400", "2013-03-31": "1.94200", "2012-12-31": "2.20570", "2012-09-30": "2.65060", "2012-06-30": "2.94990", "2012-03-31": "2.12980", "2011-12-31": "2.85520", "2011-09-30": "1.54040", "2011-06-30": "3.21230", "2011-03-31": "3.83460", "2010-12-31": "5.10750", "2010-09-30": "4.01320", "2010-06-30": "3.63950", "2010-03-31": "2.79270", "2009-12-31": "0.36150", "2009-09-30": "1.49240", "2009-06-30": "0.67380", "2009-03-31": "0.05460", "2008-12-31": "2.90740", "2008-09-30": "3.36480", "2008-06-30": "3.74970", "2008-03-31": "2.75410", "2007-12-31": "6.91180", "2007-09-30": "3.47060", "2007-06-30": "3.51550", "2007-03-31": "3.19200", "2006-12-31": "4.09560", "2006-09-30": "3.31720", "2006-06-30": "3.06810", "2006-03-31": "2.38290", "2005-12-31": "4.15960", "2005-09-30": "2.97390", "2005-06-30": "3.20070", "2005-03-31": "2.24680"}, "Book Value Per Share": {"2020-09-30": "9.44180", "2020-06-30": "9.65970", "2020-03-31": "9.80220", "2019-12-31": "9.01390", "2019-09-30": "8.86750", "2019-06-30": "8.90610", "2019-03-31": "9.10970", "2018-12-31": "9.33510", "2018-09-30": "9.03780", "2018-06-30": "8.81700", "2018-03-31": "8.76270", "2017-12-31": "8.61220", "2017-09-30": "8.90130", "2017-06-30": "8.72110", "2017-03-31": "8.60970", "2016-12-31": "8.62380", "2016-09-30": "8.58990", "2016-06-30": "8.48470", "2016-03-31": "8.52680", "2015-12-31": "8.48600", "2015-09-30": "8.34790", "2015-06-30": "8.68860", "2015-03-31": "8.70050", "2014-12-31": "8.74070", "2014-09-30": "8.52200", "2014-06-30": "8.31270", "2014-03-31": "8.22740", "2013-12-31": "8.13970", "2013-09-30": "7.91950", "2013-06-30": "7.78750", "2013-03-31": "7.75340", "2012-12-31": "7.64270", "2012-09-30": "7.49570", "2012-06-30": "7.33560", "2012-03-31": "7.23160", "2011-12-31": "7.06030", "2011-09-30": "6.86720", "2011-06-30": "6.87970", "2011-03-31": "6.67490", "2010-12-31": "6.31480", "2010-09-30": "5.98840", "2010-06-30": "5.76380", "2010-03-31": "5.66580", "2009-12-31": "5.63900", "2009-09-30": "5.71020", "2009-06-30": "5.65030", "2009-03-31": "5.66500", "2008-12-31": "5.73830", "2008-09-30": "5.81060", "2008-06-30": "5.59820", "2008-03-31": "5.45560", "2007-12-31": "5.55030", "2007-09-30": "5.21360", "2007-06-30": "4.98200", "2007-03-31": "5.00030", "2006-12-31": "4.97880", "2006-09-30": "4.71920", "2006-06-30": "4.64040", "2006-03-31": "4.45150", "2005-12-31": "4.23710", "2005-09-30": "4.12350", "2005-06-30": "4.01470", "2005-03-31": "4.16440"}, "Operating Cash Flow Per Share": {"2020-09-30": 0.0566, "2020-06-30": 0.4391, "2020-03-31": "0.33210", "2019-12-31": 0.5582, "2019-09-30": 0.4658, "2019-06-30": 0.3506, "2019-03-31": "0.31600", "2018-12-31": 0.6538, "2018-09-30": 0.6636, "2018-06-30": 0.4414, "2018-03-31": "0.30150", "2017-12-31": 0.588, "2017-09-30": 0.4737, "2017-06-30": 0.2879, "2017-03-31": "0.35870", "2016-12-31": 0.3893, "2016-09-30": 0.5369, "2016-06-30": 0.2793, "2016-03-31": "0.34630", "2015-12-31": 0.3744, "2015-09-30": 0.547, "2015-06-30": 0.1873, "2015-03-31": "0.20530", "2014-12-31": 0.4265, "2014-09-30": 0.5635, "2014-06-30": 0.1726, "2014-03-31": "0.36410", "2013-12-31": 0.5956, "2013-09-30": 0.3997, "2013-06-30": 0.1897, "2013-03-31": "0.16470", "2012-12-31": 0.3442, "2012-09-30": 0.3929, "2012-06-30": 0.0658, "2012-03-31": "0.27470", "2011-12-31": 0.4396, "2011-09-30": 0.3571, "2011-06-30": 0.2593, "2011-03-31": "0.34560", "2010-12-31": 0.228, "2010-09-30": 0.3901, "2010-06-30": 0.2517, "2010-03-31": "0.35360", "2009-12-31": 0.3878, "2009-09-30": 0.2744, "2009-06-30": 0.2832, "2009-03-31": "0.21360", "2008-12-31": 0.1365, "2008-09-30": 0.3122, "2008-06-30": 0.3184, "2008-03-31": "0.25420", "2007-12-31": 0.2756, "2007-09-30": 0.3578, "2007-06-30": 0.3286, "2007-03-31": "0.25030", "2006-12-31": 0.215, "2006-09-30": 0.2913, "2006-06-30": 0.1784, "2006-03-31": "0.11590", "2005-12-31": 0.1732, "2005-09-30": 0.2611, "2005-06-30": 0.1735, "2005-03-31": "0.11770"}, "Free Cash Flow Per Share": {"2020-09-30": 1.1927, "2020-06-30": -0.8753, "2020-03-31": "1.43020", "2019-12-31": 0.4421, "2019-09-30": 0.5296, "2019-06-30": 0.22, "2019-03-31": "0.21690", "2018-12-31": 0.5914, "2018-09-30": 0.5931, "2018-06-30": 0.3266, "2018-03-31": "0.18250", "2017-12-31": 0.485, "2017-09-30": 0.3385, "2017-06-30": 0.1511, "2017-03-31": "0.18630", "2016-12-31": 0.251, "2016-09-30": 0.3664, "2016-06-30": 0.1316, "2016-03-31": "0.21150", "2015-12-31": 0.2622, "2015-09-30": 0.3992, "2015-06-30": 0.0365, "2015-03-31": "0.10820", "2014-12-31": 0.2852, "2014-09-30": 0.4565, "2014-06-30": 0.0218, "2014-03-31": "0.20980", "2013-12-31": 0.5053, "2013-09-30": 0.3199, "2013-06-30": 0.0367, "2013-03-31": "-0.01140", "2012-12-31": 0.0427, "2012-09-30": 0.1892, "2012-06-30": -0.1437, "2012-03-31": "0.16980", "2011-12-31": 0.315, "2011-09-30": 0.1975, "2011-06-30": 0.1021, "2011-03-31": "0.23510", "2010-12-31": 0.0983, "2010-09-30": 0.3249, "2010-06-30": 0.1479, "2010-03-31": "0.27990", "2009-12-31": 0.2981, "2009-09-30": 0.225, "2009-06-30": 0.1894, "2009-03-31": "0.16090", "2008-12-31": 0.0898, "2008-09-30": 0.2306, "2008-06-30": 0.206, "2008-03-31": "0.19930", "2007-12-31": 0.2161, "2007-09-30": 0.2911, "2007-06-30": 0.2535, "2007-03-31": "0.17910", "2006-12-31": 0.1438, "2006-09-30": 0.2364, "2006-06-30": 0.1247, "2006-03-31": "0.08410", "2005-12-31": 0.1382, "2005-09-30": 0.214, "2005-06-30": 0.0799, "2005-03-31": "0.05640"}}, "revenue": {"National Instruments Annual Revenue (Millions of US $)": {"2020": "$1,287", "2019": "$1,353", "2018": "$1,359", "2017": "$1,289", "2016": "$1,228", "2015": "$1,225", "2014": "$1,244", "2013": "$1,173", "2012": "$1,144", "2011": "$1,024", "2010": "$873", "2009": "$677", "2008": "$821", "2007": "$740", "2006": "$660", "2005": "$572"}, "National Instruments Quarterly Revenue (Millions of US $)": {"2020-12-31": "$368", "2020-09-30": "$308", "2020-06-30": "$301", "2020-03-31": "$309", "2019-12-31": "$367", "2019-09-30": "$340", "2019-06-30": "$334", "2019-03-31": "$311", "2018-12-31": "$360", "2018-09-30": "$346", "2018-06-30": "$341", "2018-03-31": "$312", "2017-12-31": "$350", "2017-09-30": "$321", "2017-06-30": "$319", "2017-03-31": "$300", "2016-12-31": "$329", "2016-09-30": "$306", "2016-06-30": "$306", "2016-03-31": "$287", "2015-12-31": "$334", "2015-09-30": "$300", "2015-06-30": "$302", "2015-03-31": "$290", "2014-12-31": "$333", "2014-09-30": "$314", "2014-06-30": "$313", "2014-03-31": "$285", "2013-12-31": "$301", "2013-09-30": "$289", "2013-06-30": "$296", "2013-03-31": "$286", "2012-12-31": "$300", "2012-09-30": "$290", "2012-06-30": "$292", "2012-03-31": "$261", "2011-12-31": "$278", "2011-09-30": "$255", "2011-06-30": "$253", "2011-03-31": "$238", "2010-12-31": "$250", "2010-09-30": "$220", "2010-06-30": "$212", "2010-03-31": "$191", "2009-12-31": "$202", "2009-09-30": "$165", "2009-06-30": "$152", "2009-03-31": "$158", "2008-12-31": "$202", "2008-09-30": "$215", "2008-06-30": "$210", "2008-03-31": "$193", "2007-12-31": "$205", "2007-09-30": "$184", "2007-06-30": "$179", "2007-03-31": "$172", "2006-12-31": "$181", "2006-09-30": "$164", "2006-06-30": "$160", "2006-03-31": "$155", "2005-12-31": "$160", "2005-09-30": "$142", "2005-06-30": "$141", "2005-03-31": "$130"}}, "gross-profit": {"National Instruments Annual Gross Profit (Millions of US $)": {"2020": "$916", "2019": "$1,016", "2018": "$1,025", "2017": "$961", "2016": "$915", "2015": "$909", "2014": "$926", "2013": "$867", "2012": "$863", "2011": "$783", "2010": "$673", "2009": "$507", "2008": "$613", "2007": "$555", "2006": "$487", "2005": "$423"}, "National Instruments Quarterly Gross Profit (Millions of US $)": {"2020-12-31": "$259", "2020-09-30": "$216", "2020-06-30": "$215", "2020-03-31": "$226", "2019-12-31": "$276", "2019-09-30": "$255", "2019-06-30": "$250", "2019-03-31": "$235", "2018-12-31": "$272", "2018-09-30": "$257", "2018-06-30": "$259", "2018-03-31": "$237", "2017-12-31": "$264", "2017-09-30": "$237", "2017-06-30": "$236", "2017-03-31": "$224", "2016-12-31": "$246", "2016-09-30": "$230", "2016-06-30": "$229", "2016-03-31": "$211", "2015-12-31": "$248", "2015-09-30": "$223", "2015-06-30": "$225", "2015-03-31": "$213", "2014-12-31": "$249", "2014-09-30": "$233", "2014-06-30": "$231", "2014-03-31": "$213", "2013-12-31": "$225", "2013-09-30": "$214", "2013-06-30": "$212", "2013-03-31": "$216", "2012-12-31": "$226", "2012-09-30": "$216", "2012-06-30": "$221", "2012-03-31": "$200", "2011-12-31": "$211", "2011-09-30": "$190", "2011-06-30": "$197", "2011-03-31": "$185", "2010-12-31": "$194", "2010-09-30": "$169", "2010-06-30": "$163", "2010-03-31": "$148", "2009-12-31": "$155", "2009-09-30": "$123", "2009-06-30": "$112", "2009-03-31": "$117", "2008-12-31": "$152", "2008-09-30": "$161", "2008-06-30": "$157", "2008-03-31": "$144", "2007-12-31": "$152", "2007-09-30": "$138", "2007-06-30": "$135", "2007-03-31": "$129", "2006-12-31": "$133", "2006-09-30": "$122", "2006-06-30": "$119", "2006-03-31": "$113", "2005-12-31": "$117", "2005-09-30": "$104", "2005-06-30": "$104", "2005-03-31": "$97"}}, "operating-income": {"National Instruments Annual Operating Income (Millions of US $)": {"2020": "$200", "2019": "$175", "2018": "$173", "2017": "$146", "2016": "$120", "2015": "$137", "2014": "$145", "2013": "$99", "2012": "$117", "2011": "$113", "2010": "$128", "2009": "$47", "2008": "$96", "2007": "$102", "2006": "$88", "2005": "$78"}, "National Instruments Quarterly Operating Income (Millions of US $)": {"2020-12-31": "$13", "2020-09-30": "$-2", "2020-06-30": "$16", "2020-03-31": "$172", "2019-12-31": "$54", "2019-09-30": "$65", "2019-06-30": "$32", "2019-03-31": "$23", "2018-12-31": "$62", "2018-09-30": "$46", "2018-06-30": "$37", "2018-03-31": "$28", "2017-12-31": "$57", "2017-09-30": "$38", "2017-06-30": "$29", "2017-03-31": "$22", "2016-12-31": "$49", "2016-09-30": "$29", "2016-06-30": "$27", "2016-03-31": "$14", "2015-12-31": "$50", "2015-09-30": "$32", "2015-06-30": "$35", "2015-03-31": "$20", "2014-12-31": "$55", "2014-09-30": "$34", "2014-06-30": "$32", "2014-03-31": "$24", "2013-12-31": "$40", "2013-09-30": "$21", "2013-06-30": "$19", "2013-03-31": "$19", "2012-12-31": "$28", "2012-09-30": "$30", "2012-06-30": "$35", "2012-03-31": "$24", "2011-12-31": "$33", "2011-09-30": "$11", "2011-06-30": "$33", "2011-03-31": "$37", "2010-12-31": "$47", "2010-09-30": "$32", "2010-06-30": "$30", "2010-03-31": "$20", "2009-12-31": "$36", "2009-09-30": "$11", "2009-06-30": "$2", "2009-03-31": "$-2", "2008-12-31": "$22", "2008-09-30": "$28", "2008-06-30": "$28", "2008-03-31": "$18", "2007-12-31": "$31", "2007-09-30": "$25", "2007-06-30": "$24", "2007-03-31": "$22", "2006-12-31": "$29", "2006-09-30": "$22", "2006-06-30": "$21", "2006-03-31": "$16", "2005-12-31": "$27", "2005-09-30": "$18", "2005-06-30": "$19", "2005-03-31": "$14"}}, "ebitda": {"National Instruments Annual EBITDA (Millions of US $)": {"2019": "$248", "2018": "$244", "2017": "$218", "2016": "$193", "2015": "$211", "2014": "$215", "2013": "$167", "2012": "$176", "2011": "$163", "2010": "$166", "2009": "$85", "2008": "$133", "2007": "$139", "2006": "$122", "2005": "$107"}, "National Instruments Quarterly EBITDA (Millions of US $)": {"2020-09-30": "$21", "2020-06-30": "$35", "2020-03-31": "$191", "2019-12-31": "$73", "2019-09-30": "$84", "2019-06-30": "$50", "2019-03-31": "$41", "2018-12-31": "$79", "2018-09-30": "$65", "2018-06-30": "$55", "2018-03-31": "$46", "2017-12-31": "$75", "2017-09-30": "$56", "2017-06-30": "$46", "2017-03-31": "$41", "2016-12-31": "$67", "2016-09-30": "$46", "2016-06-30": "$46", "2016-03-31": "$33", "2015-12-31": "$68", "2015-09-30": "$51", "2015-06-30": "$53", "2015-03-31": "$38", "2014-12-31": "$74", "2014-09-30": "$52", "2014-06-30": "$48", "2014-03-31": "$41", "2013-12-31": "$57", "2013-09-30": "$38", "2013-06-30": "$36", "2013-03-31": "$36", "2012-12-31": "$45", "2012-09-30": "$44", "2012-06-30": "$48", "2012-03-31": "$38", "2011-12-31": "$47", "2011-09-30": "$23", "2011-06-30": "$45", "2011-03-31": "$47", "2010-12-31": "$56", "2010-09-30": "$41", "2010-06-30": "$40", "2010-03-31": "$29", "2009-12-31": "$46", "2009-09-30": "$20", "2009-06-30": "$13", "2009-03-31": "$6", "2008-12-31": "$31", "2008-09-30": "$36", "2008-06-30": "$37", "2008-03-31": "$29", "2007-12-31": "$40", "2007-09-30": "$34", "2007-06-30": "$33", "2007-03-31": "$31", "2006-12-31": "$38", "2006-09-30": "$30", "2006-06-30": "$30", "2006-03-31": "$24", "2005-12-31": "$34", "2005-09-30": "$26", "2005-06-30": "$27", "2005-03-31": "$21"}}, "net-income": {"National Instruments Annual Net Income (Millions of US $)": {"2020": "$144", "2019": "$162", "2018": "$155", "2017": "$52", "2016": "$83", "2015": "$95", "2014": "$126", "2013": "$81", "2012": "$90", "2011": "$94", "2010": "$109", "2009": "$17", "2008": "$85", "2007": "$107", "2006": "$73", "2005": "$62"}, "National Instruments Quarterly Net Income (Millions of US $)": {"2020-12-31": "$5", "2020-09-30": "$-5", "2020-06-30": "$11", "2020-03-31": "$133", "2019-12-31": "$59", "2019-09-30": "$52", "2019-06-30": "$29", "2019-03-31": "$23", "2018-12-31": "$57", "2018-09-30": "$43", "2018-06-30": "$31", "2018-03-31": "$24", "2017-12-31": "$-24", "2017-09-30": "$33", "2017-06-30": "$25", "2017-03-31": "$18", "2016-12-31": "$29", "2016-09-30": "$24", "2016-06-30": "$20", "2016-03-31": "$9", "2015-12-31": "$32", "2015-09-30": "$23", "2015-06-30": "$25", "2015-03-31": "$15", "2014-12-31": "$43", "2014-09-30": "$40", "2014-06-30": "$25", "2014-03-31": "$19", "2013-12-31": "$32", "2013-09-30": "$16", "2013-06-30": "$14", "2013-03-31": "$19", "2012-12-31": "$21", "2012-09-30": "$24", "2012-06-30": "$26", "2012-03-31": "$19", "2011-12-31": "$24", "2011-09-30": "$13", "2011-06-30": "$27", "2011-03-31": "$30", "2010-12-31": "$38", "2010-09-30": "$28", "2010-06-30": "$25", "2010-03-31": "$18", "2009-12-31": "$2", "2009-09-30": "$10", "2009-06-30": "$4", "2009-03-31": "$0", "2008-12-31": "$19", "2008-09-30": "$23", "2008-06-30": "$25", "2008-03-31": "$18", "2007-12-31": "$46", "2007-09-30": "$22", "2007-06-30": "$21", "2007-03-31": "$19", "2006-12-31": "$24", "2006-09-30": "$19", "2006-06-30": "$17", "2006-03-31": "$13", "2005-12-31": "$21", "2005-09-30": "$14", "2005-06-30": "$15", "2005-03-31": "$11"}}, "eps-earnings-per-share-diluted": {"National Instruments Annual EPS": {"2020": "$1.09", "2019": "$1.22", "2018": "$1.16", "2017": "$0.40", "2016": "$0.64", "2015": "$0.74", "2014": "$0.99", "2013": "$0.64", "2012": "$0.73", "2011": "$0.78", "2010": "$0.92", "2009": "$0.15", "2008": "$0.71", "2007": "$0.88", "2006": "$0.59", "2005": "$0.51"}, "National Instruments Quarterly EPS": {"2020-12-31": "$0.04", "2020-09-30": "$-0.04", "2020-06-30": "$0.08", "2020-03-31": "$1.01", "2019-12-31": "$0.44", "2019-09-30": "$0.39", "2019-06-30": "$0.22", "2019-03-31": "$0.17", "2018-12-31": "$0.43", "2018-09-30": "$0.32", "2018-06-30": "$0.23", "2018-03-31": "$0.18", "2017-12-31": "$-0.18", "2017-09-30": "$0.25", "2017-06-30": "$0.19", "2017-03-31": "$0.14", "2016-12-31": "$0.23", "2016-09-30": "$0.19", "2016-06-30": "$0.15", "2016-03-31": "$0.07", "2015-12-31": "$0.25", "2015-09-30": "$0.18", "2015-06-30": "$0.19", "2015-03-31": "$0.12", "2014-12-31": "$0.34", "2014-09-30": "$0.31", "2014-06-30": "$0.19", "2014-03-31": "$0.15", "2013-12-31": "$0.24", "2013-09-30": "$0.13", "2013-06-30": "$0.12", "2013-03-31": "$0.15", "2012-12-31": "$0.16", "2012-09-30": "$0.20", "2012-06-30": "$0.22", "2012-03-31": "$0.15", "2011-12-31": "$0.20", "2011-09-30": "$0.11", "2011-06-30": "$0.22", "2011-03-31": "$0.25", "2010-12-31": "$0.31", "2010-09-30": "$0.24", "2010-06-30": "$0.21", "2010-03-31": "$0.16", "2009-12-31": "$0.02", "2009-09-30": "$0.09", "2009-06-30": "$0.04", "2009-03-31": "$0.00", "2008-12-31": "$0.17", "2008-09-30": "$0.19", "2008-06-30": "$0.21", "2008-03-31": "$0.15", "2007-12-31": "$0.37", "2007-09-30": "$0.18", "2007-06-30": "$0.17", "2007-03-31": "$0.15", "2006-12-31": "$0.20", "2006-09-30": "$0.15", "2006-06-30": "$0.14", "2006-03-31": "$0.10", "2005-12-31": "$0.17", "2005-09-30": "$0.12", "2005-06-30": "$0.13", "2005-03-31": "$0.09"}}, "shares-outstanding": {"National Instruments Annual Shares Outstanding (Millions of Shares)": {"2020": "132", "2019": "133", "2018": "133", "2017": "131", "2016": "129", "2015": "129", "2014": "128", "2013": "126", "2012": "123", "2011": "121", "2010": "119", "2009": "117", "2008": "119", "2007": "122", "2006": "122", "2005": "121"}, "National Instruments Quarterly Shares Outstanding (Millions of Shares)": {"2020-12-31": "132", "2020-09-30": "131", "2020-06-30": "132", "2020-03-31": "131", "2019-12-31": "133", "2019-09-30": "132", "2019-06-30": "133", "2019-03-31": "133", "2018-12-31": "133", "2018-09-30": "133", "2018-06-30": "133", "2018-03-31": "133", "2017-12-31": "131", "2017-09-30": "132", "2017-06-30": "131", "2017-03-31": "130", "2016-12-31": "129", "2016-09-30": "129", "2016-06-30": "129", "2016-03-31": "128", "2015-12-31": "129", "2015-09-30": "128", "2015-06-30": "129", "2015-03-31": "129", "2014-12-31": "128", "2014-09-30": "128", "2014-06-30": "128", "2014-03-31": "127", "2013-12-31": "126", "2013-09-30": "126", "2013-06-30": "125", "2013-03-31": "124", "2012-12-31": "123", "2012-09-30": "123", "2012-06-30": "123", "2012-03-31": "122", "2011-12-31": "121", "2011-09-30": "121", "2011-06-30": "121", "2011-03-31": "120", "2010-12-31": "119", "2010-09-30": "118", "2010-06-30": "118", "2010-03-31": "118", "2009-12-31": "117", "2009-09-30": "117", "2009-06-30": "117", "2009-03-31": "116", "2008-12-31": "119", "2008-09-30": "120", "2008-06-30": "119", "2008-03-31": "120", "2007-12-31": "122", "2007-09-30": "121", "2007-06-30": "121", "2007-03-31": "122", "2006-12-31": "122", "2006-09-30": "122", "2006-06-30": "122", "2006-03-31": "122", "2005-12-31": "121", "2005-09-30": "121", "2005-06-30": "120", "2005-03-31": "123"}}, "total-assets": {"National Instruments Annual Total Assets (Millions of US $)": {"2019": "$1,652", "2018": "$1,671", "2017": "$1,566", "2016": "$1,497", "2015": "$1,454", "2014": "$1,455", "2013": "$1,344", "2012": "$1,285", "2011": "$1,154", "2010": "$960", "2009": "$813", "2008": "$833", "2007": "$819", "2006": "$721", "2005": "$608"}, "National Instruments Quarterly Total Assets (Millions of US $)": {"2020-09-30": "$1,844", "2020-06-30": "$1,850", "2020-03-31": "$1,763", "2019-12-31": "$1,652", "2019-09-30": "$1,628", "2019-06-30": "$1,639", "2019-03-31": "$1,671", "2018-12-31": "$1,671", "2018-09-30": "$1,630", "2018-06-30": "$1,594", "2018-03-31": "$1,592", "2017-12-31": "$1,566", "2017-09-30": "$1,531", "2017-06-30": "$1,505", "2017-03-31": "$1,492", "2016-12-31": "$1,497", "2016-09-30": "$1,473", "2016-06-30": "$1,473", "2016-03-31": "$1,456", "2015-12-31": "$1,454", "2015-09-30": "$1,413", "2015-06-30": "$1,456", "2015-03-31": "$1,443", "2014-12-31": "$1,455", "2014-09-30": "$1,421", "2014-06-30": "$1,405", "2014-03-31": "$1,366", "2013-12-31": "$1,344", "2013-09-30": "$1,322", "2013-06-30": "$1,304", "2013-03-31": "$1,298", "2012-12-31": "$1,285", "2012-09-30": "$1,234", "2012-06-30": "$1,214", "2012-03-31": "$1,171", "2011-12-31": "$1,154", "2011-09-30": "$1,116", "2011-06-30": "$1,090", "2011-03-31": "$1,011", "2010-12-31": "$960", "2010-09-30": "$912", "2010-06-30": "$868", "2010-03-31": "$830", "2009-12-31": "$813", "2009-09-30": "$817", "2009-06-30": "$809", "2009-03-31": "$807", "2008-12-31": "$833", "2008-09-30": "$862", "2008-06-30": "$828", "2008-03-31": "$806", "2007-12-31": "$819", "2007-09-30": "$773", "2007-06-30": "$724", "2007-03-31": "$720", "2006-12-31": "$721", "2006-09-30": "$681", "2006-06-30": "$673", "2006-03-31": "$635", "2005-12-31": "$608", "2005-09-30": "$582", "2005-06-30": "$562", "2005-03-31": "$591"}}, "cash-on-hand": {"National Instruments Annual Cash on Hand (Millions of US $)": {"2019": "$433", "2018": "$531", "2017": "$412", "2016": "$358", "2015": "$333", "2014": "$471", "2013": "$393", "2012": "$335", "2011": "$366", "2010": "$351", "2009": "$289", "2008": "$236", "2007": "$289", "2006": "$250", "2005": "$176"}, "National Instruments Quarterly Cash on Hand (Millions of US $)": {"2020-09-30": "$290", "2020-06-30": "$608", "2020-03-31": "$584", "2019-12-31": "$433", "2019-09-30": "$432", "2019-06-30": "$440", "2019-03-31": "$480", "2018-12-31": "$531", "2018-09-30": "$482", "2018-06-30": "$428", "2018-03-31": "$415", "2017-12-31": "$412", "2017-09-30": "$385", "2017-06-30": "$368", "2017-03-31": "$365", "2016-12-31": "$358", "2016-09-30": "$353", "2016-06-30": "$340", "2016-03-31": "$329", "2015-12-31": "$333", "2015-09-30": "$411", "2015-06-30": "$423", "2015-03-31": "$443", "2014-12-31": "$471", "2014-09-30": "$448", "2014-06-30": "$402", "2014-03-31": "$410", "2013-12-31": "$393", "2013-09-30": "$344", "2013-06-30": "$324", "2013-03-31": "$327", "2012-12-31": "$335", "2012-09-30": "$364", "2012-06-30": "$351", "2012-03-31": "$377", "2011-12-31": "$366", "2011-09-30": "$336", "2011-06-30": "$320", "2011-03-31": "$385", "2010-12-31": "$351", "2010-09-30": "$339", "2010-06-30": "$316", "2010-03-31": "$296", "2009-12-31": "$289", "2009-09-30": "$276", "2009-06-30": "$251", "2009-03-31": "$241", "2008-12-31": "$236", "2008-09-30": "$276", "2008-06-30": "$248", "2008-03-31": "$238", "2007-12-31": "$289", "2007-09-30": "$276", "2007-06-30": "$241", "2007-03-31": "$245", "2006-12-31": "$250", "2006-09-30": "$223", "2006-06-30": "$211", "2006-03-31": "$194", "2005-12-31": "$176", "2005-09-30": "$181", "2005-06-30": "$157", "2005-03-31": "$221"}}, "long-term-debt": {"National Instruments Annual Long Term Debt (Millions of US $)": {"2019": "$", "2018": "$", "2017": "$", "2016": "$25", "2015": "$37", "2014": "$", "2013": "$", "2012": "$", "2011": "$", "2010": "$", "2009": "$", "2008": "$", "2007": "$", "2006": "$", "2005": "$"}, "National Instruments Quarterly Long Term Debt (Millions of US $)": {"2020-09-30": "$84", "2020-06-30": "$85", "2020-03-31": "", "2019-12-31": "", "2019-09-30": "", "2019-06-30": "", "2019-03-31": "", "2018-12-31": "", "2018-09-30": "", "2018-06-30": "", "2018-03-31": "", "2017-12-31": "", "2017-09-30": "$15", "2017-06-30": "$25", "2017-03-31": "$25", "2016-12-31": "$25", "2016-09-30": "$25", "2016-06-30": "$40", "2016-03-31": "$25", "2015-12-31": "$37", "2015-09-30": "$25", "2015-06-30": "", "2015-03-31": "", "2014-12-31": "", "2014-09-30": "", "2014-06-30": "", "2014-03-31": "", "2013-12-31": "", "2013-09-30": "", "2013-06-30": "", "2013-03-31": "", "2012-12-31": "", "2012-09-30": "", "2012-06-30": "", "2012-03-31": "", "2011-12-31": "", "2011-09-30": "", "2011-06-30": "", "2011-03-31": "", "2010-12-31": "", "2010-09-30": "", "2010-06-30": "", "2010-03-31": "", "2009-12-31": "", "2009-09-30": "", "2009-06-30": "", "2009-03-31": "", "2008-12-31": "", "2008-09-30": "", "2008-06-30": "", "2008-03-31": "", "2007-12-31": "", "2007-09-30": "", "2007-06-30": "", "2007-03-31": "", "2006-12-31": "", "2006-09-30": "", "2006-06-30": "", "2006-03-31": "", "2005-12-31": "", "2005-09-30": "", "2005-06-30": "", "2005-03-31": ""}}, "total-liabilities": {"National Instruments Annual Total Liabilities (Millions of US $)": {"2019": "$476", "2018": "$433", "2017": "$438", "2016": "$382", "2015": "$372", "2014": "$338", "2013": "$320", "2012": "$346", "2011": "$302", "2010": "$215", "2009": "$159", "2008": "$168", "2007": "$158", "2006": "$125", "2005": "$104"}, "National Instruments Quarterly Total Liabilities (Millions of US $)": {"2020-09-30": "$605", "2020-06-30": "$580", "2020-03-31": "$483", "2019-12-31": "$476", "2019-09-30": "$466", "2019-06-30": "$465", "2019-03-31": "$470", "2018-12-31": "$433", "2018-09-30": "$433", "2018-06-30": "$428", "2018-03-31": "$442", "2017-12-31": "$438", "2017-09-30": "$367", "2017-06-30": "$367", "2017-03-31": "$376", "2016-12-31": "$382", "2016-09-30": "$365", "2016-06-30": "$382", "2016-03-31": "$368", "2015-12-31": "$372", "2015-09-30": "$354", "2015-06-30": "$337", "2015-03-31": "$328", "2014-12-31": "$338", "2014-09-30": "$334", "2014-06-30": "$347", "2014-03-31": "$328", "2013-12-31": "$320", "2013-09-30": "$330", "2013-06-30": "$332", "2013-03-31": "$340", "2012-12-31": "$346", "2012-09-30": "$316", "2012-06-30": "$317", "2012-03-31": "$295", "2011-12-31": "$302", "2011-09-30": "$289", "2011-06-30": "$263", "2011-03-31": "$217", "2010-12-31": "$215", "2010-09-30": "$211", "2010-06-30": "$192", "2010-03-31": "$173", "2009-12-31": "$159", "2009-09-30": "$151", "2009-06-30": "$152", "2009-03-31": "$151", "2008-12-31": "$168", "2008-09-30": "$174", "2008-06-30": "$169", "2008-03-31": "$167", "2007-12-31": "$158", "2007-09-30": "$153", "2007-06-30": "$134", "2007-03-31": "$123", "2006-12-31": "$125", "2006-09-30": "$119", "2006-06-30": "$118", "2006-03-31": "$106", "2005-12-31": "$104", "2005-09-30": "$98", "2005-06-30": "$92", "2005-03-31": "$95"}}, "total-share-holder-equity": {"National Instruments Annual Share Holder Equity (Millions of US $)": {"2019": "$1,176", "2018": "$1,238", "2017": "$1,128", "2016": "$1,114", "2015": "$1,082", "2014": "$1,117", "2013": "$1,023", "2012": "$939", "2011": "$852", "2010": "$745", "2009": "$654", "2008": "$664", "2007": "$661", "2006": "$597", "2005": "$504"}, "National Instruments Quarterly Share Holder Equity (Millions of US $)": {"2020-09-30": "$1,239", "2020-06-30": "$1,270", "2020-03-31": "$1,280", "2019-12-31": "$1,176", "2019-09-30": "$1,162", "2019-06-30": "$1,175", "2019-03-31": "$1,201", "2018-12-31": "$1,238", "2018-09-30": "$1,197", "2018-06-30": "$1,166", "2018-03-31": "$1,150", "2017-12-31": "$1,128", "2017-09-30": "$1,164", "2017-06-30": "$1,138", "2017-03-31": "$1,116", "2016-12-31": "$1,114", "2016-09-30": "$1,107", "2016-06-30": "$1,091", "2016-03-31": "$1,088", "2015-12-31": "$1,082", "2015-09-30": "$1,060", "2015-06-30": "$1,120", "2015-03-31": "$1,115", "2014-12-31": "$1,117", "2014-09-30": "$1,087", "2014-06-30": "$1,058", "2014-03-31": "$1,038", "2013-12-31": "$1,023", "2013-09-30": "$991", "2013-06-30": "$972", "2013-03-31": "$958", "2012-12-31": "$939", "2012-09-30": "$918", "2012-06-30": "$896", "2012-03-31": "$875", "2011-12-31": "$852", "2011-09-30": "$827", "2011-06-30": "$826", "2011-03-31": "$794", "2010-12-31": "$745", "2010-09-30": "$701", "2010-06-30": "$676", "2010-03-31": "$657", "2009-12-31": "$654", "2009-09-30": "$665", "2009-06-30": "$657", "2009-03-31": "$656", "2008-12-31": "$664", "2008-09-30": "$688", "2008-06-30": "$660", "2008-03-31": "$640", "2007-12-31": "$661", "2007-09-30": "$621", "2007-06-30": "$590", "2007-03-31": "$597", "2006-12-31": "$597", "2006-09-30": "$562", "2006-06-30": "$555", "2006-03-31": "$529", "2005-12-31": "$504", "2005-09-30": "$484", "2005-06-30": "$469", "2005-03-31": "$496"}}, "profit-margins": {"current": "11.16%"}, "gross margin": {"2020-12-31": "71.23%", "2020-09-30": "72.61%", "2020-06-30": "73.80%", "2020-03-31": "74.59%", "2019-12-31": "75.15%", "2019-09-30": "75.24%", "2019-06-30": "75.06%", "2019-03-31": "75.33%", "2018-12-31": "75.42%", "2018-09-30": "75.39%", "2018-06-30": "75.30%", "2018-03-31": "74.81%", "2017-12-31": "74.50%", "2017-09-30": "74.31%", "2017-06-30": "74.64%", "2017-03-31": "74.86%", "2016-12-31": "74.59%", "2016-09-30": "74.45%", "2016-06-30": "74.25%", "2016-03-31": "74.16%", "2015-12-31": "74.14%", "2015-09-30": "74.29%", "2015-06-30": "74.25%", "2015-03-31": "74.08%", "2014-12-31": "74.38%", "2014-09-30": "74.36%", "2014-06-30": "74.33%", "2014-03-31": "73.78%", "2013-12-31": "73.98%", "2013-09-30": "74.12%", "2013-06-30": "74.23%", "2013-03-31": "75.26%", "2012-12-31": "75.50%", "2012-09-30": "75.65%", "2012-06-30": "75.69%", "2012-03-31": "76.22%", "2011-12-31": "76.46%", "2011-09-30": "76.91%", "2011-06-30": "77.52%", "2011-03-31": "77.28%", "2010-12-31": "77.21%", "2010-09-30": "76.97%", "2010-06-30": "76.49%", "2010-03-31": "75.77%", "2009-12-31": "74.89%", "2009-09-30": "74.45%", "2009-06-30": "74.55%", "2009-03-31": "74.78%", "2008-12-31": "74.88%", "2008-09-30": "74.61%", "2008-06-30": "74.62%", "2008-03-31": "74.77%", "2007-12-31": "74.86%", "2007-09-30": "74.72%", "2007-06-30": "74.57%", "2007-03-31": "74.30%", "2006-12-31": "73.79%", "2006-09-30": "73.71%", "2006-06-30": "73.42%", "2006-03-31": "73.24%", "2005-12-31": "73.65%"}, "operating margin": {"2020-12-31": "15.47%", "2020-09-30": "18.68%", "2020-06-30": "23.31%", "2020-03-31": "23.93%", "2019-12-31": "12.87%", "2019-09-30": "13.53%", "2019-06-30": "12.07%", "2019-03-31": "12.37%", "2018-12-31": "12.73%", "2018-09-30": "12.45%", "2018-06-30": "12.08%", "2018-03-31": "11.67%", "2017-12-31": "11.32%", "2017-09-30": "10.87%", "2017-06-30": "10.29%", "2017-03-31": "10.23%", "2016-12-31": "9.69%", "2016-09-30": "9.73%", "2016-06-30": "10.02%", "2016-03-31": "10.71%", "2015-12-31": "11.17%", "2015-09-30": "11.59%", "2015-06-30": "11.62%", "2015-03-31": "11.28%", "2014-12-31": "11.65%", "2014-09-30": "10.72%", "2014-06-30": "9.85%", "2014-03-31": "8.88%", "2013-12-31": "8.45%", "2013-09-30": "7.43%", "2013-06-30": "8.19%", "2013-03-31": "9.59%", "2012-12-31": "10.24%", "2012-09-30": "10.88%", "2012-06-30": "9.48%", "2012-03-31": "9.65%", "2011-12-31": "11.13%", "2011-09-30": "12.85%", "2011-06-30": "15.50%", "2011-03-31": "15.87%", "2010-12-31": "14.78%", "2010-09-30": "14.30%", "2010-06-30": "12.60%", "2010-03-31": "9.72%", "2009-12-31": "6.94%", "2009-09-30": "4.87%", "2009-06-30": "6.88%", "2009-03-31": "9.68%", "2008-12-31": "11.71%", "2008-09-30": "12.76%", "2008-06-30": "12.88%", "2008-03-31": "12.88%", "2007-12-31": "13.78%", "2007-09-30": "13.97%", "2007-06-30": "13.94%", "2007-03-31": "13.88%", "2006-12-31": "13.33%", "2006-09-30": "13.46%", "2006-06-30": "13.29%", "2006-03-31": "13.38%", "2005-12-31": "13.61%"}, "ebitda margin": {"2020-09-30": "24.90%", "2020-06-30": "29.08%", "2020-03-31": "29.48%", "2019-12-31": "18.34%", "2019-09-30": "18.88%", "2019-06-30": "17.39%", "2019-03-31": "17.67%", "2018-12-31": "18.03%", "2018-09-30": "17.87%", "2018-06-30": "17.52%", "2018-03-31": "17.13%", "2017-12-31": "16.90%", "2017-09-30": "16.55%", "2017-06-30": "15.95%", "2017-03-31": "16.12%", "2016-12-31": "15.64%", "2016-09-30": "15.65%", "2016-06-30": "16.14%", "2016-03-31": "16.76%", "2015-12-31": "17.13%", "2015-09-30": "17.63%", "2015-06-30": "17.51%", "2015-03-31": "16.96%", "2014-12-31": "17.27%", "2014-09-30": "16.32%", "2014-06-30": "15.49%", "2014-03-31": "14.69%", "2013-12-31": "14.25%", "2013-09-30": "13.24%", "2013-06-30": "13.74%", "2013-03-31": "14.81%", "2012-12-31": "15.31%", "2012-09-30": "15.79%", "2012-06-30": "14.36%", "2012-03-31": "14.61%", "2011-12-31": "15.82%", "2011-09-30": "17.17%", "2011-06-30": "19.67%", "2011-03-31": "20.00%", "2010-12-31": "19.01%", "2010-09-30": "18.91%", "2010-06-30": "17.53%", "2010-03-31": "15.21%", "2009-12-31": "12.56%", "2009-09-30": "10.34%", "2009-06-30": "11.83%", "2009-03-31": "14.01%", "2008-12-31": "16.22%", "2008-09-30": "17.25%", "2008-06-30": "17.68%", "2008-03-31": "17.87%", "2007-12-31": "18.65%", "2007-09-30": "18.99%", "2007-06-30": "18.97%", "2007-03-31": "19.05%", "2006-12-31": "18.48%", "2006-09-30": "18.47%", "2006-06-30": "18.48%", "2006-03-31": "18.56%", "2005-12-31": "18.85%"}, "pre tax profit margin": {"2020-12-31": "15.40%", "2020-09-30": "18.44%", "2020-06-30": "23.39%", "2020-03-31": "24.15%", "2019-12-31": "13.31%", "2019-09-30": "14.05%", "2019-06-30": "12.58%", "2019-03-31": "12.67%", "2018-12-31": "12.95%", "2018-09-30": "12.60%", "2018-06-30": "12.08%", "2018-03-31": "11.83%", "2017-12-31": "11.40%", "2017-09-30": "10.80%", "2017-06-30": "10.21%", "2017-03-31": "10.07%", "2016-12-31": "9.28%", "2016-09-30": "9.00%", "2016-06-30": "9.37%", "2016-03-31": "10.06%", "2015-12-31": "10.60%", "2015-09-30": "11.43%", "2015-06-30": "11.38%", "2015-03-31": "11.12%", "2014-12-31": "11.57%", "2014-09-30": "10.63%", "2014-06-30": "9.76%", "2014-03-31": "8.80%", "2013-12-31": "8.28%", "2013-09-30": "7.34%", "2013-06-30": "8.02%", "2013-03-31": "9.33%", "2012-12-31": "10.06%", "2012-09-30": "10.62%", "2012-06-30": "9.21%", "2012-03-31": "9.36%", "2011-12-31": "10.84%", "2011-09-30": "12.65%", "2011-06-30": "15.50%", "2011-03-31": "15.87%", "2010-12-31": "14.66%", "2010-09-30": "14.18%", "2010-06-30": "12.47%", "2010-03-31": "10.00%", "2009-12-31": "7.39%", "2009-09-30": "5.17%", "2009-06-30": "6.74%", "2009-03-31": "9.43%", "2008-12-31": "11.95%", "2008-09-30": "13.61%", "2008-06-30": "14.27%", "2008-03-31": "14.59%", "2007-12-31": "15.27%", "2007-09-30": "15.22%", "2007-06-30": "15.37%", "2007-03-31": "15.21%", "2006-12-31": "14.55%", "2006-09-30": "14.40%", "2006-06-30": "13.94%", "2006-03-31": "13.88%", "2005-12-31": "14.14%"}, "net profit margin": {"2020-12-31": "11.20%", "2020-09-30": "15.41%", "2020-06-30": "19.36%", "2020-03-31": "20.22%", "2019-12-31": "12.06%", "2019-09-30": "11.97%", "2019-06-30": "11.25%", "2019-03-31": "11.34%", "2018-12-31": "11.41%", "2018-09-30": "5.49%", "2018-06-30": "4.83%", "2018-03-31": "4.45%", "2017-12-31": "4.03%", "2017-09-30": "8.27%", "2017-06-30": "7.66%", "2017-03-31": "7.33%", "2016-12-31": "6.68%", "2016-09-30": "6.89%", "2016-06-30": "6.85%", "2016-03-31": "7.28%", "2015-12-31": "7.75%", "2015-09-30": "8.65%", "2015-06-30": "9.93%", "2015-03-31": "9.84%", "2014-12-31": "10.20%", "2014-09-30": "9.56%", "2014-06-30": "7.74%", "2014-03-31": "6.92%", "2013-12-31": "6.91%", "2013-09-30": "5.98%", "2013-06-30": "6.66%", "2013-03-31": "7.71%", "2012-12-31": "7.87%", "2012-09-30": "8.30%", "2012-06-30": "7.55%", "2012-03-31": "7.93%", "2011-12-31": "9.18%", "2011-09-30": "10.84%", "2011-06-30": "12.80%", "2011-03-31": "13.15%", "2010-12-31": "12.49%", "2010-09-30": "8.85%", "2010-06-30": "7.14%", "2010-03-31": "4.79%", "2009-12-31": "2.36%", "2009-09-30": "4.87%", "2009-06-30": "6.33%", "2009-03-31": "8.54%", "2008-12-31": "10.37%", "2008-09-30": "13.61%", "2008-06-30": "14.02%", "2008-03-31": "14.06%", "2007-12-31": "14.59%", "2007-09-30": "12.01%", "2007-06-30": "11.93%", "2007-03-31": "11.67%", "2006-12-31": "11.06%", "2006-09-30": "10.95%", "2006-06-30": "10.53%", "2006-03-31": "10.54%", "2005-12-31": "10.65%"}, "pe ratio": {"current": "46.68", "2021-02-05": "40.01", "2020-12-31": "41.58", "2020-09-30": "23.47", "2020-06-30": "19.64", "2020-03-31": "15.54", "2019-12-31": "33.27", "2019-09-30": "33.63", "2019-06-30": "35.51", "2019-03-31": "36.96", "2018-12-31": "37.27", "2018-09-30": "82.62", "2018-06-30": "81.81", "2018-03-31": "106.93", "2017-12-31": "96.35", "2017-09-30": "46.26", "2017-06-30": "47.26", "2017-03-31": "40.10", "2016-12-31": "41.64", "2016-09-30": "38.68", "2016-06-30": "37.62", "2016-03-31": "38.66", "2015-12-31": "34.10", "2015-09-30": "29.26", "2015-06-30": "26.64", "2015-03-31": "28.79", "2014-12-31": "26.92", "2014-09-30": "29.32", "2014-06-30": "38.21", "2014-03-31": "37.29", "2013-12-31": "41.39", "2013-09-30": "45.39", "2013-06-30": "36.34", "2013-03-31": "36.66", "2012-12-31": "28.75", "2012-09-30": "26.75", "2012-06-30": "32.20", "2012-03-31": "34.01", "2011-12-31": "26.84", "2011-09-30": "20.42", "2011-06-30": "23.09", "2011-03-31": "25.64", "2010-12-31": "21.62", "2010-09-30": "27.68", "2010-06-30": "35.33", "2010-03-31": "57.62", "2009-12-31": "102.43", "2009-09-30": "48.37", "2009-06-30": "29.15", "2009-03-31": "16.92", "2008-12-31": "17.45", "2008-09-30": "16.61", "2008-06-30": "15.86", "2008-03-31": "15.12", "2007-12-31": "19.06", "2007-09-30": "24.37", "2007-06-30": "23.95", "2007-03-31": "20.23", "2006-12-31": "22.84"}, "price sales": {"2021-02-05": "4.29", "2020-12-31": "4.46", "2020-09-30": "3.61", "2020-06-30": "3.79", "2020-03-31": "3.15", "2019-12-31": "4.01", "2019-09-30": "3.98", "2019-06-30": "3.95", "2019-03-31": "4.13", "2018-12-31": "4.20", "2018-09-30": "4.47", "2018-06-30": "3.92", "2018-03-31": "4.76", "2017-12-31": "3.92", "2017-09-30": "4.00", "2017-06-30": "3.82", "2017-03-31": "3.09", "2016-12-31": "2.92", "2016-09-30": "2.66", "2016-06-30": "2.56", "2016-03-31": "2.80", "2015-12-31": "2.65", "2015-09-30": "2.55", "2015-06-30": "2.65", "2015-03-31": "2.83", "2014-12-31": "2.73", "2014-09-30": "2.76", "2014-06-30": "2.93", "2014-03-31": "2.60", "2013-12-31": "2.87", "2013-09-30": "2.75", "2013-06-30": "2.46", "2013-03-31": "2.86", "2012-12-31": "2.28", "2012-09-30": "2.25", "2012-06-30": "2.45", "2012-03-31": "2.68", "2011-12-31": "2.47", "2011-09-30": "2.22", "2011-06-30": "2.96", "2011-03-31": "3.38", "2010-12-31": "2.70", "2010-09-30": "2.47", "2010-06-30": "2.56", "2010-03-31": "2.88", "2009-12-31": "2.65", "2009-09-30": "2.49", "2009-06-30": "1.90", "2009-03-31": "1.45", "2008-12-31": "1.81", "2008-09-30": "2.23", "2008-06-30": "2.19", "2008-03-31": "2.10", "2007-12-31": "2.75", "2007-09-30": "2.92", "2007-06-30": "2.85", "2007-03-31": "2.36", "2006-12-31": "2.51"}, "price book": {"current": "4.50", "2021-02-05": "4.45", "2020-09-30": "3.73", "2020-06-30": "3.92", "2020-03-31": "3.28", "2019-12-31": "4.54", "2019-09-30": "4.55", "2019-06-30": "4.50", "2019-03-31": "4.63", "2018-12-31": "4.59", "2018-09-30": "5.03", "2018-06-30": "4.45", "2018-03-31": "5.37", "2017-12-31": "4.47", "2017-09-30": "4.37", "2017-06-30": "4.23", "2017-03-31": "3.45", "2016-12-31": "3.24", "2016-09-30": "2.97", "2016-06-30": "2.88", "2016-03-31": "3.13", "2015-12-31": "2.97", "2015-09-30": "2.91", "2015-06-30": "2.94", "2015-03-31": "3.18", "2014-12-31": "3.05", "2014-09-30": "3.10", "2014-06-30": "3.31", "2014-03-31": "2.95", "2013-12-31": "3.31", "2013-09-30": "3.27", "2013-06-30": "2.99", "2013-03-31": "3.50", "2012-12-31": "2.78", "2012-09-30": "2.75", "2012-06-30": "2.98", "2012-03-31": "3.20", "2011-12-31": "2.97", "2011-09-30": "2.68", "2011-06-30": "3.46", "2011-03-31": "3.92", "2010-12-31": "3.16", "2010-09-30": "2.88", "2010-06-30": "2.90", "2010-03-31": "3.08", "2009-12-31": "2.72", "2009-09-30": "2.51", "2009-06-30": "2.06", "2009-03-31": "1.69", "2008-12-31": "2.17", "2008-09-30": "2.63", "2008-06-30": "2.57", "2008-03-31": "2.42", "2007-12-31": "3.02", "2007-09-30": "3.30", "2007-06-30": "3.27", "2007-03-31": "2.62", "2006-12-31": "2.72", "2006-09-30": "2.88", "2006-06-30": "2.93", "2006-03-31": "3.62"}, "price fcf": {"2021-02-05": "", "2020-09-30": "$2.19", "2020-06-30": "$1.53", "2020-03-31": "$2.62", "2019-12-31": "$1.41", "2019-09-30": "$1.56", "2019-06-30": "$1.62", "2019-03-31": "$1.73", "2018-12-31": "$1.69", "2018-09-30": "$1.59", "2018-06-30": "$1.33", "2018-03-31": "$1.16", "2017-12-31": "$1.16", "2017-09-30": "$0.93", "2017-06-30": "$0.95", "2017-03-31": "$0.94", "2016-12-31": "$0.96", "2016-09-30": "$0.97", "2016-06-30": "$1.00", "2016-03-31": "$0.91", "2015-12-31": "$0.81", "2015-09-30": "$0.83", "2015-06-30": "$0.89", "2015-03-31": "$0.87", "2014-12-31": "$0.97", "2014-09-30": "$1.19", "2014-06-30": "$1.06", "2014-03-31": "$1.07", "2013-12-31": "$0.85", "2013-09-30": "$0.39", "2013-06-30": "$0.26", "2013-03-31": "$0.08", "2012-12-31": "$0.26", "2012-09-30": "$0.53", "2012-06-30": "$0.54", "2012-03-31": "$0.78", "2011-12-31": "$0.85", "2011-09-30": "$0.63", "2011-06-30": "$0.76", "2011-03-31": "$0.81", "2010-12-31": "$0.85", "2010-09-30": "$1.05", "2010-06-30": "$0.95", "2010-03-31": "$0.99", "2009-12-31": "$0.87", "2009-09-30": "$0.67", "2009-06-30": "$0.67", "2009-03-31": "$0.69", "2008-12-31": "$0.73", "2008-09-30": "$0.85", "2008-06-30": "$0.91", "2008-03-31": "$0.96", "2007-12-31": "$0.94", "2007-09-30": "$0.87", "2007-06-30": "$0.81", "2007-03-31": "$0.68", "2006-12-31": "$0.59"}, "net worth": {"value": "$5.51B"}, "current ratio": {"2020-12-31": "2.23", "2020-09-30": "2.38", "2020-06-30": "3.27", "2020-03-31": "3.41", "2019-12-31": "3.10", "2019-09-30": "3.17", "2019-06-30": "3.28", "2019-03-31": "3.36", "2018-12-31": "3.61", "2018-09-30": "3.54", "2018-06-30": "3.46", "2018-03-31": "3.32", "2017-12-31": "3.32", "2017-09-30": "3.22", "2017-06-30": "3.28", "2017-03-31": "3.15", "2016-12-31": "3.21", "2016-09-30": "3.17", "2016-06-30": "3.23", "2016-03-31": "3.11", "2015-12-31": "3.33", "2015-09-30": "3.73", "2015-06-30": "3.80", "2015-03-31": "3.90", "2014-12-31": "3.83", "2014-09-30": "3.63", "2014-06-30": "3.53", "2014-03-31": "3.64", "2013-12-31": "3.68", "2013-09-30": "3.45", "2013-06-30": "3.34", "2013-03-31": "3.20", "2012-12-31": "3.13", "2012-09-30": "3.43", "2012-06-30": "3.49", "2012-03-31": "3.39", "2011-12-31": "3.38", "2011-09-30": "3.15", "2011-06-30": "3.50", "2011-03-31": "4.19", "2010-12-31": "3.91", "2010-09-30": "3.65", "2010-06-30": "3.86", "2010-03-31": "4.07", "2009-12-31": "4.49", "2009-09-30": "4.50", "2009-06-30": "4.40", "2009-03-31": "4.45", "2008-12-31": "4.05", "2008-09-30": "4.04", "2008-06-30": "3.88", "2008-03-31": "3.81", "2007-12-31": "4.35", "2007-09-30": "4.24", "2007-06-30": "4.52", "2007-03-31": "4.97", "2006-12-31": "4.90", "2006-09-30": "4.32", "2006-06-30": "4.25", "2006-03-31": "4.40", "2005-12-31": "4.14", "2005-09-30": "4.10", "2005-06-30": "4.17", "2005-03-31": "4.77"}, "quick ratio": {"2020-12-31": "1.72", "2020-09-30": "1.75", "2020-06-30": "2.65", "2020-03-31": "2.75", "2019-12-31": "2.44", "2019-09-30": "2.47", "2019-06-30": "2.55", "2019-03-31": "2.65", "2018-12-31": "2.93", "2018-09-30": "2.84", "2018-06-30": "2.74", "2018-03-31": "2.62", "2017-12-31": "2.64", "2017-09-30": "2.53", "2017-06-30": "2.56", "2017-03-31": "2.41", "2016-12-31": "2.47", "2016-09-30": "2.40", "2016-06-30": "2.46", "2016-03-31": "2.36", "2015-12-31": "2.56", "2015-09-30": "2.92", "2015-06-30": "3.03", "2015-03-31": "3.14", "2014-12-31": "3.13", "2014-09-30": "2.95", "2014-06-30": "2.87", "2014-03-31": "2.91", "2013-12-31": "2.91", "2013-09-30": "2.68", "2013-06-30": "2.54", "2013-03-31": "2.42", "2012-12-31": "2.44", "2012-09-30": "2.74", "2012-06-30": "2.81", "2012-03-31": "2.74", "2011-12-31": "2.76", "2011-09-30": "2.54", "2011-06-30": "2.76", "2011-03-31": "3.38", "2010-12-31": "3.21", "2010-09-30": "3.05", "2010-06-30": "3.22", "2010-03-31": "3.39", "2009-12-31": "3.76", "2009-09-30": "3.73", "2009-06-30": "3.57", "2009-03-31": "3.54", "2008-12-31": "3.23", "2008-09-30": "3.32", "2008-06-30": "3.17", "2008-03-31": "3.14", "2007-12-31": "3.69", "2007-09-30": "3.61", "2007-06-30": "3.80", "2007-03-31": "4.15", "2006-12-31": "4.11", "2006-09-30": "3.53", "2006-06-30": "3.44", "2006-03-31": "3.58", "2005-12-31": "3.42", "2005-09-30": "3.45", "2005-06-30": "3.45", "2005-03-31": "4.09"}, "debt equity ratio": {"current": "0.08", "2020-12-31": "0.54", "2020-09-30": "0.49", "2020-06-30": "0.46", "2020-03-31": "0.38", "2019-12-31": "0.40", "2019-09-30": "0.40", "2019-06-30": "0.40", "2019-03-31": "0.39", "2018-12-31": "0.35", "2018-09-30": "0.36", "2018-06-30": "0.37", "2018-03-31": "0.38", "2017-12-31": "0.39", "2017-09-30": "0.32", "2017-06-30": "0.32", "2017-03-31": "0.34", "2016-12-31": "0.34", "2016-09-30": "0.33", "2016-06-30": "0.35", "2016-03-31": "0.34", "2015-12-31": "0.34", "2015-09-30": "0.33", "2015-06-30": "0.30", "2015-03-31": "0.29", "2014-12-31": "0.30", "2014-09-30": "0.31", "2014-06-30": "0.33", "2014-03-31": "0.32", "2013-12-31": "0.31", "2013-09-30": "0.33", "2013-06-30": "0.34", "2013-03-31": "0.36", "2012-12-31": "0.37", "2012-09-30": "0.34", "2012-06-30": "0.35", "2012-03-31": "0.34", "2011-12-31": "0.36", "2011-09-30": "0.35", "2011-06-30": "0.32", "2011-03-31": "0.27", "2010-12-31": "0.29", "2010-09-30": "0.30", "2010-06-30": "0.28", "2010-03-31": "0.26", "2009-12-31": "0.24", "2009-09-30": "0.23", "2009-06-30": "0.23", "2009-03-31": "0.23", "2008-12-31": "0.25", "2008-09-30": "0.25", "2008-06-30": "0.26", "2008-03-31": "0.26", "2007-12-31": "0.24", "2007-09-30": "0.25", "2007-06-30": "0.23", "2007-03-31": "0.21", "2006-12-31": "0.21", "2006-09-30": "0.21", "2006-06-30": "0.21", "2006-03-31": "0.20", "2005-12-31": "0.21", "2005-09-30": "0.20", "2005-06-30": "0.20", "2005-03-31": "0.19"}, "return on equity": {"2020-12-31": "11.49%", "2020-09-30": "15.95%", "2020-06-30": "20.87%", "2020-03-31": "22.78%", "2019-12-31": "13.83%", "2019-09-30": "13.48%", "2019-06-30": "12.64%", "2019-03-31": "12.83%", "2018-12-31": "13.05%", "2018-09-30": "6.38%", "2018-06-30": "5.56%", "2018-03-31": "5.07%", "2017-12-31": "4.58%", "2017-09-30": "9.27%", "2017-06-30": "8.58%", "2017-03-31": "8.22%", "2016-12-31": "7.45%", "2016-09-30": "7.78%", "2016-06-30": "7.78%", "2016-03-31": "8.18%", "2015-12-31": "8.68%", "2015-09-30": "9.61%", "2015-06-30": "11.08%", "2015-03-31": "11.24%", "2014-12-31": "11.81%", "2014-09-30": "11.03%", "2014-06-30": "8.95%", "2014-03-31": "8.05%", "2013-12-31": "8.22%", "2013-09-30": "7.25%", "2013-06-30": "8.24%", "2013-03-31": "9.70%", "2012-12-31": "9.92%", "2012-09-30": "10.51%", "2012-06-30": "9.51%", "2012-03-31": "9.82%", "2011-12-31": "11.40%", "2011-09-30": "13.53%", "2011-06-30": "16.05%", "2011-03-31": "16.60%", "2010-12-31": "15.69%", "2010-09-30": "10.86%", "2010-06-30": "8.30%", "2010-03-31": "5.17%", "2009-12-31": "2.43%", "2009-09-30": "5.00%", "2009-06-30": "6.90%", "2009-03-31": "10.04%", "2008-12-31": "12.82%", "2008-09-30": "16.91%", "2008-06-30": "17.20%", "2008-03-31": "17.04%", "2007-12-31": "17.50%", "2007-09-30": "14.30%", "2007-06-30": "14.15%", "2007-03-31": "13.67%", "2006-12-31": "13.02%", "2006-09-30": "13.02%", "2006-06-30": "12.55%", "2006-03-31": "12.69%", "2005-12-31": "12.49%"}, "return on assets": {"2020-12-31": "7.84%", "2020-09-30": "11.14%", "2020-06-30": "14.80%", "2020-03-31": "16.34%", "2019-12-31": "9.89%", "2019-09-30": "9.74%", "2019-06-30": "9.20%", "2019-03-31": "9.38%", "2018-12-31": "9.56%", "2018-09-30": "4.64%", "2018-06-30": "4.07%", "2018-03-31": "3.75%", "2017-12-31": "3.41%", "2017-09-30": "6.97%", "2017-06-30": "6.44%", "2017-03-31": "6.13%", "2016-12-31": "5.56%", "2016-09-30": "5.81%", "2016-06-30": "5.80%", "2016-03-31": "6.16%", "2015-12-31": "6.59%", "2015-09-30": "7.35%", "2015-06-30": "8.52%", "2015-03-31": "8.60%", "2014-12-31": "9.00%", "2014-09-30": "8.38%", "2014-06-30": "6.77%", "2014-03-31": "6.07%", "2013-12-31": "6.15%", "2013-09-30": "5.38%", "2013-06-30": "6.09%", "2013-03-31": "7.16%", "2012-12-31": "7.34%", "2012-09-30": "7.79%", "2012-06-30": "7.05%", "2012-03-31": "7.33%", "2011-12-31": "8.60%", "2011-09-30": "10.34%", "2011-06-30": "12.38%", "2011-03-31": "12.90%", "2010-12-31": "12.21%", "2010-09-30": "8.53%", "2010-06-30": "6.61%", "2010-03-31": "4.16%", "2009-12-31": "1.97%", "2009-09-30": "4.04%", "2009-06-30": "5.56%", "2009-03-31": "8.05%", "2008-12-31": "10.21%", "2008-09-30": "13.51%", "2008-06-30": "13.76%", "2008-03-31": "13.71%", "2007-12-31": "14.23%", "2007-09-30": "11.71%", "2007-06-30": "11.67%", "2007-03-31": "11.31%", "2006-12-31": "10.77%", "2006-09-30": "10.78%", "2006-06-30": "10.41%", "2006-03-31": "10.56%", "2005-12-31": "10.41%"}, "return on investments": {"2020-12-31": "19.92%", "2020-09-30": "35.85%", "2020-06-30": "90.63%", "2020-03-31": "inf%", "2019-12-31": "inf%", "2019-09-30": "inf%", "2019-06-30": "inf%", "2019-03-31": "inf%", "2018-12-31": "inf%", "2018-09-30": "inf%", "2018-06-30": "54.28%", "2018-03-31": "25.96%", "2017-12-31": "16.77%", "2017-09-30": "11.94%", "2017-06-30": "11.28%", "2017-03-31": "11.18%", "2016-12-31": "10.54%", "2016-09-30": "10.68%", "2016-06-30": "11.06%", "2016-03-31": "15.80%", "2015-12-31": "24.86%", "2015-09-30": "52.35%", "2015-06-30": "inf%", "2015-03-31": "inf%", "2014-12-31": "inf%", "2014-09-30": "inf%", "2014-06-30": "inf%", "2014-03-31": "inf%", "2013-12-31": "inf%", "2013-09-30": "inf%", "2013-06-30": "inf%", "2013-03-31": "inf%", "2012-12-31": "inf%", "2012-09-30": "inf%", "2012-06-30": "inf%", "2012-03-31": "inf%", "2011-12-31": "inf%", "2011-09-30": "inf%", "2011-06-30": "inf%", "2011-03-31": "inf%", "2010-12-31": "inf%", "2010-09-30": "inf%", "2010-06-30": "inf%", "2010-03-31": "inf%", "2009-12-31": "inf%", "2009-09-30": "inf%", "2009-06-30": "inf%", "2009-03-31": "inf%", "2008-12-31": "inf%", "2008-09-30": "inf%", "2008-06-30": "inf%", "2008-03-31": "inf%", "2007-12-31": "inf%", "2007-09-30": "inf%", "2007-06-30": "inf%", "2007-03-31": "inf%", "2006-12-31": "inf%", "2006-09-30": "inf%", "2006-06-30": "inf%", "2006-03-31": "inf%", "2005-12-31": "inf%"}, "return on tangible equity": {"2020-09-30": "24.03%", "2020-06-30": "28.82%", "2020-03-31": "32.06%", "2019-12-31": "19.82%", "2019-09-30": "19.38%", "2019-06-30": "18.26%", "2019-03-31": "18.68%", "2018-12-31": "19.28%", "2018-09-30": "9.58%", "2018-06-30": "8.40%", "2018-03-31": "7.67%", "2017-12-31": "6.89%", "2017-09-30": "13.85%", "2017-06-30": "12.83%", "2017-03-31": "12.30%", "2016-12-31": "11.21%", "2016-09-30": "11.76%", "2016-06-30": "11.34%", "2016-03-31": "11.43%", "2015-12-31": "11.61%", "2015-09-30": "12.28%", "2015-06-30": "14.05%", "2015-03-31": "14.25%", "2014-12-31": "15.00%", "2014-09-30": "14.12%", "2014-06-30": "11.55%", "2014-03-31": "10.46%", "2013-12-31": "10.76%", "2013-09-30": "9.60%", "2013-06-30": "10.87%", "2013-03-31": "12.77%", "2012-12-31": "13.04%", "2012-09-30": "13.78%", "2012-06-30": "12.65%", "2012-03-31": "13.25%", "2011-12-31": "14.96%", "2011-09-30": "17.29%", "2011-06-30": "19.90%", "2011-03-31": "19.95%", "2010-12-31": "19.01%", "2010-09-30": "13.16%", "2010-06-30": "10.02%", "2010-03-31": "6.22%", "2009-12-31": "2.91%", "2009-09-30": "5.98%", "2009-06-30": "8.24%", "2009-03-31": "12.00%", "2008-12-31": "15.36%", "2008-09-30": "20.15%", "2008-06-30": "20.48%", "2008-03-31": "20.25%", "2007-12-31": "20.72%", "2007-09-30": "17.02%", "2007-06-30": "16.90%", "2007-03-31": "16.36%", "2006-12-31": "15.65%", "2006-09-30": "15.81%", "2006-06-30": "15.30%", "2006-03-31": "15.52%", "2005-12-31": "14.95%"}, "dividend yield history": {"last payout": "$1.04", "last yield": "2.48%"}}