{"ticker": "NFG", "price": {"title": "National Fuel Gas Historical Annual Stock Price Data", "value": 42.21, "historical": {"2021": {"Average Stock Price": "42.2458", "Year Open": "41.2500", "Year High": "44.2800", "Year Low": "40.2600", "Year Close": "42.2100", "Annual % Change": "2.63%"}, "2020": {"Average Stock Price": "41.5121", "Year Open": "44.8500", "Year High": "45.8200", "Year Low": "33.1000", "Year Close": "41.1300", "Annual % Change": "-11.62%"}, "2019": {"Average Stock Price": "52.2041", "Year Open": "50.8700", "Year High": "61.2600", "Year Low": "43.3100", "Year Close": "46.5400", "Annual % Change": "-9.07%"}, "2018": {"Average Stock Price": "53.5125", "Year Open": "56.5100", "Year High": "58.5000", "Year Low": "49.1000", "Year Close": "51.1800", "Annual % Change": "-6.79%"}, "2017": {"Average Stock Price": "57.5468", "Year Open": "56.6400", "Year High": "60.9100", "Year Low": "53.3200", "Year Close": "54.9100", "Annual % Change": "-3.05%"}, "2016": {"Average Stock Price": "52.8871", "Year Open": "42.5800", "Year High": "59.4500", "Year Low": "40.0400", "Year Close": "56.6400", "Annual % Change": "32.49%"}, "2015": {"Average Stock Price": "57.1274", "Year Open": "70.0400", "Year High": "70.0400", "Year Low": "37.9000", "Year Close": "42.7500", "Annual % Change": "-38.52%"}, "2014": {"Average Stock Price": "72.2818", "Year Open": "70.3700", "Year High": "78.3000", "Year Low": "65.7100", "Year Close": "69.5300", "Annual % Change": "-2.62%"}, "2013": {"Average Stock Price": "62.9429", "Year Open": "50.9200", "Year High": "72.1200", "Year Low": "48.6900", "Year Close": "71.4000", "Annual % Change": "40.86%"}, "2012": {"Average Stock Price": "49.4297", "Year Open": "55.7500", "Year High": "55.7500", "Year Low": "42.1700", "Year Close": "50.6900", "Annual % Change": "-8.80%"}, "2011": {"Average Stock Price": "65.1431", "Year Open": "66.5300", "Year High": "75.4000", "Year Low": "46.1800", "Year Close": "55.5800", "Annual % Change": "-15.30%"}, "2010": {"Average Stock Price": "51.9420", "Year Open": "50.6600", "Year High": "66.3800", "Year Low": "42.9800", "Year Close": "65.6200", "Annual % Change": "31.24%"}, "2009": {"Average Stock Price": "38.6364", "Year Open": "32.3600", "Year High": "51.6400", "Year Low": "27.0600", "Year Close": "50.0000", "Annual % Change": "59.59%"}, "2008": {"Average Stock Price": "45.6806", "Year Open": "46.5600", "Year High": "61.9300", "Year Low": "27.2100", "Year Close": "31.3300", "Annual % Change": "-32.88%"}, "2007": {"Average Stock Price": "44.6914", "Year Open": "38.0100", "Year High": "49.7500", "Year Low": "37.2600", "Year Close": "46.6800", "Annual % Change": "21.12%"}, "2006": {"Average Stock Price": "35.3714", "Year Open": "32.2000", "Year High": "40.0200", "Year Low": "30.7400", "Year Close": "38.5400", "Annual % Change": "23.57%"}, "2005": {"Average Stock Price": "29.5574", "Year Open": "27.3700", "Year High": "34.7900", "Year Low": "26.6100", "Year Close": "31.1900", "Annual % Change": "10.06%"}, "2004": {"Average Stock Price": "26.1681", "Year Open": "24.9500", "Year High": "28.8500", "Year Low": "23.8300", "Year Close": "28.3400", "Annual % Change": "15.96%"}, "2003": {"Average Stock Price": "23.1775", "Year Open": "20.9800", "Year High": "27.1700", "Year Low": "19.3600", "Year Close": "24.4400", "Annual % Change": "17.90%"}, "2002": {"Average Stock Price": "21.7912", "Year Open": "24.7000", "Year High": "25.3700", "Year Low": "15.9700", "Year Close": "20.7300", "Annual % Change": "-16.07%"}, "2001": {"Average Stock Price": "25.5330", "Year Open": "30.0950", "Year High": "30.0950", "Year Low": "22.1200", "Year Close": "24.7000", "Annual % Change": "-21.51%"}, "2000": {"Average Stock Price": "25.0316", "Year Open": "23.0300", "Year High": "32.0600", "Year Low": "19.8450", "Year Close": "31.4700", "Annual % Change": "35.35%"}, "1999": {"Average Stock Price": "23.1094", "Year Open": "22.9700", "Year High": "26.1550", "Year Low": "18.9400", "Year Close": "23.2500", "Annual % Change": "2.90%"}, "1998": {"Average Stock Price": "22.6453", "Year Open": "24.1250", "Year High": "24.5600", "Year Low": "19.9700", "Year Close": "22.5950", "Annual % Change": "-7.19%"}, "1997": {"Average Stock Price": "21.7581", "Year Open": "20.0000", "Year High": "24.3450", "Year Low": "19.8750", "Year Close": "24.3450", "Annual % Change": "18.04%"}, "1996": {"Average Stock Price": "18.0130", "Year Open": "16.7500", "Year High": "21.8750", "Year Low": "15.7500", "Year Close": "20.6250", "Annual % Change": "22.69%"}, "1995": {"Average Stock Price": "14.3833", "Year Open": "12.6250", "Year High": "16.8100", "Year Low": "12.6250", "Year Close": "16.8100", "Annual % Change": "31.84%"}, "1994": {"Average Stock Price": "15.1341", "Year Open": "16.8100", "Year High": "18.0000", "Year Low": "12.6900", "Year Close": "12.7500", "Annual % Change": "-25.00%"}, "1993": {"Average Stock Price": "16.4429", "Year Open": "14.8100", "Year High": "18.3100", "Year Low": "14.6250", "Year Close": "17.0000", "Annual % Change": "15.25%"}, "1992": {"Average Stock Price": "12.9987", "Year Open": "12.0600", "Year High": "15.1900", "Year Low": "11.6900", "Year Close": "14.7500", "Annual % Change": "20.41%"}, "1991": {"Average Stock Price": "11.8259", "Year Open": "11.7500", "Year High": "12.5600", "Year Low": "11.1250", "Year Close": "12.2500", "Annual % Change": "3.16%"}, "1990": {"Average Stock Price": "11.9200", "Year Open": "13.6250", "Year High": "13.6250", "Year Low": "10.8100", "Year Close": "11.8750", "Annual % Change": "-14.01%"}, "1989": {"Average Stock Price": "11.3195", "Year Open": "9.4400", "Year High": "13.9400", "Year Low": "9.0000", "Year Close": "13.8100", "Annual % Change": "45.37%"}, "1988": {"Average Stock Price": "9.0700", "Year Open": "8.6250", "Year High": "10.1900", "Year Low": "8.5000", "Year Close": "9.5000", "Annual % Change": "13.43%"}}}, "market cap": {"value": "$3.85B"}, "income statement": {"Revenue": {"2020-09-30": "1546.29100", "2019-09-30": "1693.33200", "2018-09-30": "1592.66800", "2017-09-30": "1579.88100", "2016-09-30": "1452.41600", "2015-09-30": "1760.91300", "2014-09-30": "2113.08100", "2013-09-30": "1829.55100", "2012-09-30": "1626.85300", "2011-09-30": "1778.84200", "2010-09-30": "1760.50300", "2009-09-30": "2051.54300", "2008-09-30": "2396.83700", "2007-09-30": "2039.56600", "2006-09-30": "2239.67500", "2005-09-30": "1860.77400"}, "Cost Of Goods Sold": {"2020-09-30": "233.89000", "2019-09-30": "386.26500", "2018-09-30": "337.82200", "2017-09-30": "275.25400", "2016-09-30": "147.98200", "2015-09-30": "349.98400", "2014-09-30": "605.83800", "2013-09-30": "460.43200", "2012-09-30": "415.58900", "2011-09-30": "628.73200", "2010-09-30": "658.43200", "2009-09-30": "997.21600", "2008-09-30": "1238.40500", "2007-09-30": "1018.08100", "2006-09-30": "1267.56200", "2005-09-30": "959.82700"}, "Gross Profit": {"2020-09-30": "1312.40100", "2019-09-30": "1307.06700", "2018-09-30": "1254.84600", "2017-09-30": "1304.62700", "2016-09-30": "1304.43400", "2015-09-30": "1410.92900", "2014-09-30": "1507.24300", "2013-09-30": "1369.11900", "2012-09-30": "1211.26400", "2011-09-30": "1150.11000", "2010-09-30": "1102.07100", "2009-09-30": "1054.32700", "2008-09-30": "1158.43200", "2007-09-30": "1021.48500", "2006-09-30": "972.11300", "2005-09-30": "900.94700"}, "Research And Development Expenses": {"2020-09-30": "", "2019-09-30": "", "2018-09-30": "", "2017-09-30": "", "2016-09-30": "", "2015-09-30": "", "2014-09-30": "", "2013-09-30": "", "2012-09-30": "", "2011-09-30": "", "2010-09-30": "", "2009-09-30": "", "2008-09-30": "", "2007-09-30": "", "2006-09-30": "", "2005-09-30": ""}, "SG&A Expenses": {"2020-09-30": "526.94700", "2019-09-30": "519.59800", "2018-09-30": "494.16200", "2017-09-30": "486.65400", "2016-09-30": "523.22800", "2015-09-30": "559.56700", "2014-09-30": "553.78900", "2013-09-30": "524.52100", "2012-09-30": "491.68500", "2011-09-30": "482.42100", "2010-09-30": "470.42100", "2009-09-30": "473.30200", "2008-09-30": "504.91900", "2007-09-30": "467.06800", "2006-09-30": "464.49100", "2005-09-30": "456.25800"}, "Other Operating Income Or Expenses": {"2020-09-30": "-449.43800", "2019-09-30": "", "2018-09-30": "", "2017-09-30": "", "2016-09-30": "-948.30700", "2015-09-30": "-1126.25700", "2014-09-30": "", "2013-09-30": "", "2012-09-30": "", "2011-09-30": "", "2010-09-30": "", "2009-09-30": "", "2008-09-30": "", "2007-09-30": "", "2006-09-30": "", "2005-09-30": ""}, "Operating Expenses": {"2020-09-30": "1516.43300", "2019-09-30": "1181.52300", "2018-09-30": "1072.94500", "2017-09-30": "986.10300", "2016-09-30": "1868.93400", "2015-09-30": "2371.96600", "2014-09-30": "1543.40800", "2013-09-30": "1311.71300", "2012-09-30": "1178.80400", "2011-09-30": "1337.68000", "2010-09-30": "1320.05200", "2009-09-30": "1641.13800", "2008-09-30": "1913.17000", "2007-09-30": "1643.06800", "2006-09-30": "1884.05200", "2005-09-30": "1572.58700"}, "Operating Income": {"2020-09-30": "29.85800", "2019-09-30": "511.80910", "2018-09-30": "519.72300", "2017-09-30": "593.77800", "2016-09-30": "-416.51790", "2015-09-30": "-611.05290", "2014-09-30": "569.67310", "2013-09-30": "517.83800", "2012-09-30": "448.04910", "2011-09-30": "441.16210", "2010-09-30": "440.45100", "2009-09-30": "410.40490", "2008-09-30": "483.66690", "2007-09-30": "396.49800", "2006-09-30": "355.62290", "2005-09-30": "288.18710"}, "Total Non-Operating Income/Expense": {"2020-09-30": "-134.89100", "2019-09-30": "-122.29800", "2018-09-30": "-135.69600", "2017-09-30": "-149.61400", "2016-09-30": "-106.98900", "2015-09-30": "-87.51000", "2014-09-30": "-80.64600", "2013-09-30": "-85.07900", "2012-09-30": "-77.41800", "2011-09-30": "-18.37900", "2010-09-30": "-84.09100", "2009-09-30": "-254.06200", "2008-09-30": "-49.08800", "2007-09-30": "-63.01000", "2006-09-30": "-62.76400", "2005-09-30": "-64.12900"}, "Pre-Tax Income": {"2020-09-30": "-105.03300", "2019-09-30": "389.51100", "2018-09-30": "384.02700", "2017-09-30": "444.16400", "2016-09-30": "-523.50700", "2015-09-30": "-698.56300", "2014-09-30": "489.02700", "2013-09-30": "432.75900", "2012-09-30": "370.63100", "2011-09-30": "422.78300", "2010-09-30": "356.36000", "2009-09-30": "156.34300", "2008-09-30": "434.57900", "2007-09-30": "333.48800", "2006-09-30": "292.85900", "2005-09-30": "224.05800"}, "Income Taxes": {"2020-09-30": "18.73900", "2019-09-30": "85.22100", "2018-09-30": "-7.49400", "2017-09-30": "160.68200", "2016-09-30": "-232.54900", "2015-09-30": "-319.13600", "2014-09-30": "189.61400", "2013-09-30": "172.75800", "2012-09-30": "150.55400", "2011-09-30": "164.38100", "2010-09-30": "137.22700", "2009-09-30": "52.85900", "2008-09-30": "167.67200", "2007-09-30": "131.81300", "2006-09-30": "108.24500", "2005-09-30": "85.62100"}, "Income After Taxes": {"2020-09-30": "-123.77200", "2019-09-30": "304.29000", "2018-09-30": "391.52100", "2017-09-30": "283.48200", "2016-09-30": "-290.95800", "2015-09-30": "-379.42700", "2014-09-30": "299.41300", "2013-09-30": "260.00100", "2012-09-30": "220.07700", "2011-09-30": "258.40200", "2010-09-30": "219.13300", "2009-09-30": "103.48400", "2008-09-30": "266.90700", "2007-09-30": "201.67500", "2006-09-30": "184.61400", "2005-09-30": "138.43700"}, "Other Income": {"2020-09-30": "", "2019-09-30": "", "2018-09-30": "", "2017-09-30": "", "2016-09-30": "", "2015-09-30": "", "2014-09-30": "", "2013-09-30": "", "2012-09-30": "", "2011-09-30": "", "2010-09-30": "", "2009-09-30": "", "2008-09-30": "", "2007-09-30": "", "2006-09-30": "", "2005-09-30": ""}, "Income From Continuous Operations": {"2020-09-30": "-123.77200", "2019-09-30": "304.29000", "2018-09-30": "391.52100", "2017-09-30": "283.48200", "2016-09-30": "-290.95800", "2015-09-30": "-379.42700", "2014-09-30": "299.41300", "2013-09-30": "260.00100", "2012-09-30": "220.07700", "2011-09-30": "258.40200", "2010-09-30": "219.13300", "2009-09-30": "103.48400", "2008-09-30": "266.90700", "2007-09-30": "201.67500", "2006-09-30": "184.61400", "2005-09-30": "138.43700"}, "Income From Discontinued Operations": {"2020-09-30": "", "2019-09-30": "", "2018-09-30": "", "2017-09-30": "", "2016-09-30": "", "2015-09-30": "", "2014-09-30": "", "2013-09-30": "", "2012-09-30": "", "2011-09-30": "", "2010-09-30": "6.78000", "2009-09-30": "-2.77600", "2008-09-30": "1.82100", "2007-09-30": "135.78000", "2006-09-30": "-46.52300", "2005-09-30": "51.05100"}, "Net Income": {"2020-09-30": "-123.77200", "2019-09-30": "304.29000", "2018-09-30": "391.52100", "2017-09-30": "283.48200", "2016-09-30": "-290.95800", "2015-09-30": "-379.42700", "2014-09-30": "299.41300", "2013-09-30": "260.00100", "2012-09-30": "220.07700", "2011-09-30": "258.40200", "2010-09-30": "225.91300", "2009-09-30": "100.70800", "2008-09-30": "268.72800", "2007-09-30": "337.45500", "2006-09-30": "138.09100", "2005-09-30": "189.48800"}, "EBITDA": {"2020-09-30": "336.01600", "2019-09-30": "787.46910", "2018-09-30": "760.68400", "2017-09-30": "817.97300", "2016-09-30": "-167.10090", "2015-09-30": "-274.89490", "2014-09-30": "953.45410", "2013-09-30": "844.59800", "2012-09-30": "719.57910", "2011-09-30": "667.68910", "2010-09-30": "632.26010", "2009-09-30": "583.81490", "2008-09-30": "654.28990", "2007-09-30": "567.30100", "2006-09-30": "535.23790", "2005-09-30": "481.33110"}, "EBIT": {"2020-09-30": "29.85800", "2019-09-30": "511.80910", "2018-09-30": "519.72300", "2017-09-30": "593.77800", "2016-09-30": "-416.51790", "2015-09-30": "-611.05290", "2014-09-30": "569.67310", "2013-09-30": "517.83800", "2012-09-30": "448.04910", "2011-09-30": "441.16210", "2010-09-30": "440.45100", "2009-09-30": "410.40490", "2008-09-30": "483.66690", "2007-09-30": "396.49800", "2006-09-30": "355.62290", "2005-09-30": "288.18710"}, "Basic Shares Outstanding": {"2020-09-30": "87.96890", "2019-09-30": "86.23560", "2018-09-30": "85.83060", "2017-09-30": "85.36490", "2016-09-30": "84.84800", "2015-09-30": "84.38780", "2014-09-30": "83.93000", "2013-09-30": "83.51890", "2012-09-30": "83.12800", "2011-09-30": "82.51400", "2010-09-30": "81.38000", "2009-09-30": "79.65000", "2008-09-30": "82.30400", "2007-09-30": "83.14200", "2006-09-30": "84.03000", "2005-09-30": "83.54200"}, "Shares Outstanding": {"2020-09-30": "87.96890", "2019-09-30": "86.77330", "2018-09-30": "86.43970", "2017-09-30": "86.02140", "2016-09-30": "84.84800", "2015-09-30": "84.38780", "2014-09-30": "84.95200", "2013-09-30": "84.34120", "2012-09-30": "83.74000", "2011-09-30": "83.67100", "2010-09-30": "82.66000", "2009-09-30": "80.62900", "2008-09-30": "84.47500", "2007-09-30": "85.30100", "2006-09-30": "86.02800", "2005-09-30": "85.02900"}, "Basic EPS": {"2020-09-30": "-1.41000", "2019-09-30": "3.53000", "2018-09-30": "4.56000", "2017-09-30": "3.32000", "2016-09-30": "-3.43000", "2015-09-30": "-4.50000", "2014-09-30": "3.57000", "2013-09-30": "3.11000", "2012-09-30": "2.65000", "2011-09-30": "3.13000", "2010-09-30": "2.78000", "2009-09-30": "1.26000", "2008-09-30": "3.27000", "2007-09-30": "4.06000", "2006-09-30": "1.64000", "2005-09-30": "2.27000"}, "EPS - Earnings Per Share": {"2020-09-30": "-1.41000", "2019-09-30": "3.51000", "2018-09-30": "4.53000", "2017-09-30": "3.30000", "2016-09-30": "-3.43000", "2015-09-30": "-4.50000", "2014-09-30": "3.52000", "2013-09-30": "3.08000", "2012-09-30": "2.63000", "2011-09-30": "3.09000", "2010-09-30": "2.73000", "2009-09-30": "1.25000", "2008-09-30": "3.18000", "2007-09-30": "3.96000", "2006-09-30": "1.61000", "2005-09-30": "2.23000"}}, "income statement, quarterly": {"Revenue": {"2020-12-31": "441.16000", "2020-09-30": "287.98900", "2020-06-30": "323.01900", "2020-03-31": "491.09500", "2019-12-31": "444.18800", "2019-09-30": "293.34110", "2019-06-30": "357.20000", "2019-03-31": "552.54400", "2018-12-31": "490.24700", "2018-09-30": "289.19600", "2018-06-30": "342.91200", "2018-03-31": "540.90500", "2017-12-31": "419.65500", "2017-09-30": "286.93790", "2017-06-30": "348.36800", "2017-03-31": "522.07500", "2016-12-31": "422.50000", "2016-09-30": "292.47210", "2016-06-30": "335.61700", "2016-03-31": "449.13200", "2015-12-31": "375.19500", "2015-09-30": "301.06190", "2015-06-30": "339.81500", "2015-03-31": "596.12700", "2014-12-31": "523.90900", "2014-09-30": "366.62300", "2014-06-30": "440.14400", "2014-03-31": "756.24200", "2013-12-31": "550.07200", "2013-09-30": "338.86300", "2013-06-30": "440.00800", "2013-03-31": "597.82600", "2012-12-31": "452.85400", "2012-09-30": "313.26000", "2012-06-30": "328.86100", "2012-03-31": "552.30900", "2011-12-31": "432.42300", "2011-09-30": "286.03410", "2011-06-30": "380.97900", "2011-03-31": "660.88100", "2010-12-31": "450.94800", "2010-09-30": "286.39600", "2010-06-30": "351.99200", "2010-03-31": "667.98000", "2009-12-31": "454.13500", "2009-09-30": "272.62400", "2009-06-30": "367.11100", "2009-03-31": "804.64500", "2008-12-31": "607.16300", "2008-09-30": "394.33380", "2008-06-30": "548.38200", "2008-03-31": "885.85300", "2007-12-31": "568.26800", "2007-09-30": "302.02810", "2007-06-30": "448.77900", "2007-03-31": "798.10000", "2006-12-31": "490.65900", "2006-09-30": "222.48600", "2006-06-30": "415.45200", "2006-03-31": "890.98100", "2005-12-31": "710.75600", "2005-09-30": "224.29010", "2005-06-30": "400.35900", "2005-03-31": "735.84200"}, "Cost Of Goods Sold": {"2020-12-31": "51.62000", "2020-09-30": "-5.77300", "2020-06-30": "29.12100", "2020-03-31": "118.27000", "2019-12-31": "92.27200", "2019-09-30": "4.72900", "2019-06-30": "47.83900", "2019-03-31": "195.03700", "2018-12-31": "138.66000", "2018-09-30": "14.96900", "2018-06-30": "52.21100", "2018-03-31": "176.60800", "2017-12-31": "94.03400", "2017-09-30": "10.90500", "2017-06-30": "46.13500", "2017-03-31": "147.97100", "2016-12-31": "70.24300", "2016-09-30": "0.81400", "2016-06-30": "23.47700", "2016-03-31": "81.62300", "2015-12-31": "42.06800", "2015-09-30": "5.25500", "2015-06-30": "27.03800", "2015-03-31": "190.60000", "2014-12-31": "127.09100", "2014-09-30": "28.83300", "2014-06-30": "86.62800", "2014-03-31": "322.77200", "2013-12-31": "167.60500", "2013-09-30": "33.53200", "2013-06-30": "95.16400", "2013-03-31": "209.81700", "2012-12-31": "121.91900", "2012-09-30": "24.69900", "2012-06-30": "50.16000", "2012-03-31": "208.53700", "2011-12-31": "132.19300", "2011-09-30": "46.37400", "2011-06-30": "112.72500", "2011-03-31": "306.59500", "2010-12-31": "163.03800", "2010-09-30": "57.02400", "2010-06-30": "97.19500", "2010-03-31": "332.92300", "2009-12-31": "171.29000", "2009-09-30": "56.04600", "2009-06-30": "126.96900", "2009-03-31": "485.46800", "2008-12-31": "328.73300", "2008-09-30": "156.06400", "2008-06-30": "272.89300", "2008-03-31": "531.43800", "2007-12-31": "278.01000", "2007-09-30": "79.16300", "2007-06-30": "219.07500", "2007-03-31": "476.90400", "2006-12-31": "242.93900", "2006-09-30": "79.60900", "2006-06-30": "184.63500", "2006-03-31": "566.54000", "2005-12-31": "436.77800", "2005-09-30": "82.31710", "2005-06-30": "181.10000", "2005-03-31": "440.25400"}, "Gross Profit": {"2020-12-31": "389.54000", "2020-09-30": "293.76200", "2020-06-30": "293.89800", "2020-03-31": "372.82500", "2019-12-31": "351.91600", "2019-09-30": "288.61210", "2019-06-30": "309.36100", "2019-03-31": "357.50700", "2018-12-31": "351.58700", "2018-09-30": "274.22700", "2018-06-30": "290.70100", "2018-03-31": "364.29700", "2017-12-31": "325.62100", "2017-09-30": "276.03290", "2017-06-30": "302.23300", "2017-03-31": "374.10400", "2016-12-31": "352.25700", "2016-09-30": "291.65810", "2016-06-30": "312.14000", "2016-03-31": "367.50900", "2015-12-31": "333.12700", "2015-09-30": "295.80690", "2015-06-30": "312.77700", "2015-03-31": "405.52700", "2014-12-31": "396.81800", "2014-09-30": "337.79000", "2014-06-30": "353.51600", "2014-03-31": "433.47000", "2013-12-31": "382.46700", "2013-09-30": "305.33100", "2013-06-30": "344.84400", "2013-03-31": "388.00900", "2012-12-31": "330.93500", "2012-09-30": "288.56100", "2012-06-30": "278.70100", "2012-03-31": "343.77200", "2011-12-31": "300.23000", "2011-09-30": "239.66000", "2011-06-30": "268.25400", "2011-03-31": "354.28600", "2010-12-31": "287.91000", "2010-09-30": "229.37200", "2010-06-30": "254.79700", "2010-03-31": "335.05700", "2009-12-31": "282.84500", "2009-09-30": "216.57790", "2009-06-30": "240.14200", "2009-03-31": "319.17700", "2008-12-31": "278.43000", "2008-09-30": "238.26980", "2008-06-30": "275.48900", "2008-03-31": "354.41500", "2007-12-31": "290.25800", "2007-09-30": "222.86510", "2007-06-30": "229.70400", "2007-03-31": "321.19600", "2006-12-31": "247.72000", "2006-09-30": "142.87700", "2006-06-30": "230.81700", "2006-03-31": "324.44100", "2005-12-31": "273.97800", "2005-09-30": "141.97300", "2005-06-30": "219.25900", "2005-03-31": "295.58800"}, "Research And Development Expenses": {"2020-12-31": "", "2020-09-30": "", "2020-06-30": "", "2020-03-31": "", "2019-12-31": "", "2019-09-30": "", "2019-06-30": "", "2019-03-31": "", "2018-12-31": "", "2018-09-30": "", "2018-06-30": "", "2018-03-31": "", "2017-12-31": "", "2017-09-30": "", "2017-06-30": "", "2017-03-31": "", "2016-12-31": "", "2016-09-30": "", "2016-06-30": "", "2016-03-31": "", "2015-12-31": "", "2015-09-30": "", "2015-06-30": "", "2015-03-31": "", "2014-12-31": "", "2014-09-30": "", "2014-06-30": "", "2014-03-31": "", "2013-12-31": "", "2013-09-30": "", "2013-06-30": "", "2013-03-31": "", "2012-12-31": "", "2012-09-30": "", "2012-06-30": "", "2012-03-31": "", "2011-12-31": "", "2011-09-30": "", "2011-06-30": "", "2011-03-31": "", "2010-12-31": "", "2010-09-30": "", "2010-06-30": "", "2010-03-31": "", "2009-12-31": "", "2009-09-30": "", "2009-06-30": "", "2009-03-31": "", "2008-12-31": "", "2008-09-30": "", "2008-06-30": "", "2008-03-31": "", "2007-12-31": "", "2007-09-30": "", "2007-06-30": "", "2007-03-31": "", "2006-12-31": "", "2006-09-30": "", "2006-06-30": "", "2006-03-31": "", "2005-12-31": "", "2005-09-30": "", "2005-06-30": "", "2005-03-31": ""}, "SG&A Expenses": {"2020-12-31": "137.79200", "2020-09-30": "134.20400", "2020-06-30": "122.03300", "2020-03-31": "141.73200", "2019-12-31": "128.97800", "2019-09-30": "130.00300", "2019-06-30": "125.46200", "2019-03-31": "138.48400", "2018-12-31": "125.64900", "2018-09-30": "126.40600", "2018-06-30": "115.88100", "2018-03-31": "131.55300", "2017-12-31": "120.32200", "2017-09-30": "92.32200", "2017-06-30": "123.26200", "2017-03-31": "147.14800", "2016-12-31": "123.92200", "2016-09-30": "121.54100", "2016-06-30": "125.51900", "2016-03-31": "143.11900", "2015-12-31": "133.04900", "2015-09-30": "134.48100", "2015-06-30": "133.41400", "2015-03-31": "158.16100", "2014-12-31": "133.51100", "2014-09-30": "131.88200", "2014-06-30": "129.71500", "2014-03-31": "163.42000", "2013-12-31": "128.77200", "2013-09-30": "122.43900", "2013-06-30": "129.69800", "2013-03-31": "144.98800", "2012-12-31": "127.39600", "2012-09-30": "109.69100", "2012-06-30": "114.18100", "2012-03-31": "148.52400", "2011-12-31": "119.28900", "2011-09-30": "108.56000", "2011-06-30": "116.15600", "2011-03-31": "140.51900", "2010-12-31": "117.18600", "2010-09-30": "106.11300", "2010-06-30": "115.18700", "2010-03-31": "136.70100", "2009-12-31": "112.42000", "2009-09-30": "105.09800", "2009-06-30": "109.25500", "2009-03-31": "139.30000", "2008-12-31": "119.64900", "2008-09-30": "121.07300", "2008-06-30": "121.73700", "2008-03-31": "141.98200", "2007-12-31": "120.12700", "2007-09-30": "107.00300", "2007-06-30": "108.01200", "2007-03-31": "140.39700", "2006-12-31": "111.65600", "2006-09-30": "89.52400", "2006-06-30": "112.96200", "2006-03-31": "141.19600", "2005-12-31": "120.80900", "2005-09-30": "105.15800", "2005-06-30": "111.13200", "2005-03-31": "130.28900"}, "Other Operating Income Or Expenses": {"2020-12-31": "-25.08600", "2020-09-30": "-253.44100", "2020-06-30": "-18.23600", "2020-03-31": "-177.76100", "2019-12-31": "", "2019-09-30": "", "2019-06-30": "", "2019-03-31": "", "2018-12-31": "", "2018-09-30": "", "2018-06-30": "", "2018-03-31": "", "2017-12-31": "", "2017-09-30": "", "2017-06-30": "", "2017-03-31": "", "2016-12-31": "", "2016-09-30": "-32.75500", "2016-06-30": "-82.65800", "2016-03-31": "-397.44300", "2015-12-31": "-435.45100", "2015-09-30": "-417.19700", "2015-06-30": "-588.71200", "2015-03-31": "-120.34800", "2014-12-31": "", "2014-09-30": "", "2014-06-30": "", "2014-03-31": "", "2013-12-31": "", "2013-09-30": "", "2013-06-30": "", "2013-03-31": "", "2012-12-31": "", "2012-09-30": "", "2012-06-30": "", "2012-03-31": "", "2011-12-31": "", "2011-09-30": "", "2011-06-30": "", "2011-03-31": "", "2010-12-31": "", "2010-09-30": "", "2010-06-30": "", "2010-03-31": "", "2009-12-31": "", "2009-09-30": "", "2009-06-30": "", "2009-03-31": "", "2008-12-31": "", "2008-09-30": "", "2008-06-30": "", "2008-03-31": "", "2007-12-31": "", "2007-09-30": "", "2007-06-30": "", "2007-03-31": "", "2006-12-31": "", "2006-09-30": "", "2006-06-30": "", "2006-03-31": "", "2005-12-31": "", "2005-09-30": "", "2005-06-30": "", "2005-03-31": ""}, "Operating Expenses": {"2020-12-31": "297.61800", "2020-09-30": "461.96800", "2020-06-30": "242.62200", "2020-03-31": "515.67500", "2019-12-31": "296.16800", "2019-09-30": "209.40100", "2019-06-30": "244.37300", "2019-03-31": "399.18500", "2018-12-31": "328.56400", "2018-09-30": "204.53390", "2018-06-30": "228.90900", "2018-03-31": "369.31600", "2017-12-31": "270.18600", "2017-09-30": "158.61000", "2017-06-30": "225.01400", "2017-03-31": "352.11800", "2016-12-31": "250.36100", "2016-09-30": "211.22710", "2016-06-30": "290.45600", "2016-03-31": "686.13200", "2015-12-31": "681.11900", "2015-09-30": "627.79170", "2015-06-30": "829.02900", "2015-03-31": "551.79600", "2014-12-31": "363.34900", "2014-09-30": "264.61900", "2014-06-30": "313.13100", "2014-03-31": "576.16700", "2013-12-31": "389.49100", "2013-09-30": "242.22800", "2013-06-30": "313.00400", "2013-03-31": "434.83500", "2012-12-31": "321.64600", "2012-09-30": "205.99500", "2012-06-30": "238.56800", "2012-03-31": "420.21200", "2011-12-31": "314.02900", "2011-09-30": "210.84390", "2011-06-30": "286.17400", "2011-03-31": "507.12500", "2010-12-31": "333.53700", "2010-09-30": "212.40110", "2010-06-30": "262.80400", "2010-03-31": "516.34900", "2009-12-31": "328.49800", "2009-09-30": "204.04910", "2009-06-30": "279.88300", "2009-03-31": "666.48200", "2008-12-31": "490.72400", "2008-09-30": "317.64610", "2008-06-30": "437.43400", "2008-03-31": "715.83200", "2007-12-31": "442.25800", "2007-09-30": "228.52390", "2007-06-30": "364.84600", "2007-03-31": "655.69600", "2006-12-31": "394.00200", "2006-09-30": "186.86520", "2006-06-30": "344.54000", "2006-03-31": "752.01400", "2005-12-31": "600.63310", "2005-09-30": "211.53690", "2005-06-30": "337.33100", "2005-03-31": "615.17500"}, "Operating Income": {"2020-12-31": "143.54200", "2020-09-30": "-173.97900", "2020-06-30": "80.39700", "2020-03-31": "-24.58010", "2019-12-31": "148.02000", "2019-09-30": "83.94010", "2019-06-30": "112.82700", "2019-03-31": "153.35900", "2018-12-31": "161.68300", "2018-09-30": "84.66200", "2018-06-30": "114.00300", "2018-03-31": "171.58900", "2017-12-31": "149.46900", "2017-09-30": "128.32790", "2017-06-30": "123.35400", "2017-03-31": "169.95700", "2016-12-31": "172.13900", "2016-09-30": "81.24510", "2016-06-30": "45.16100", "2016-03-31": "-237.00000", "2015-12-31": "-305.92400", "2015-09-30": "-326.72990", "2015-06-30": "-489.21400", "2015-03-31": "44.33100", "2014-12-31": "160.56000", "2014-09-30": "102.00400", "2014-06-30": "127.01300", "2014-03-31": "180.07500", "2013-12-31": "160.58100", "2013-09-30": "96.63500", "2013-06-30": "127.00400", "2013-03-31": "162.99100", "2012-12-31": "131.20800", "2012-09-30": "107.26500", "2012-06-30": "90.29300", "2012-03-31": "132.09700", "2011-12-31": "118.39400", "2011-09-30": "75.19020", "2011-06-30": "94.80500", "2011-03-31": "153.75600", "2010-12-31": "117.41100", "2010-09-30": "73.99490", "2010-06-30": "89.18800", "2010-03-31": "151.63100", "2009-12-31": "125.63700", "2009-09-30": "68.57480", "2009-06-30": "87.22800", "2009-03-31": "138.16300", "2008-12-31": "116.43900", "2008-09-30": "76.68770", "2008-06-30": "110.94800", "2008-03-31": "170.02110", "2007-12-31": "126.01000", "2007-09-30": "73.50430", "2007-06-30": "83.93300", "2007-03-31": "142.40390", "2006-12-31": "96.65700", "2006-09-30": "35.62090", "2006-06-30": "70.91200", "2006-03-31": "138.96700", "2005-12-31": "110.12290", "2005-09-30": "12.75320", "2005-06-30": "63.02800", "2005-03-31": "120.66700"}, "Total Non-Operating Income/Expense": {"2020-12-31": "-36.35100", "2020-09-30": "-34.20200", "2020-06-30": "-26.01300", "2020-03-31": "-44.64200", "2019-12-31": "-30.03400", "2019-09-30": "-25.24400", "2019-06-30": "-27.96100", "2019-03-31": "-32.97900", "2018-12-31": "-36.11400", "2018-09-30": "-30.33600", "2018-06-30": "-31.79500", "2018-03-31": "-41.47300", "2017-12-31": "-32.09200", "2017-09-30": "-67.26500", "2017-06-30": "-27.84800", "2017-03-31": "-27.70200", "2016-12-31": "-26.79900", "2016-09-30": "-24.60200", "2016-06-30": "-28.13500", "2016-03-31": "-26.71700", "2015-12-31": "-27.53500", "2015-09-30": "-23.49700", "2015-06-30": "-20.82700", "2015-03-31": "-22.52600", "2014-12-31": "-20.66000", "2014-09-30": "-17.58700", "2014-06-30": "-21.38600", "2014-03-31": "-18.76900", "2013-12-31": "-22.90400", "2013-09-30": "-20.45800", "2013-06-30": "-22.82100", "2013-03-31": "-22.08500", "2012-12-31": "-19.71500", "2012-09-30": "-19.73500", "2012-06-30": "-20.88100", "2012-03-31": "-19.83200", "2011-12-31": "-16.97000", "2011-09-30": "-14.65700", "2011-06-30": "-16.89700", "2011-03-31": "33.99100", "2010-12-31": "-20.81600", "2010-09-30": "-19.82500", "2010-06-30": "-20.93800", "2010-03-31": "-21.79900", "2009-12-31": "-21.52900", "2009-09-30": "-21.50200", "2009-06-30": "-20.68600", "2009-03-31": "-17.46800", "2008-12-31": "-194.40600", "2008-09-30": "-11.03800", "2008-06-30": "-14.37100", "2008-03-31": "-13.28700", "2007-12-31": "-10.39200", "2007-09-30": "-16.20100", "2007-06-30": "-16.64800", "2007-03-31": "-15.30000", "2006-12-31": "-14.86100", "2006-09-30": "50.33900", "2006-06-30": "-78.56800", "2006-03-31": "-17.68100", "2005-12-31": "-16.85400", "2005-09-30": "-9.90800", "2005-06-30": "-21.08200", "2005-03-31": "-13.95500"}, "Pre-Tax Income": {"2020-12-31": "107.19100", "2020-09-30": "-208.18100", "2020-06-30": "54.38400", "2020-03-31": "-69.22200", "2019-12-31": "117.98600", "2019-09-30": "58.69600", "2019-06-30": "84.86600", "2019-03-31": "120.38000", "2018-12-31": "125.56900", "2018-09-30": "54.32600", "2018-06-30": "82.20800", "2018-03-31": "130.11600", "2017-12-31": "117.37700", "2017-09-30": "61.06300", "2017-06-30": "95.50600", "2017-03-31": "142.25500", "2016-12-31": "145.34000", "2016-09-30": "56.64300", "2016-06-30": "17.02600", "2016-03-31": "-263.71700", "2015-12-31": "-333.45900", "2015-09-30": "-350.22700", "2015-06-30": "-510.04100", "2015-03-31": "21.80500", "2014-12-31": "139.90000", "2014-09-30": "84.41700", "2014-06-30": "105.62700", "2014-03-31": "161.30600", "2013-12-31": "137.67700", "2013-09-30": "76.17700", "2013-06-30": "104.18300", "2013-03-31": "140.90600", "2012-12-31": "111.49300", "2012-09-30": "87.53000", "2012-06-30": "69.41200", "2012-03-31": "112.26500", "2011-12-31": "101.42400", "2011-09-30": "60.53300", "2011-06-30": "77.90800", "2011-03-31": "187.74700", "2010-12-31": "96.59500", "2010-09-30": "54.17000", "2010-06-30": "68.25000", "2010-03-31": "129.83200", "2009-12-31": "104.10800", "2009-09-30": "47.07300", "2009-06-30": "66.54200", "2009-03-31": "120.69500", "2008-12-31": "-77.96700", "2008-09-30": "65.65000", "2008-06-30": "96.57700", "2008-03-31": "156.73400", "2007-12-31": "115.61800", "2007-09-30": "57.30300", "2007-06-30": "67.28500", "2007-03-31": "127.10400", "2006-12-31": "81.79600", "2006-09-30": "85.96000", "2006-06-30": "-7.65600", "2006-03-31": "121.28600", "2005-12-31": "93.26900", "2005-09-30": "2.84500", "2005-06-30": "41.94600", "2005-03-31": "106.71200"}, "Income Taxes": {"2020-12-31": "29.41700", "2020-09-30": "-62.63600", "2020-06-30": "13.13400", "2020-03-31": "36.84600", "2019-12-31": "31.39500", "2019-09-30": "11.41400", "2019-06-30": "21.11300", "2019-03-31": "29.78500", "2018-12-31": "22.90900", "2018-09-30": "16.33100", "2018-06-30": "19.18300", "2018-03-31": "38.26900", "2017-12-31": "-81.27700", "2017-09-30": "15.48700", "2017-06-30": "35.79200", "2017-03-31": "52.97100", "2016-12-31": "56.43200", "2016-09-30": "19.09100", "2016-06-30": "8.74000", "2016-03-31": "-116.03000", "2015-12-31": "-144.35000", "2015-09-30": "-162.52500", "2015-06-30": "-216.90700", "2015-03-31": "5.13600", "2014-12-31": "55.16000", "2014-09-30": "26.98700", "2014-06-30": "41.10700", "2014-03-31": "66.09500", "2013-12-31": "55.42500", "2013-09-30": "28.33500", "2013-06-30": "45.68800", "2013-03-31": "55.18600", "2012-12-31": "43.54900", "2012-09-30": "38.72800", "2012-06-30": "26.22800", "2012-03-31": "44.87300", "2011-12-31": "40.72500", "2011-09-30": "23.17600", "2011-06-30": "31.01700", "2011-03-31": "72.13600", "2010-12-31": "38.05200", "2010-09-30": "21.77800", "2010-06-30": "25.60800", "2010-03-31": "49.95800", "2009-12-31": "39.88300", "2009-09-30": "17.29900", "2009-06-30": "23.63800", "2009-03-31": "47.21100", "2008-12-31": "-35.28900", "2008-09-30": "24.20600", "2008-06-30": "36.72200", "2008-03-31": "61.73000", "2007-12-31": "45.01400", "2007-09-30": "23.00800", "2007-06-30": "26.07300", "2007-03-31": "51.62400", "2006-12-31": "31.10800", "2006-09-30": "37.47000", "2006-06-30": "-7.76700", "2006-03-31": "42.69200", "2005-12-31": "35.85000", "2005-09-30": "-0.38800", "2005-06-30": "15.55300", "2005-03-31": "42.73100"}, "Income After Taxes": {"2020-12-31": "77.77400", "2020-09-30": "-145.54500", "2020-06-30": "41.25000", "2020-03-31": "-106.06800", "2019-12-31": "86.59100", "2019-09-30": "47.28200", "2019-06-30": "63.75300", "2019-03-31": "90.59500", "2018-12-31": "102.66000", "2018-09-30": "37.99500", "2018-06-30": "63.02500", "2018-03-31": "91.84700", "2017-12-31": "198.65400", "2017-09-30": "45.57600", "2017-06-30": "59.71400", "2017-03-31": "89.28400", "2016-12-31": "88.90800", "2016-09-30": "37.55200", "2016-06-30": "8.28600", "2016-03-31": "-147.68700", "2015-12-31": "-189.10900", "2015-09-30": "-187.70200", "2015-06-30": "-293.13400", "2015-03-31": "16.66900", "2014-12-31": "84.74000", "2014-09-30": "57.43000", "2014-06-30": "64.52000", "2014-03-31": "95.21100", "2013-12-31": "82.25200", "2013-09-30": "47.84200", "2013-06-30": "58.49500", "2013-03-31": "85.72000", "2012-12-31": "67.94400", "2012-09-30": "48.80200", "2012-06-30": "43.18400", "2012-03-31": "67.39200", "2011-12-31": "60.69900", "2011-09-30": "37.35700", "2011-06-30": "46.89100", "2011-03-31": "115.61100", "2010-12-31": "58.54300", "2010-09-30": "32.39200", "2010-06-30": "42.64200", "2010-03-31": "79.87400", "2009-12-31": "64.22500", "2009-09-30": "29.77400", "2009-06-30": "42.90400", "2009-03-31": "73.48400", "2008-12-31": "-42.67800", "2008-09-30": "41.44400", "2008-06-30": "59.85500", "2008-03-31": "95.00400", "2007-12-31": "70.60400", "2007-09-30": "34.29500", "2007-06-30": "41.21200", "2007-03-31": "75.48000", "2006-12-31": "50.68800", "2006-09-30": "48.49000", "2006-06-30": "0.11100", "2006-03-31": "78.59400", "2005-12-31": "57.41900", "2005-09-30": "3.23300", "2005-06-30": "26.39300", "2005-03-31": "63.98100"}, "Other Income": {"2020-12-31": "", "2020-09-30": "", "2020-06-30": "", "2020-03-31": "", "2019-12-31": "", "2019-09-30": "", "2019-06-30": "", "2019-03-31": "", "2018-12-31": "", "2018-09-30": "", "2018-06-30": "", "2018-03-31": "", "2017-12-31": "", "2017-09-30": "", "2017-06-30": "", "2017-03-31": "", "2016-12-31": "", "2016-09-30": "", "2016-06-30": "", "2016-03-31": "", "2015-12-31": "", "2015-09-30": "", "2015-06-30": "", "2015-03-31": "", "2014-12-31": "", "2014-09-30": "", "2014-06-30": "", "2014-03-31": "", "2013-12-31": "", "2013-09-30": "", "2013-06-30": "", "2013-03-31": "", "2012-12-31": "", "2012-09-30": "", "2012-06-30": "", "2012-03-31": "", "2011-12-31": "", "2011-09-30": "", "2011-06-30": "", "2011-03-31": "", "2010-12-31": "", "2010-09-30": "", "2010-06-30": "", "2010-03-31": "", "2009-12-31": "", "2009-09-30": "", "2009-06-30": "", "2009-03-31": "", "2008-12-31": "", "2008-09-30": "", "2008-06-30": "", "2008-03-31": "", "2007-12-31": "", "2007-09-30": "", "2007-06-30": "", "2007-03-31": "", "2006-12-31": "", "2006-09-30": "", "2006-06-30": "", "2006-03-31": "", "2005-12-31": "", "2005-09-30": "", "2005-06-30": "", "2005-03-31": ""}, "Income From Continuous Operations": {"2020-12-31": "77.77400", "2020-09-30": "-145.54500", "2020-06-30": "41.25000", "2020-03-31": "-106.06800", "2019-12-31": "86.59100", "2019-09-30": "47.28200", "2019-06-30": "63.75300", "2019-03-31": "90.59500", "2018-12-31": "102.66000", "2018-09-30": "37.99500", "2018-06-30": "63.02500", "2018-03-31": "91.84700", "2017-12-31": "198.65400", "2017-09-30": "45.57600", "2017-06-30": "59.71400", "2017-03-31": "89.28400", "2016-12-31": "88.90800", "2016-09-30": "37.55200", "2016-06-30": "8.28600", "2016-03-31": "-147.68700", "2015-12-31": "-189.10900", "2015-09-30": "-187.70200", "2015-06-30": "-293.13400", "2015-03-31": "16.66900", "2014-12-31": "84.74000", "2014-09-30": "57.43000", "2014-06-30": "64.52000", "2014-03-31": "95.21100", "2013-12-31": "82.25200", "2013-09-30": "47.84200", "2013-06-30": "58.49500", "2013-03-31": "85.72000", "2012-12-31": "67.94400", "2012-09-30": "48.80200", "2012-06-30": "43.18400", "2012-03-31": "67.39200", "2011-12-31": "60.69900", "2011-09-30": "37.35700", "2011-06-30": "46.89100", "2011-03-31": "115.61100", "2010-12-31": "58.54300", "2010-09-30": "32.39200", "2010-06-30": "42.64200", "2010-03-31": "79.87400", "2009-12-31": "64.22500", "2009-09-30": "29.77400", "2009-06-30": "42.90400", "2009-03-31": "73.48400", "2008-12-31": "-42.67800", "2008-09-30": "41.44400", "2008-06-30": "59.85500", "2008-03-31": "95.00400", "2007-12-31": "70.60400", "2007-09-30": "34.29500", "2007-06-30": "41.21200", "2007-03-31": "75.48000", "2006-12-31": "50.68800", "2006-09-30": "48.49000", "2006-06-30": "0.11100", "2006-03-31": "78.59400", "2005-12-31": "57.41900", "2005-09-30": "3.23300", "2005-06-30": "26.39300", "2005-03-31": "63.98100"}, "Income From Discontinued Operations": {"2020-12-31": "", "2020-09-30": "", "2020-06-30": "", "2020-03-31": "", "2019-12-31": "", "2019-09-30": "", "2019-06-30": "", "2019-03-31": "", "2018-12-31": "", "2018-09-30": "", "2018-06-30": "", "2018-03-31": "", "2017-12-31": "", "2017-09-30": "", "2017-06-30": "", "2017-03-31": "", "2016-12-31": "", "2016-09-30": "", "2016-06-30": "", "2016-03-31": "", "2015-12-31": "", "2015-09-30": "", "2015-06-30": "", "2015-03-31": "", "2014-12-31": "", "2014-09-30": "", "2014-06-30": "", "2014-03-31": "", "2013-12-31": "", "2013-09-30": "", "2013-06-30": "", "2013-03-31": "", "2012-12-31": "", "2012-09-30": "", "2012-06-30": "", "2012-03-31": "", "2011-12-31": "", "2011-09-30": "", "2011-06-30": "", "2011-03-31": "", "2010-12-31": "", "2010-09-30": "6.00900", "2010-06-30": "-0.05700", "2010-03-31": "0.55400", "2009-12-31": "0.27400", "2009-09-30": "", "2009-06-30": "", "2009-03-31": "", "2008-12-31": "", "2008-09-30": "", "2008-06-30": "", "2008-03-31": "", "2007-12-31": "", "2007-09-30": "123.39500", "2007-06-30": "5.58600", "2007-03-31": "2.96700", "2006-12-31": "3.83200", "2006-09-30": "", "2006-06-30": "", "2006-03-31": "", "2005-12-31": "", "2005-09-30": "45.97800", "2005-06-30": "-7.23700", "2005-03-31": "6.70200"}, "Net Income": {"2020-12-31": "77.77400", "2020-09-30": "-145.54500", "2020-06-30": "41.25000", "2020-03-31": "-106.06800", "2019-12-31": "86.59100", "2019-09-30": "47.28200", "2019-06-30": "63.75300", "2019-03-31": "90.59500", "2018-12-31": "102.66000", "2018-09-30": "37.99500", "2018-06-30": "63.02500", "2018-03-31": "91.84700", "2017-12-31": "198.65400", "2017-09-30": "45.57600", "2017-06-30": "59.71400", "2017-03-31": "89.28400", "2016-12-31": "88.90800", "2016-09-30": "37.55200", "2016-06-30": "8.28600", "2016-03-31": "-147.68700", "2015-12-31": "-189.10900", "2015-09-30": "-187.70200", "2015-06-30": "-293.13400", "2015-03-31": "16.66900", "2014-12-31": "84.74000", "2014-09-30": "57.43000", "2014-06-30": "64.52000", "2014-03-31": "95.21100", "2013-12-31": "82.25200", "2013-09-30": "47.84200", "2013-06-30": "58.49500", "2013-03-31": "85.72000", "2012-12-31": "67.94400", "2012-09-30": "48.80200", "2012-06-30": "43.18400", "2012-03-31": "67.39200", "2011-12-31": "60.69900", "2011-09-30": "37.35700", "2011-06-30": "46.89100", "2011-03-31": "115.61100", "2010-12-31": "58.54300", "2010-09-30": "38.40100", "2010-06-30": "42.58500", "2010-03-31": "80.42800", "2009-12-31": "64.49900", "2009-09-30": "26.99800", "2009-06-30": "42.90400", "2009-03-31": "73.48400", "2008-12-31": "-42.67800", "2008-09-30": "43.26500", "2008-06-30": "59.85500", "2008-03-31": "95.00400", "2007-12-31": "70.60400", "2007-09-30": "157.69000", "2007-06-30": "46.79800", "2007-03-31": "78.44700", "2006-12-31": "54.52000", "2006-09-30": "1.96700", "2006-06-30": "0.11100", "2006-03-31": "78.59400", "2005-12-31": "57.41900", "2005-09-30": "49.21100", "2005-06-30": "19.15600", "2005-03-31": "70.68300"}, "EBITDA": {"2020-12-31": "", "2020-09-30": "-93.88300", "2020-06-30": "153.62900", "2020-03-31": "53.33200", "2019-12-31": "222.93800", "2019-09-30": "158.61010", "2019-06-30": "183.89900", "2019-03-31": "219.02200", "2018-12-31": "225.93800", "2018-09-30": "147.82100", "2018-06-30": "174.82000", "2018-03-31": "232.74400", "2017-12-31": "205.29900", "2017-09-30": "183.71090", "2017-06-30": "178.97200", "2017-03-31": "226.95500", "2016-12-31": "228.33500", "2016-09-30": "137.36210", "2016-06-30": "103.96300", "2016-03-31": "-173.05300", "2015-12-31": "-235.37300", "2015-09-30": "-255.86990", "2015-06-30": "-409.34900", "2015-03-31": "127.01700", "2014-12-31": "263.30700", "2014-09-30": "205.90900", "2014-06-30": "223.80000", "2014-03-31": "270.05000", "2013-12-31": "253.69500", "2013-09-30": "182.89200", "2013-06-30": "215.14600", "2013-03-31": "243.02100", "2012-12-31": "203.53900", "2012-09-30": "178.87000", "2012-06-30": "164.52000", "2012-03-31": "195.24800", "2011-12-31": "180.94100", "2011-09-30": "131.10010", "2011-06-30": "152.09800", "2011-03-31": "213.76700", "2010-12-31": "170.72400", "2010-09-30": "123.37090", "2010-06-30": "139.77500", "2010-03-31": "198.52200", "2009-12-31": "170.59200", "2009-09-30": "114.26980", "2009-06-30": "130.88700", "2009-03-31": "179.87700", "2008-12-31": "158.78100", "2008-09-30": "117.97370", "2008-06-30": "153.75200", "2008-03-31": "212.43310", "2007-12-31": "170.13100", "2007-09-30": "118.32130", "2007-06-30": "125.03300", "2007-03-31": "184.46490", "2006-12-31": "139.48200", "2006-09-30": "80.96890", "2006-06-30": "117.85500", "2006-03-31": "183.24500", "2005-12-31": "153.16890", "2005-09-30": "60.08320", "2005-06-30": "112.55700", "2005-03-31": "170.01200"}, "EBIT": {"2020-12-31": "143.54200", "2020-09-30": "-173.97890", "2020-06-30": "80.39700", "2020-03-31": "-24.58010", "2019-12-31": "148.02000", "2019-09-30": "83.94000", "2019-06-30": "112.82700", "2019-03-31": "153.35900", "2018-12-31": "161.68300", "2018-09-30": "84.66200", "2018-06-30": "114.00300", "2018-03-31": "171.58900", "2017-12-31": "149.46900", "2017-09-30": "128.32800", "2017-06-30": "123.35400", "2017-03-31": "169.95700", "2016-12-31": "172.13900", "2016-09-30": "81.24500", "2016-06-30": "45.16100", "2016-03-31": "-237.00000", "2015-12-31": "-305.92400", "2015-09-30": "-326.72990", "2015-06-30": "-489.21400", "2015-03-31": "44.33100", "2014-12-31": "160.56000", "2014-09-30": "102.00410", "2014-06-30": "127.01300", "2014-03-31": "180.07500", "2013-12-31": "160.58100", "2013-09-30": "96.63500", "2013-06-30": "127.00400", "2013-03-31": "162.99100", "2012-12-31": "131.20800", "2012-09-30": "107.26500", "2012-06-30": "90.29300", "2012-03-31": "132.09700", "2011-12-31": "118.39400", "2011-09-30": "75.19010", "2011-06-30": "94.80500", "2011-03-31": "153.75600", "2010-12-31": "117.41100", "2010-09-30": "73.99500", "2010-06-30": "89.18800", "2010-03-31": "151.63100", "2009-12-31": "125.63700", "2009-09-30": "68.57490", "2009-06-30": "87.22800", "2009-03-31": "138.16300", "2008-12-31": "116.43900", "2008-09-30": "76.68780", "2008-06-30": "110.94800", "2008-03-31": "170.02110", "2007-12-31": "126.01000", "2007-09-30": "73.50420", "2007-06-30": "83.93300", "2007-03-31": "142.40390", "2006-12-31": "96.65700", "2006-09-30": "35.62090", "2006-06-30": "70.91200", "2006-03-31": "138.96700", "2005-12-31": "110.12290", "2005-09-30": "12.75310", "2005-06-30": "63.02800", "2005-03-31": "120.66700"}, "Basic Shares Outstanding": {"2020-12-31": "91.00800", "2020-09-30": "87.96890", "2020-06-30": "87.96630", "2020-03-31": "86.56110", "2019-12-31": "86.37850", "2019-09-30": "86.23560", "2019-06-30": "86.30640", "2019-03-31": "86.29010", "2018-12-31": "86.03270", "2018-09-30": "85.83060", "2018-06-30": "85.93030", "2018-03-31": "85.80920", "2017-12-31": "85.63030", "2017-09-30": "85.36490", "2017-06-30": "85.42230", "2017-03-31": "85.33490", "2016-12-31": "85.18990", "2016-09-30": "84.84800", "2016-06-30": "84.91770", "2016-03-31": "84.80700", "2015-12-31": "84.65120", "2015-09-30": "84.38780", "2015-06-30": "84.45360", "2015-03-31": "84.31750", "2014-12-31": "84.20870", "2014-09-30": "83.93000", "2014-06-30": "84.02910", "2014-03-31": "83.85600", "2013-12-31": "83.70800", "2013-09-30": "83.51890", "2013-06-30": "83.55800", "2013-03-31": "83.49900", "2012-12-31": "83.39000", "2012-09-30": "83.12800", "2012-06-30": "83.22800", "2012-03-31": "83.10800", "2011-12-31": "82.87100", "2011-09-30": "82.51400", "2011-06-30": "82.68800", "2011-03-31": "82.40100", "2010-12-31": "82.22300", "2010-09-30": "81.38000", "2010-06-30": "81.80100", "2010-03-31": "81.17500", "2009-12-31": "80.61200", "2009-09-30": "79.65000", "2009-06-30": "79.55100", "2009-03-31": "79.51500", "2008-12-31": "79.28900", "2008-09-30": "82.30400", "2008-06-30": "81.34200", "2008-03-31": "83.40600", "2007-12-31": "83.61100", "2007-09-30": "83.14200", "2007-06-30": "83.48400", "2007-03-31": "82.89500", "2006-12-31": "82.67900", "2006-09-30": "84.03000", "2006-06-30": "84.01400", "2006-03-31": "84.34700", "2005-12-31": "84.42300", "2005-09-30": "83.54200", "2005-06-30": "83.56800", "2005-03-31": "83.31300"}, "Shares Outstanding": {"2020-12-31": "91.50800", "2020-09-30": "87.96890", "2020-06-30": "88.32370", "2020-03-31": "86.56110", "2019-12-31": "86.88320", "2019-09-30": "86.77330", "2019-06-30": "86.83980", "2019-03-31": "86.76770", "2018-12-31": "86.70880", "2018-09-30": "86.43970", "2018-06-30": "86.50120", "2018-03-31": "86.32360", "2017-12-31": "86.32550", "2017-09-30": "86.02140", "2017-06-30": "86.06450", "2017-03-31": "86.00660", "2016-12-31": "85.79800", "2016-09-30": "84.84800", "2016-06-30": "85.47020", "2016-03-31": "84.80700", "2015-12-31": "84.65120", "2015-09-30": "84.38780", "2015-06-30": "85.24830", "2015-03-31": "85.13310", "2014-12-31": "85.11850", "2014-09-30": "84.95200", "2014-06-30": "84.97310", "2014-03-31": "84.83700", "2013-12-31": "84.65900", "2013-09-30": "84.34120", "2013-06-30": "84.32500", "2013-03-31": "84.16000", "2012-12-31": "84.00600", "2012-09-30": "83.74000", "2012-06-30": "83.67500", "2012-03-31": "83.67800", "2011-12-31": "83.70000", "2011-09-30": "83.67100", "2011-06-30": "83.78300", "2011-03-31": "83.67400", "2010-12-31": "83.42000", "2010-09-30": "82.66000", "2010-06-30": "82.97100", "2010-03-31": "82.56900", "2009-12-31": "82.17300", "2009-09-30": "80.62900", "2009-06-30": "80.39100", "2009-03-31": "80.13000", "2008-12-31": "80.16700", "2008-09-30": "84.47500", "2008-06-30": "83.71200", "2008-03-31": "85.38600", "2007-12-31": "85.81900", "2007-09-30": "85.30100", "2007-06-30": "85.66800", "2007-03-31": "85.03300", "2006-12-31": "84.73100", "2006-09-30": "86.02800", "2006-06-30": "86.01600", "2006-03-31": "86.25400", "2005-12-31": "86.25700", "2005-09-30": "85.02900", "2005-06-30": "84.89700", "2005-03-31": "84.77000"}, "Basic EPS": {"2020-12-31": "0.85000", "2020-09-30": "-1.65000", "2020-06-30": "0.47000", "2020-03-31": "-1.23000", "2019-12-31": "1.00000", "2019-09-30": "0.55000", "2019-06-30": "0.74000", "2019-03-31": "1.05000", "2018-12-31": "1.19000", "2018-09-30": "0.44000", "2018-06-30": "0.73000", "2018-03-31": "1.07000", "2017-12-31": "2.32000", "2017-09-30": "0.53000", "2017-06-30": "0.70000", "2017-03-31": "1.05000", "2016-12-31": "1.04000", "2016-09-30": "0.44000", "2016-06-30": "0.10000", "2016-03-31": "-1.74000", "2015-12-31": "-2.23000", "2015-09-30": "-2.24000", "2015-06-30": "-3.47000", "2015-03-31": "0.20000", "2014-12-31": "1.01000", "2014-09-30": "0.68000", "2014-06-30": "0.77000", "2014-03-31": "1.14000", "2013-12-31": "0.98000", "2013-09-30": "0.57000", "2013-06-30": "0.70000", "2013-03-31": "1.03000", "2012-12-31": "0.81000", "2012-09-30": "0.59000", "2012-06-30": "0.52000", "2012-03-31": "0.81000", "2011-12-31": "0.73000", "2011-09-30": "0.45000", "2011-06-30": "0.57000", "2011-03-31": "1.40000", "2010-12-31": "0.71000", "2010-09-30": "0.47000", "2010-06-30": "0.52000", "2010-03-31": "0.99000", "2009-12-31": "0.80000", "2009-09-30": "0.34000", "2009-06-30": "0.54000", "2009-03-31": "0.92000", "2008-12-31": "-0.54000", "2008-09-30": "0.55000", "2008-06-30": "0.74000", "2008-03-31": "1.14000", "2007-12-31": "0.84000", "2007-09-30": "1.89000", "2007-06-30": "0.56000", "2007-03-31": "0.95000", "2006-12-31": "0.66000", "2006-09-30": "0.02870", "2006-06-30": "0.00130", "2006-03-31": "0.93000", "2005-12-31": "0.68000", "2005-09-30": "0.58000", "2005-06-30": "0.23000", "2005-03-31": "0.85000"}, "EPS - Earnings Per Share": {"2020-12-31": "0.85000", "2020-09-30": "-1.65000", "2020-06-30": "0.47000", "2020-03-31": "-1.23000", "2019-12-31": "1.00000", "2019-09-30": "0.56000", "2019-06-30": "0.73000", "2019-03-31": "1.04000", "2018-12-31": "1.18000", "2018-09-30": "0.44000", "2018-06-30": "0.73000", "2018-03-31": "1.06000", "2017-12-31": "2.30000", "2017-09-30": "0.53000", "2017-06-30": "0.69000", "2017-03-31": "1.04000", "2016-12-31": "1.04000", "2016-09-30": "0.44000", "2016-06-30": "0.10000", "2016-03-31": "-1.74000", "2015-12-31": "-2.23000", "2015-09-30": "-2.26000", "2015-06-30": "-3.44000", "2015-03-31": "0.20000", "2014-12-31": "1.00000", "2014-09-30": "0.67000", "2014-06-30": "0.76000", "2014-03-31": "1.12000", "2013-12-31": "0.97000", "2013-09-30": "0.56000", "2013-06-30": "0.69000", "2013-03-31": "1.02000", "2012-12-31": "0.81000", "2012-09-30": "0.57000", "2012-06-30": "0.52000", "2012-03-31": "0.81000", "2011-12-31": "0.73000", "2011-09-30": "0.45000", "2011-06-30": "0.56000", "2011-03-31": "1.38000", "2010-12-31": "0.70000", "2010-09-30": "0.47000", "2010-06-30": "0.51000", "2010-03-31": "0.97000", "2009-12-31": "0.78000", "2009-09-30": "0.33000", "2009-06-30": "0.53000", "2009-03-31": "0.92000", "2008-12-31": "-0.53000", "2008-09-30": "0.53000", "2008-06-30": "0.72000", "2008-03-31": "1.11000", "2007-12-31": "0.82000", "2007-09-30": "1.85000", "2007-06-30": "0.55000", "2007-03-31": "0.92000", "2006-12-31": "0.64000", "2006-09-30": "0.02870", "2006-06-30": "0.00130", "2006-03-31": "0.91000", "2005-12-31": "0.67000", "2005-09-30": "0.57000", "2005-06-30": "0.23000", "2005-03-31": "0.83000"}}, "balance sheet": {"Cash On Hand": {"2020-09-30": "20.54100", "2019-09-30": "27.26000", "2018-09-30": "233.04700", "2017-09-30": "557.27110", "2016-09-30": "131.45600", "2015-09-30": "124.72000", "2014-09-30": "39.62000", "2013-09-30": "65.95200", "2012-09-30": "74.85800", "2011-09-30": "100.12900", "2010-09-30": "408.30500", "2009-09-30": "410.90100", "2008-09-30": "68.24000", "2007-09-30": "190.83600", "2006-09-30": "89.28700", "2005-09-30": "135.39100"}, "Receivables": {"2020-09-30": "143.58300", "2019-09-30": "139.95600", "2018-09-30": "141.49800", "2017-09-30": "112.38300", "2016-09-30": "133.20100", "2015-09-30": "105.00400", "2014-09-30": "149.73500", "2013-09-30": "133.18200", "2012-09-30": "115.81800", "2011-09-30": "131.88500", "2010-09-30": "132.13600", "2009-09-30": "144.46600", "2008-09-30": "185.39700", "2007-09-30": "172.38000", "2006-09-30": "173.67100", "2005-09-30": "141.40800"}, "Inventory": {"2020-09-30": "85.21500", "2019-09-30": "77.34900", "2018-09-30": "73.63600", "2017-09-30": "69.61500", "2016-09-30": "68.19800", "2015-09-30": "64.66600", "2014-09-30": "67.23900", "2013-09-30": "81.38800", "2012-09-30": "78.37200", "2011-09-30": "82.25700", "2010-09-30": "73.57100", "2009-09-30": "80.38200", "2008-09-30": "118.61100", "2007-09-30": "101.86400", "2006-09-30": "96.15400", "2005-09-30": "97.79600"}, "Pre-Paid Expenses": {"2020-09-30": "", "2019-09-30": "", "2018-09-30": "", "2017-09-30": "", "2016-09-30": "", "2015-09-30": "", "2014-09-30": "", "2013-09-30": "", "2012-09-30": "", "2011-09-30": "", "2010-09-30": "", "2009-09-30": "", "2008-09-30": "", "2007-09-30": "", "2006-09-30": "", "2005-09-30": "14.40400"}, "Other Current Assets": {"2020-09-30": "64.85900", "2019-09-30": "118.05800", "2018-09-30": "96.41000", "2017-09-30": "79.01100", "2016-09-30": "80.17600", "2015-09-30": "81.41100", "2014-09-30": "80.41500", "2013-09-30": "88.79600", "2012-09-30": "75.77300", "2011-09-30": "82.20700", "2010-09-30": "136.88900", "2009-09-30": "87.35800", "2008-09-30": "127.23000", "2007-09-30": "80.50800", "2006-09-30": "102.23100", "2005-09-30": "102.63300"}, "Total Current Assets": {"2020-09-30": "314.19800", "2019-09-30": "362.62300", "2018-09-30": "544.59100", "2017-09-30": "818.28000", "2016-09-30": "413.03100", "2015-09-30": "375.80100", "2014-09-30": "377.33200", "2013-09-30": "448.67700", "2012-09-30": "355.57600", "2011-09-30": "411.90100", "2010-09-30": "775.37700", "2009-09-30": "776.97000", "2008-09-30": "499.47800", "2007-09-30": "554.13800", "2006-09-30": "484.74500", "2005-09-30": "575.40600"}, "Property, Plant, And Equipment": {"2020-09-30": "5998.06700", "2019-09-30": "5509.51000", "2018-09-30": "4977.14300", "2017-09-30": "4674.07400", "2016-09-30": "4454.48200", "2015-09-30": "5331.89500", "2014-09-30": "5743.09100", "2013-09-30": "5151.72600", "2012-09-30": "4739.80300", "2011-09-30": "4000.52400", "2010-09-30": "3450.22900", "2009-09-30": "3133.36200", "2008-09-30": "3154.10000", "2007-09-30": "2878.40500", "2006-09-30": "2877.72600", "2005-09-30": "2839.30000"}, "Long-Term Investments": {"2020-09-30": "", "2019-09-30": "", "2018-09-30": "", "2017-09-30": "", "2016-09-30": "", "2015-09-30": "", "2014-09-30": "", "2013-09-30": "", "2012-09-30": "", "2011-09-30": "", "2010-09-30": "14.82800", "2009-09-30": "14.94000", "2008-09-30": "16.27900", "2007-09-30": "18.25600", "2006-09-30": "11.59000", "2005-09-30": "12.65800"}, "Goodwill And Intangible Assets": {"2020-09-30": "5.47600", "2019-09-30": "5.47600", "2018-09-30": "5.47600", "2017-09-30": "5.47600", "2016-09-30": "5.47600", "2015-09-30": "5.47600", "2014-09-30": "5.47600", "2013-09-30": "5.47600", "2012-09-30": "5.47600", "2011-09-30": "5.47600", "2010-09-30": "5.47600", "2009-09-30": "27.01200", "2008-09-30": "31.65000", "2007-09-30": "34.31200", "2006-09-30": "36.97400", "2005-09-30": "47.77800"}, "Other Long-Term Assets": {"2020-09-30": "347.92200", "2019-09-30": "322.86800", "2018-09-30": "273.60000", "2017-09-30": "344.64000", "2016-09-30": "404.02100", "2015-09-30": "533.95200", "2014-09-30": "326.98100", "2013-09-30": "327.74400", "2012-09-30": "279.84500", "2011-09-30": "313.23400", "2010-09-30": "307.26800", "2009-09-30": "283.19500", "2008-09-30": "213.64200", "2007-09-30": "199.17300", "2006-09-30": "199.11000", "2005-09-30": "198.63800"}, "Total Long-Term Assets": {"2020-09-30": "6650.73700", "2019-09-30": "6099.53400", "2018-09-30": "5491.89500", "2017-09-30": "5285.04100", "2016-09-30": "5223.35600", "2015-09-30": "6189.13800", "2014-09-30": "6350.70800", "2013-09-30": "5769.67000", "2012-09-30": "5579.56600", "2011-09-30": "4809.18300", "2010-09-30": "4330.24800", "2009-09-30": "3992.15900", "2008-09-30": "3630.70900", "2007-09-30": "3334.27400", "2006-09-30": "3279.00300", "2005-09-30": "3149.87600"}, "Total Assets": {"2020-09-30": "6964.93500", "2019-09-30": "6462.15700", "2018-09-30": "6036.48600", "2017-09-30": "6103.32000", "2016-09-30": "5636.38700", "2015-09-30": "6564.93900", "2014-09-30": "6728.04000", "2013-09-30": "6218.34700", "2012-09-30": "5935.14200", "2011-09-30": "5221.08400", "2010-09-30": "5105.62500", "2009-09-30": "4769.12900", "2008-09-30": "4130.18700", "2007-09-30": "3888.41200", "2006-09-30": "3763.74800", "2005-09-30": "3725.28200"}, "Total Current Liabilities": {"2020-09-30": "459.57300", "2019-09-30": "421.90800", "2018-09-30": "440.06000", "2017-09-30": "646.03900", "2016-09-30": "303.73700", "2015-09-30": "446.14000", "2014-09-30": "490.57600", "2013-09-30": "302.17100", "2012-09-30": "734.47900", "2011-09-30": "542.46700", "2010-09-30": "524.32400", "2009-09-30": "318.50700", "2008-09-30": "374.57100", "2007-09-30": "439.34600", "2006-09-30": "319.76200", "2005-09-30": "462.58700"}, "Long Term Debt": {"2020-09-30": "2629.57600", "2019-09-30": "2133.71800", "2018-09-30": "2131.36500", "2017-09-30": "2083.68100", "2016-09-30": "2086.25200", "2015-09-30": "2084.00900", "2014-09-30": "1637.44300", "2013-09-30": "1649.00000", "2012-09-30": "1149.00000", "2011-09-30": "899.00000", "2010-09-30": "1049.00000", "2009-09-30": "1249.00000", "2008-09-30": "999.00000", "2007-09-30": "799.00000", "2006-09-30": "1095.67500", "2005-09-30": "1119.01200"}, "Other Non-Current Liabilities": {"2020-09-30": "941.38800", "2019-09-30": "858.02700", "2018-09-30": "837.91700", "2017-09-30": "520.48000", "2016-09-30": "498.86100", "2015-09-30": "539.77700", "2014-09-30": "463.80000", "2013-09-30": "424.33700", "2012-09-30": "346.26300", "2011-09-30": "294.39100", "2010-09-30": "384.56900", "2009-09-30": "384.19400", "2008-09-30": "306.72900", "2007-09-30": "257.85000", "2006-09-30": "248.35000", "2005-09-30": "209.15500"}, "Total Long Term Liabilities": {"2020-09-30": "4533.37600", "2019-09-30": "3901.22400", "2018-09-30": "3659.09600", "2017-09-30": "3753.54600", "2016-09-30": "3805.64600", "2015-09-30": "4093.35900", "2014-09-30": "3826.78100", "2013-09-30": "3721.44700", "2012-09-30": "3240.56800", "2011-09-30": "2786.73200", "2010-09-30": "2835.33000", "2009-09-30": "2861.38600", "2008-09-30": "2152.01700", "2007-09-30": "1818.94700", "2006-09-30": "2000.42400", "2005-09-30": "2033.11200"}, "Total Liabilities": {"2020-09-30": "4992.94900", "2019-09-30": "4323.13200", "2018-09-30": "4099.15600", "2017-09-30": "4399.58500", "2016-09-30": "4109.38300", "2015-09-30": "4539.49900", "2014-09-30": "4317.35700", "2013-09-30": "4023.61800", "2012-09-30": "3975.04700", "2011-09-30": "3329.19900", "2010-09-30": "3359.65400", "2009-09-30": "3179.89300", "2008-09-30": "2526.58800", "2007-09-30": "2258.29300", "2006-09-30": "2320.18600", "2005-09-30": "2495.69900"}, "Common Stock Net": {"2020-09-30": "90.95500", "2019-09-30": "86.31500", "2018-09-30": "85.95700", "2017-09-30": "85.54300", "2016-09-30": "85.11900", "2015-09-30": "84.59400", "2014-09-30": "84.15700", "2013-09-30": "83.66200", "2012-09-30": "83.33000", "2011-09-30": "82.81300", "2010-09-30": "82.07500", "2009-09-30": "80.50000", "2008-09-30": "79.12100", "2007-09-30": "83.46100", "2006-09-30": "83.40300", "2005-09-30": "84.35700"}, "Retained Earnings (Accumulated Deficit)": {"2020-09-30": "991.63000", "2019-09-30": "1272.60100", "2018-09-30": "1098.90000", "2017-09-30": "851.66900", "2016-09-30": "676.36100", "2015-09-30": "1103.20000", "2014-09-30": "1614.36100", "2013-09-30": "1442.61700", "2012-09-30": "1306.28400", "2011-09-30": "1206.02200", "2010-09-30": "1063.26200", "2009-09-30": "948.29300", "2008-09-30": "953.79900", "2007-09-30": "983.77600", "2006-09-30": "786.01300", "2005-09-30": "813.02000"}, "Comprehensive Income": {"2020-09-30": "-114.75700", "2019-09-30": "-52.15500", "2018-09-30": "-67.75000", "2017-09-30": "-30.12300", "2016-09-30": "-5.64000", "2015-09-30": "93.37200", "2014-09-30": "-3.97900", "2013-09-30": "-19.23400", "2012-09-30": "-99.02000", "2011-09-30": "-47.69900", "2010-09-30": "-44.98500", "2009-09-30": "-42.39600", "2008-09-30": "2.96300", "2007-09-30": "-6.20300", "2006-09-30": "30.41600", "2005-09-30": "-197.62800"}, "Other Share Holders Equity": {"2020-09-30": "", "2019-09-30": "", "2018-09-30": "", "2017-09-30": "", "2016-09-30": "", "2015-09-30": "", "2014-09-30": "", "2013-09-30": "", "2012-09-30": "", "2011-09-30": "", "2010-09-30": "", "2009-09-30": "", "2008-09-30": "", "2007-09-30": "", "2006-09-30": "", "2005-09-30": ""}, "Share Holder Equity": {"2020-09-30": "1971.98600", "2019-09-30": "2139.02500", "2018-09-30": "1937.33000", "2017-09-30": "1703.73500", "2016-09-30": "1527.00400", "2015-09-30": "2025.44000", "2014-09-30": "2410.68300", "2013-09-30": "2194.72900", "2012-09-30": "1960.09500", "2011-09-30": "1891.88500", "2010-09-30": "1745.97100", "2009-09-30": "1589.23600", "2008-09-30": "1603.59900", "2007-09-30": "1630.11900", "2006-09-30": "1443.56200", "2005-09-30": "1229.58300"}, "Total Liabilities And Share Holders Equity": {"2020-09-30": "6964.93500", "2019-09-30": "6462.15700", "2018-09-30": "6036.48600", "2017-09-30": "6103.32000", "2016-09-30": "5636.38700", "2015-09-30": "6564.93900", "2014-09-30": "6728.04000", "2013-09-30": "6218.34700", "2012-09-30": "5935.14200", "2011-09-30": "5221.08400", "2010-09-30": "5105.62500", "2009-09-30": "4769.12900", "2008-09-30": "4130.18700", "2007-09-30": "3888.41200", "2006-09-30": "3763.74800", "2005-09-30": "3725.28200"}}, "balance sheet, quarterly": {"Cash On Hand": {"2020-12-31": "109.41300", "2020-09-30": "20.54100", "2020-06-30": "563.96300", "2020-03-31": "122.38300", "2019-12-31": "44.63200", "2019-09-30": "27.26000", "2019-06-30": "94.35000", "2019-03-31": "102.62600", "2018-12-31": "112.53800", "2018-09-30": "233.04700", "2018-06-30": "315.59000", "2018-03-31": "231.65100", "2017-12-31": "170.75400", "2017-09-30": "557.27110", "2017-06-30": "287.46700", "2017-03-31": "232.94400", "2016-12-31": "136.49300", "2016-09-30": "131.45600", "2016-06-30": "108.57500", "2016-03-31": "103.66300", "2015-12-31": "45.88000", "2015-09-30": "124.72000", "2015-06-30": "321.13200", "2015-03-31": "85.16700", "2014-12-31": "57.39200", "2014-09-30": "39.62000", "2014-06-30": "102.65300", "2014-03-31": "150.86400", "2013-12-31": "23.88000", "2013-09-30": "65.95200", "2013-06-30": "135.27600", "2013-03-31": "113.16300", "2012-12-31": "61.01700", "2012-09-30": "74.85800", "2012-06-30": "144.20700", "2012-03-31": "211.11500", "2011-12-31": "249.38000", "2011-09-30": "100.12900", "2011-06-30": "222.69400", "2011-03-31": "206.59300", "2010-12-31": "111.06800", "2010-09-30": "408.30500", "2010-06-30": "469.06900", "2010-03-31": "442.46100", "2009-12-31": "407.49300", "2009-09-30": "410.90100", "2009-06-30": "441.58900", "2009-03-31": "108.24300", "2008-12-31": "140.42800", "2008-09-30": "68.24000", "2008-06-30": "289.97600", "2008-03-31": "218.76600", "2007-12-31": "191.76300", "2007-09-30": "190.83600", "2007-06-30": "65.93000", "2007-03-31": "123.84300", "2006-12-31": "57.35800", "2006-09-30": "89.28700", "2006-06-30": "136.31000", "2006-03-31": "114.98900", "2005-12-31": "103.15500", "2005-09-30": "135.39100", "2005-06-30": "62.07200", "2005-03-31": "123.08100"}, "Receivables": {"2020-12-31": "178.58400", "2020-09-30": "143.58300", "2020-06-30": "136.43800", "2020-03-31": "172.01100", "2019-12-31": "158.94400", "2019-09-30": "139.95600", "2019-06-30": "178.76200", "2019-03-31": "235.58600", "2018-12-31": "192.60400", "2018-09-30": "141.49800", "2018-06-30": "151.00500", "2018-03-31": "198.92200", "2017-12-31": "161.02900", "2017-09-30": "112.38300", "2017-06-30": "127.87600", "2017-03-31": "171.16200", "2016-12-31": "161.02500", "2016-09-30": "133.20100", "2016-06-30": "140.91100", "2016-03-31": "137.71800", "2015-12-31": "211.11200", "2015-09-30": "105.00400", "2015-06-30": "135.42700", "2015-03-31": "207.67300", "2014-12-31": "166.88700", "2014-09-30": "149.73500", "2014-06-30": "202.43700", "2014-03-31": "267.51200", "2013-12-31": "164.07400", "2013-09-30": "133.18200", "2013-06-30": "165.04700", "2013-03-31": "203.09900", "2012-12-31": "143.56700", "2012-09-30": "115.81800", "2012-06-30": "113.94900", "2012-03-31": "168.75700", "2011-12-31": "152.88800", "2011-09-30": "131.88500", "2011-06-30": "165.57600", "2011-03-31": "227.89800", "2010-12-31": "147.82900", "2010-09-30": "132.13600", "2010-06-30": "143.68400", "2010-03-31": "226.56600", "2009-12-31": "176.20200", "2009-09-30": "144.46600", "2009-06-30": "200.59400", "2009-03-31": "304.50000", "2008-12-31": "229.22000", "2008-09-30": "185.39700", "2008-06-30": "302.52200", "2008-03-31": "363.87200", "2007-12-31": "242.44000", "2007-09-30": "172.38000", "2007-06-30": "222.24900", "2007-03-31": "335.66600", "2006-12-31": "192.60800", "2006-09-30": "173.67100", "2006-06-30": "233.15000", "2006-03-31": "358.02600", "2005-12-31": "289.22900", "2005-09-30": "141.40800", "2005-06-30": "221.40800", "2005-03-31": "317.86900"}, "Inventory": {"2020-12-31": "71.34200", "2020-09-30": "85.21500", "2020-06-30": "65.75200", "2020-03-31": "56.97300", "2019-12-31": "70.36400", "2019-09-30": "77.34900", "2019-06-30": "56.08500", "2019-03-31": "44.54300", "2018-12-31": "65.28300", "2018-09-30": "73.63600", "2018-06-30": "50.78300", "2018-03-31": "41.61100", "2017-12-31": "59.27800", "2017-09-30": "69.61500", "2017-06-30": "52.49900", "2017-03-31": "43.72200", "2016-12-31": "57.60100", "2016-09-30": "68.19800", "2016-06-30": "48.98300", "2016-03-31": "42.02900", "2015-12-31": "61.20000", "2015-09-30": "64.66600", "2015-06-30": "47.84500", "2015-03-31": "39.01900", "2014-12-31": "53.98000", "2014-09-30": "67.23900", "2014-06-30": "45.80300", "2014-03-31": "28.72700", "2013-12-31": "63.41100", "2013-09-30": "81.38800", "2013-06-30": "53.82100", "2013-03-31": "45.98100", "2012-12-31": "74.43100", "2012-09-30": "78.37200", "2012-06-30": "52.92400", "2012-03-31": "44.59000", "2011-12-31": "78.07100", "2011-09-30": "82.25700", "2011-06-30": "51.44800", "2011-03-31": "43.63400", "2010-12-31": "79.39900", "2010-09-30": "73.57100", "2010-06-30": "59.99800", "2010-03-31": "42.45000", "2009-12-31": "77.54300", "2009-09-30": "80.38200", "2009-06-30": "52.48900", "2009-03-31": "40.20700", "2008-12-31": "89.97300", "2008-09-30": "118.61100", "2008-06-30": "87.04500", "2008-03-31": "57.13000", "2007-12-31": "102.05000", "2007-09-30": "101.86400", "2007-06-30": "61.45000", "2007-03-31": "48.87400", "2006-12-31": "90.79000", "2006-09-30": "96.15400", "2006-06-30": "76.72800", "2006-03-31": "64.30800", "2005-12-31": "92.10300", "2005-09-30": "97.79600", "2005-06-30": "77.52600", "2005-03-31": "73.98200"}, "Pre-Paid Expenses": {"2020-12-31": "", "2020-09-30": "", "2020-06-30": "", "2020-03-31": "", "2019-12-31": "", "2019-09-30": "", "2019-06-30": "", "2019-03-31": "", "2018-12-31": "", "2018-09-30": "", "2018-06-30": "", "2018-03-31": "", "2017-12-31": "", "2017-09-30": "", "2017-06-30": "", "2017-03-31": "", "2016-12-31": "", "2016-09-30": "", "2016-06-30": "", "2016-03-31": "", "2015-12-31": "", "2015-09-30": "", "2015-06-30": "", "2015-03-31": "", "2014-12-31": "", "2014-09-30": "", "2014-06-30": "", "2014-03-31": "", "2013-12-31": "", "2013-09-30": "", "2013-06-30": "", "2013-03-31": "", "2012-12-31": "", "2012-09-30": "", "2012-06-30": "", "2012-03-31": "", "2011-12-31": "", "2011-09-30": "", "2011-06-30": "", "2011-03-31": "", "2010-12-31": "", "2010-09-30": "", "2010-06-30": "", "2010-03-31": "", "2009-12-31": "", "2009-09-30": "", "2009-06-30": "", "2009-03-31": "", "2008-12-31": "", "2008-09-30": "", "2008-06-30": "", "2008-03-31": "", "2007-12-31": "", "2007-09-30": "", "2007-06-30": "70.85800", "2007-03-31": "68.48300", "2006-12-31": "60.95400", "2006-09-30": "", "2006-06-30": "43.68100", "2006-03-31": "41.09600", "2005-12-31": "53.69700", "2005-09-30": "14.40400", "2005-06-30": "51.23000", "2005-03-31": "55.88500"}, "Other Current Assets": {"2020-12-31": "94.10000", "2020-09-30": "64.85900", "2020-06-30": "65.55500", "2020-03-31": "144.90300", "2019-12-31": "156.75600", "2019-09-30": "118.05800", "2019-06-30": "74.09900", "2019-03-31": "123.54200", "2018-12-31": "152.41600", "2018-09-30": "96.41000", "2018-06-30": "71.62000", "2018-03-31": "120.80900", "2017-12-31": "130.49100", "2017-09-30": "79.01100", "2017-06-30": "74.33800", "2017-03-31": "109.11800", "2016-12-31": "112.59600", "2016-09-30": "80.17600", "2016-06-30": "62.65500", "2016-03-31": "93.09900", "2015-12-31": "106.32300", "2015-09-30": "81.41100", "2015-06-30": "67.68300", "2015-03-31": "115.74000", "2014-12-31": "137.48200", "2014-09-30": "80.41500", "2014-06-30": "71.63700", "2014-03-31": "140.10600", "2013-12-31": "135.02600", "2013-09-30": "88.79600", "2013-06-30": "59.84800", "2013-03-31": "93.46600", "2012-12-31": "96.24200", "2012-09-30": "75.77300", "2012-06-30": "62.55800", "2012-03-31": "71.67200", "2011-12-31": "93.85300", "2011-09-30": "82.20700", "2011-06-30": "58.18500", "2011-03-31": "107.07300", "2010-12-31": "166.41200", "2010-09-30": "136.88900", "2010-06-30": "55.59600", "2010-03-31": "89.22700", "2009-12-31": "119.06400", "2009-09-30": "87.35800", "2009-06-30": "48.94500", "2009-03-31": "111.71400", "2008-12-31": "162.50500", "2008-09-30": "127.23000", "2008-06-30": "57.02700", "2008-03-31": "107.35900", "2007-12-31": "123.11900", "2007-09-30": "80.50800", "2007-06-30": "46.89300", "2007-03-31": "103.51200", "2006-12-31": "152.06200", "2006-09-30": "102.23100", "2006-06-30": "15.52900", "2006-03-31": "72.96900", "2005-12-31": "127.28100", "2005-09-30": "102.63300", "2005-06-30": "14.56200", "2005-03-31": "60.68700"}, "Total Current Assets": {"2020-12-31": "453.43900", "2020-09-30": "314.19800", "2020-06-30": "831.70800", "2020-03-31": "496.27000", "2019-12-31": "430.69600", "2019-09-30": "362.62300", "2019-06-30": "403.29600", "2019-03-31": "506.29700", "2018-12-31": "522.84100", "2018-09-30": "544.59100", "2018-06-30": "588.99800", "2018-03-31": "592.99300", "2017-12-31": "521.55200", "2017-09-30": "818.28000", "2017-06-30": "542.18000", "2017-03-31": "556.94600", "2016-12-31": "467.71500", "2016-09-30": "413.03100", "2016-06-30": "361.12400", "2016-03-31": "376.50900", "2015-12-31": "424.51500", "2015-09-30": "375.80100", "2015-06-30": "611.47000", "2015-03-31": "486.85900", "2014-12-31": "452.16200", "2014-09-30": "377.33200", "2014-06-30": "469.68300", "2014-03-31": "626.85900", "2013-12-31": "409.51800", "2013-09-30": "448.67700", "2013-06-30": "429.14000", "2013-03-31": "489.95000", "2012-12-31": "394.36900", "2012-09-30": "355.57600", "2012-06-30": "388.36500", "2012-03-31": "516.41500", "2011-12-31": "589.11300", "2011-09-30": "411.90100", "2011-06-30": "520.78800", "2011-03-31": "620.11500", "2010-12-31": "525.60900", "2010-09-30": "775.37700", "2010-06-30": "761.24000", "2010-03-31": "841.30400", "2009-12-31": "828.92300", "2009-09-30": "776.97000", "2009-06-30": "776.62600", "2009-03-31": "590.86100", "2008-12-31": "628.46600", "2008-09-30": "499.47800", "2008-06-30": "820.86700", "2008-03-31": "788.38000", "2007-12-31": "676.84000", "2007-09-30": "554.13800", "2007-06-30": "488.65100", "2007-03-31": "704.32900", "2006-12-31": "570.30500", "2006-09-30": "484.74500", "2006-06-30": "556.63700", "2006-03-31": "700.93400", "2005-12-31": "713.10000", "2005-09-30": "575.40600", "2005-06-30": "441.32800", "2005-03-31": "631.50400"}, "Property, Plant, And Equipment": {"2020-12-31": "5991.66600", "2020-09-30": "5998.06700", "2020-06-30": "5621.35200", "2020-03-31": "5555.87000", "2019-12-31": "5646.22400", "2019-09-30": "5509.51000", "2019-06-30": "5352.37000", "2019-03-31": "5215.87400", "2018-12-31": "5083.61700", "2018-09-30": "4977.14300", "2018-06-30": "4843.23000", "2018-03-31": "4782.79700", "2017-12-31": "4729.04100", "2017-09-30": "4674.07400", "2017-06-30": "4583.52400", "2017-03-31": "4519.05700", "2016-12-31": "4486.12900", "2016-09-30": "4454.48200", "2016-06-30": "4447.75400", "2016-03-31": "4572.17500", "2015-12-31": "4882.78300", "2015-09-30": "5331.89500", "2015-06-30": "5481.72800", "2015-03-31": "5896.50600", "2014-12-31": "5853.73100", "2014-09-30": "5743.09100", "2014-06-30": "5537.58600", "2014-03-31": "5363.88200", "2013-12-31": "5225.67900", "2013-09-30": "5151.72600", "2013-06-30": "5014.03200", "2013-03-31": "4946.64500", "2012-12-31": "4856.18900", "2012-09-30": "4739.80300", "2012-06-30": "4620.87000", "2012-03-31": "4430.19100", "2011-12-31": "4227.94200", "2011-09-30": "4000.52400", "2011-06-30": "3784.97700", "2011-03-31": "3734.14000", "2010-12-31": "3601.21300", "2010-09-30": "3450.22900", "2010-06-30": "3353.67700", "2010-03-31": "3294.52500", "2009-12-31": "3166.42500", "2009-09-30": "3133.36200", "2009-06-30": "3067.50400", "2009-03-31": "3058.47200", "2008-12-31": "3043.75500", "2008-09-30": "3154.10000", "2008-06-30": "3044.09200", "2008-03-31": "2943.26500", "2007-12-31": "2909.12000", "2007-09-30": "2878.40500", "2007-06-30": "2968.36200", "2007-03-31": "2927.25100", "2006-12-31": "2895.36400", "2006-09-30": "2877.72600", "2006-06-30": "2885.10000", "2006-03-31": "2896.38900", "2005-12-31": "2869.32700", "2005-09-30": "2839.30000", "2005-06-30": "3041.58500", "2005-03-31": "3059.80300"}, "Long-Term Investments": {"2020-12-31": "", "2020-09-30": "", "2020-06-30": "", "2020-03-31": "", "2019-12-31": "", "2019-09-30": "", "2019-06-30": "", "2019-03-31": "", "2018-12-31": "", "2018-09-30": "", "2018-06-30": "", "2018-03-31": "", "2017-12-31": "", "2017-09-30": "", "2017-06-30": "", "2017-03-31": "", "2016-12-31": "", "2016-09-30": "", "2016-06-30": "", "2016-03-31": "", "2015-12-31": "", "2015-09-30": "", "2015-06-30": "", "2015-03-31": "", "2014-12-31": "", "2014-09-30": "", "2014-06-30": "", "2014-03-31": "", "2013-12-31": "", "2013-09-30": "", "2013-06-30": "", "2013-03-31": "", "2012-12-31": "", "2012-09-30": "", "2012-06-30": "", "2012-03-31": "", "2011-12-31": "", "2011-09-30": "", "2011-06-30": "1.36700", "2011-03-31": "1.44300", "2010-12-31": "13.72800", "2010-09-30": "14.82800", "2010-06-30": "14.03700", "2010-03-31": "13.71300", "2009-12-31": "14.72800", "2009-09-30": "14.94000", "2009-06-30": "15.09400", "2009-03-31": "13.66700", "2008-12-31": "13.44300", "2008-09-30": "16.27900", "2008-06-30": "16.91600", "2008-03-31": "16.60500", "2007-12-31": "17.82500", "2007-09-30": "18.25600", "2007-06-30": "16.37700", "2007-03-31": "15.85000", "2006-12-31": "13.25800", "2006-09-30": "11.59000", "2006-06-30": "10.20600", "2006-03-31": "11.49100", "2005-12-31": "10.77100", "2005-09-30": "12.65800", "2005-06-30": "15.81800", "2005-03-31": "16.16300"}, "Goodwill And Intangible Assets": {"2020-12-31": "5.47600", "2020-09-30": "5.47600", "2020-06-30": "5.47600", "2020-03-31": "5.47600", "2019-12-31": "5.47600", "2019-09-30": "5.47600", "2019-06-30": "5.47600", "2019-03-31": "5.47600", "2018-12-31": "5.47600", "2018-09-30": "5.47600", "2018-06-30": "5.47600", "2018-03-31": "5.47600", "2017-12-31": "5.47600", "2017-09-30": "5.47600", "2017-06-30": "5.47600", "2017-03-31": "5.47600", "2016-12-31": "5.47600", "2016-09-30": "5.47600", "2016-06-30": "5.47600", "2016-03-31": "5.47600", "2015-12-31": "5.47600", "2015-09-30": "5.47600", "2015-06-30": "5.47600", "2015-03-31": "5.47600", "2014-12-31": "5.47600", "2014-09-30": "5.47600", "2014-06-30": "5.47600", "2014-03-31": "5.47600", "2013-12-31": "5.47600", "2013-09-30": "5.47600", "2013-06-30": "5.47600", "2013-03-31": "5.47600", "2012-12-31": "5.47600", "2012-09-30": "5.47600", "2012-06-30": "5.47600", "2012-03-31": "5.47600", "2011-12-31": "5.47600", "2011-09-30": "5.47600", "2011-06-30": "5.47600", "2011-03-31": "5.47600", "2010-12-31": "5.47600", "2010-09-30": "5.47600", "2010-06-30": "25.66400", "2010-03-31": "26.11300", "2009-12-31": "26.56300", "2009-09-30": "27.01200", "2009-06-30": "30.10300", "2009-03-31": "30.59900", "2008-12-31": "31.09600", "2008-09-30": "31.65000", "2008-06-30": "32.31500", "2008-03-31": "32.98100", "2007-12-31": "33.64600", "2007-09-30": "34.31200", "2007-06-30": "35.23300", "2007-03-31": "35.89900", "2006-12-31": "36.30900", "2006-09-30": "36.97400", "2006-06-30": "45.78100", "2006-03-31": "46.44700", "2005-12-31": "47.11300", "2005-09-30": "47.77800", "2005-06-30": "49.47300", "2005-03-31": "50.13900"}, "Other Long-Term Assets": {"2020-12-31": "293.39700", "2020-09-30": "347.92200", "2020-06-30": "336.96400", "2020-03-31": "361.00700", "2019-12-31": "332.91800", "2019-09-30": "322.86800", "2019-06-30": "345.33300", "2019-03-31": "316.69900", "2018-12-31": "335.78000", "2018-09-30": "273.60000", "2018-06-30": "265.88700", "2018-03-31": "264.98400", "2017-12-31": "270.16900", "2017-09-30": "344.64000", "2017-06-30": "373.76100", "2017-03-31": "363.85000", "2016-12-31": "338.77400", "2016-09-30": "404.02100", "2016-06-30": "412.37400", "2016-03-31": "532.51600", "2015-12-31": "560.06990", "2015-09-30": "533.95200", "2015-06-30": "516.95500", "2015-03-31": "567.41300", "2014-12-31": "559.07200", "2014-09-30": "326.98100", "2014-06-30": "294.29600", "2014-03-31": "289.07600", "2013-12-31": "331.93100", "2013-09-30": "327.74400", "2013-06-30": "330.79200", "2013-03-31": "268.47900", "2012-12-31": "293.67500", "2012-09-30": "279.84500", "2012-06-30": "334.46100", "2012-03-31": "371.02200", "2011-12-31": "349.86800", "2011-09-30": "313.23400", "2011-06-30": "291.31300", "2011-03-31": "286.76300", "2010-12-31": "291.59000", "2010-09-30": "307.26800", "2010-06-30": "270.07100", "2010-03-31": "283.34000", "2009-12-31": "254.88600", "2009-09-30": "283.19500", "2009-06-30": "246.16900", "2009-03-31": "288.90100", "2008-12-31": "291.52900", "2008-09-30": "213.64200", "2008-06-30": "187.87000", "2008-03-31": "183.31800", "2007-12-31": "194.06800", "2007-09-30": "199.17300", "2007-06-30": "188.89500", "2007-03-31": "182.40100", "2006-12-31": "198.27400", "2006-09-30": "199.11000", "2006-06-30": "201.95200", "2006-03-31": "193.50700", "2005-12-31": "194.97000", "2005-09-30": "198.63800", "2005-06-30": "196.02900", "2005-03-31": "202.69200"}, "Total Long-Term Assets": {"2020-12-31": "6585.72900", "2020-09-30": "6650.73700", "2020-06-30": "6287.27700", "2020-03-31": "6212.38900", "2019-12-31": "6271.96200", "2019-09-30": "6099.53400", "2019-06-30": "5932.95100", "2019-03-31": "5772.67900", "2018-12-31": "5664.08700", "2018-09-30": "5491.89500", "2018-06-30": "5385.10500", "2018-03-31": "5321.58000", "2017-12-31": "5270.38000", "2017-09-30": "5285.04100", "2017-06-30": "5325.32700", "2017-03-31": "5247.72900", "2016-12-31": "5194.00200", "2016-09-30": "5223.35600", "2016-06-30": "5180.07300", "2016-03-31": "5424.51500", "2015-12-31": "5765.81700", "2015-09-30": "6189.13800", "2015-06-30": "6278.19800", "2015-03-31": "6741.08700", "2014-12-31": "6692.93200", "2014-09-30": "6350.70800", "2014-06-30": "6118.77500", "2014-03-31": "5940.33600", "2013-12-31": "5855.46700", "2013-09-30": "5769.67000", "2013-06-30": "5914.80000", "2013-03-31": "5784.73900", "2012-12-31": "5713.82800", "2012-09-30": "5579.56600", "2012-06-30": "5448.48800", "2012-03-31": "5319.08100", "2011-12-31": "5158.64200", "2011-09-30": "4809.18300", "2011-06-30": "4612.47700", "2011-03-31": "4563.20200", "2010-12-31": "4456.37200", "2010-09-30": "4330.24800", "2010-06-30": "4188.12100", "2010-03-31": "4144.48400", "2009-12-31": "3988.77800", "2009-09-30": "3992.15900", "2009-06-30": "3578.67600", "2009-03-31": "3604.67600", "2008-12-31": "3595.72100", "2008-09-30": "3630.70900", "2008-06-30": "3472.99400", "2008-03-31": "3374.69500", "2007-12-31": "3354.58300", "2007-09-30": "3334.27400", "2007-06-30": "3304.47400", "2007-03-31": "3256.68900", "2006-12-31": "3229.04800", "2006-09-30": "3279.00300", "2006-06-30": "3208.88800", "2006-03-31": "3212.63300", "2005-12-31": "3176.83500", "2005-09-30": "3149.87600", "2005-06-30": "3378.87000", "2005-03-31": "3394.67500"}, "Total Assets": {"2020-12-31": "7039.16800", "2020-09-30": "6964.93500", "2020-06-30": "7118.98500", "2020-03-31": "6708.65900", "2019-12-31": "6702.65800", "2019-09-30": "6462.15700", "2019-06-30": "6336.24700", "2019-03-31": "6278.97500", "2018-12-31": "6186.92800", "2018-09-30": "6036.48600", "2018-06-30": "5974.10300", "2018-03-31": "5914.57300", "2017-12-31": "5791.93200", "2017-09-30": "6103.32000", "2017-06-30": "5867.50700", "2017-03-31": "5804.67500", "2016-12-31": "5661.71700", "2016-09-30": "5636.38700", "2016-06-30": "5541.19700", "2016-03-31": "5801.02400", "2015-12-31": "6190.33200", "2015-09-30": "6564.93900", "2015-06-30": "6889.66800", "2015-03-31": "7227.94600", "2014-12-31": "7145.09400", "2014-09-30": "6728.04000", "2014-06-30": "6588.45800", "2014-03-31": "6567.19500", "2013-12-31": "6264.98400", "2013-09-30": "6218.34700", "2013-06-30": "6343.94000", "2013-03-31": "6274.68900", "2012-12-31": "6108.19700", "2012-09-30": "5935.14200", "2012-06-30": "5836.85300", "2012-03-31": "5835.49600", "2011-12-31": "5747.75500", "2011-09-30": "5221.08400", "2011-06-30": "5133.26500", "2011-03-31": "5183.31700", "2010-12-31": "4981.98100", "2010-09-30": "5105.62500", "2010-06-30": "4949.36100", "2010-03-31": "4985.78800", "2009-12-31": "4817.70100", "2009-09-30": "4769.12900", "2009-06-30": "4355.30200", "2009-03-31": "4195.53700", "2008-12-31": "4224.18700", "2008-09-30": "4130.18700", "2008-06-30": "4293.86100", "2008-03-31": "4163.07500", "2007-12-31": "4031.42300", "2007-09-30": "3888.41200", "2007-06-30": "3793.12500", "2007-03-31": "3961.01800", "2006-12-31": "3799.35300", "2006-09-30": "3763.74800", "2006-06-30": "3765.52500", "2006-03-31": "3913.56700", "2005-12-31": "3889.93500", "2005-09-30": "3725.28200", "2005-06-30": "3820.19800", "2005-03-31": "4026.17900"}, "Total Current Liabilities": {"2020-12-31": "906.18300", "2020-09-30": "459.57300", "2020-06-30": "342.36000", "2020-03-31": "583.81800", "2019-12-31": "546.46200", "2019-09-30": "421.90800", "2019-06-30": "395.92500", "2019-03-31": "432.99800", "2018-12-31": "419.08200", "2018-09-30": "440.06000", "2018-06-30": "661.45700", "2018-03-31": "379.89500", "2017-12-31": "365.28800", "2017-09-30": "646.03900", "2017-06-30": "602.13500", "2017-03-31": "325.89500", "2016-12-31": "306.19800", "2016-09-30": "303.73700", "2016-06-30": "276.34100", "2016-03-31": "352.62700", "2015-12-31": "411.13100", "2015-09-30": "446.14000", "2015-06-30": "419.93700", "2015-03-31": "644.17500", "2014-12-31": "570.52600", "2014-09-30": "490.57600", "2014-06-30": "427.80500", "2014-03-31": "513.06300", "2013-12-31": "324.33500", "2013-09-30": "302.17100", "2013-06-30": "269.40000", "2013-03-31": "373.39800", "2012-12-31": "772.89900", "2012-09-30": "734.47900", "2012-06-30": "667.04700", "2012-03-31": "726.46200", "2011-12-31": "420.96500", "2011-09-30": "542.46700", "2011-06-30": "513.31000", "2011-03-31": "603.61800", "2010-12-31": "531.81700", "2010-09-30": "524.32400", "2010-06-30": "490.24900", "2010-03-31": "580.16200", "2009-12-31": "516.87300", "2009-09-30": "318.50700", "2009-06-30": "364.11800", "2009-03-31": "433.13900", "2008-12-31": "508.53000", "2008-09-30": "374.57100", "2008-06-30": "634.66800", "2008-03-31": "575.72700", "2007-12-31": "503.69400", "2007-09-30": "439.34600", "2007-06-30": "493.38300", "2007-03-31": "525.75400", "2006-12-31": "339.57700", "2006-09-30": "319.76200", "2006-06-30": "377.18500", "2006-03-31": "473.13100", "2005-12-31": "508.11800", "2005-09-30": "462.58700", "2005-06-30": "536.93700", "2005-03-31": "717.61900"}, "Long Term Debt": {"2020-12-31": "2130.47300", "2020-09-30": "2629.57600", "2020-06-30": "2628.78200", "2020-03-31": "2134.96400", "2019-12-31": "2134.33900", "2019-09-30": "2133.71800", "2019-06-30": "2133.10100", "2019-03-31": "2132.48800", "2018-12-31": "2131.88000", "2018-09-30": "2131.36500", "2018-06-30": "1835.58200", "2018-03-31": "2085.01200", "2017-12-31": "2084.46500", "2017-09-30": "2083.68100", "2017-06-30": "1787.95400", "2017-03-31": "2087.38500", "2016-12-31": "2086.81700", "2016-09-30": "2086.25200", "2016-06-30": "2085.68600", "2016-03-31": "2085.12300", "2015-12-31": "2084.56200", "2015-09-30": "2084.00900", "2015-06-30": "2099.00000", "2015-03-31": "1649.00000", "2014-12-31": "1649.00000", "2014-09-30": "1637.44300", "2014-06-30": "1649.00000", "2014-03-31": "1649.00000", "2013-12-31": "1649.00000", "2013-09-30": "1649.00000", "2013-06-30": "1649.00000", "2013-03-31": "1649.00000", "2012-12-31": "1149.00000", "2012-09-30": "1149.00000", "2012-06-30": "1149.00000", "2012-03-31": "1149.00000", "2011-12-31": "1399.00000", "2011-09-30": "899.00000", "2011-06-30": "899.00000", "2011-03-31": "899.00000", "2010-12-31": "899.00000", "2010-09-30": "1049.00000", "2010-06-30": "1049.00000", "2010-03-31": "1049.00000", "2009-12-31": "1049.00000", "2009-09-30": "1249.00000", "2009-06-30": "1249.00000", "2009-03-31": "999.00000", "2008-12-31": "999.00000", "2008-09-30": "999.00000", "2008-06-30": "999.00000", "2008-03-31": "899.00000", "2007-12-31": "799.00000", "2007-09-30": "799.00000", "2007-06-30": "799.00000", "2007-03-31": "999.00000", "2006-12-31": "1095.46600", "2006-09-30": "1095.67500", "2006-06-30": "1111.74600", "2006-03-31": "1114.37100", "2005-12-31": "1116.77900", "2005-09-30": "1119.01200", "2005-06-30": "1122.61200", "2005-03-31": "1126.40100"}, "Other Non-Current Liabilities": {"2020-12-31": "952.86500", "2020-09-30": "941.38800", "2020-06-30": "874.15500", "2020-03-31": "871.02700", "2019-12-31": "860.46000", "2019-09-30": "858.02700", "2019-06-30": "848.51500", "2019-03-31": "842.10400", "2018-12-31": "835.97000", "2018-09-30": "837.91700", "2018-06-30": "809.76000", "2018-03-31": "804.15100", "2017-12-31": "797.38900", "2017-09-30": "520.48000", "2017-06-30": "497.06100", "2017-03-31": "496.08200", "2016-12-31": "506.73200", "2016-09-30": "498.86100", "2016-06-30": "499.49100", "2016-03-31": "556.19000", "2015-12-31": "550.54700", "2015-09-30": "539.77700", "2015-06-30": "521.27800", "2015-03-31": "507.10500", "2014-12-31": "481.23800", "2014-09-30": "463.80000", "2014-06-30": "469.86200", "2014-03-31": "470.80100", "2013-12-31": "438.03800", "2013-09-30": "424.33700", "2013-06-30": "377.04100", "2013-03-31": "371.94900", "2012-12-31": "360.55800", "2012-09-30": "346.26300", "2012-06-30": "332.11100", "2012-03-31": "326.87800", "2011-12-31": "388.07900", "2011-09-30": "294.39100", "2011-06-30": "362.49600", "2011-03-31": "392.46900", "2010-12-31": "384.29400", "2010-09-30": "384.56900", "2010-06-30": "369.12100", "2010-03-31": "368.68300", "2009-12-31": "395.42000", "2009-09-30": "384.19400", "2009-06-30": "327.88000", "2009-03-31": "321.13900", "2008-12-31": "311.30400", "2008-09-30": "306.72900", "2008-06-30": "285.78700", "2008-03-31": "282.65700", "2007-12-31": "268.27100", "2007-09-30": "257.85000", "2007-06-30": "253.33700", "2007-03-31": "248.87000", "2006-12-31": "246.79600", "2006-09-30": "248.35000", "2006-06-30": "206.55500", "2006-03-31": "205.26400", "2005-12-31": "208.79700", "2005-09-30": "209.15500", "2005-06-30": "203.34300", "2005-03-31": "197.94500"}, "Total Long Term Liabilities": {"2020-12-31": "4088.36000", "2020-09-30": "4533.37600", "2020-06-30": "4550.76800", "2020-03-31": "4044.88200", "2019-12-31": "3974.05600", "2019-09-30": "3901.22400", "2019-06-30": "3796.57100", "2019-03-31": "3755.46800", "2018-12-31": "3720.85500", "2018-09-30": "3659.09600", "2018-06-30": "3385.26500", "2018-03-31": "3615.49100", "2017-12-31": "3566.72100", "2017-09-30": "3753.54600", "2017-06-30": "3581.32400", "2017-03-31": "3827.46000", "2016-12-31": "3786.57600", "2016-09-30": "3805.64600", "2016-06-30": "3737.21400", "2016-03-31": "3825.91800", "2015-12-31": "3966.52000", "2015-09-30": "4093.35900", "2015-06-30": "4222.37300", "2015-03-31": "3984.52200", "2014-12-31": "3971.43900", "2014-09-30": "3826.78100", "2014-06-30": "3819.95000", "2014-03-31": "3754.60000", "2013-12-31": "3689.90900", "2013-09-30": "3721.44700", "2013-06-30": "3937.37500", "2013-03-31": "3859.17800", "2012-12-31": "3319.08800", "2012-09-30": "3240.56800", "2012-06-30": "3180.56600", "2012-03-31": "3142.14700", "2011-12-31": "3405.64200", "2011-09-30": "2786.73200", "2011-06-30": "2769.34400", "2011-03-31": "2763.18400", "2010-12-31": "2695.22200", "2010-09-30": "2835.33000", "2010-06-30": "2717.37300", "2010-03-31": "2696.53000", "2009-12-31": "2666.28400", "2009-09-30": "2861.38600", "2009-06-30": "2356.51200", "2009-03-31": "2125.40400", "2008-12-31": "2121.19000", "2008-09-30": "2152.01700", "2008-06-30": "2075.52100", "2008-03-31": "1958.68400", "2007-12-31": "1836.74200", "2007-09-30": "1818.94700", "2007-06-30": "1747.88100", "2007-03-31": "1929.68800", "2006-12-31": "2004.92800", "2006-09-30": "2000.42400", "2006-06-30": "2046.61000", "2006-03-31": "2057.77700", "2005-12-31": "2060.52400", "2005-09-30": "2033.11200", "2005-06-30": "1957.50200", "2005-03-31": "1978.15800"}, "Total Liabilities": {"2020-12-31": "4994.54300", "2020-09-30": "4992.94900", "2020-06-30": "4893.12800", "2020-03-31": "4628.70000", "2019-12-31": "4520.51800", "2019-09-30": "4323.13200", "2019-06-30": "4192.49600", "2019-03-31": "4188.46600", "2018-12-31": "4139.93700", "2018-09-30": "4099.15600", "2018-06-30": "4046.72200", "2018-03-31": "3995.38600", "2017-12-31": "3932.00900", "2017-09-30": "4399.58500", "2017-06-30": "4183.45900", "2017-03-31": "4153.35500", "2016-12-31": "4092.77400", "2016-09-30": "4109.38300", "2016-06-30": "4013.55500", "2016-03-31": "4178.54500", "2015-12-31": "4377.65100", "2015-09-30": "4539.49900", "2015-06-30": "4642.31000", "2015-03-31": "4628.69700", "2014-12-31": "4541.96500", "2014-09-30": "4317.35700", "2014-06-30": "4247.75500", "2014-03-31": "4267.66300", "2013-12-31": "4014.24400", "2013-09-30": "4023.61800", "2013-06-30": "4206.77500", "2013-03-31": "4232.57600", "2012-12-31": "4091.98700", "2012-09-30": "3975.04700", "2012-06-30": "3847.61300", "2012-03-31": "3868.60900", "2011-12-31": "3826.60700", "2011-09-30": "3329.19900", "2011-06-30": "3282.65400", "2011-03-31": "3366.80200", "2010-12-31": "3227.03900", "2010-09-30": "3359.65400", "2010-06-30": "3207.62200", "2010-03-31": "3276.69200", "2009-12-31": "3183.15700", "2009-09-30": "3179.89300", "2009-06-30": "2720.63000", "2009-03-31": "2558.54300", "2008-12-31": "2629.72000", "2008-09-30": "2526.58800", "2008-06-30": "2710.18900", "2008-03-31": "2534.41100", "2007-12-31": "2340.43600", "2007-09-30": "2258.29300", "2007-06-30": "2241.26400", "2007-03-31": "2455.44200", "2006-12-31": "2344.50500", "2006-09-30": "2320.18600", "2006-06-30": "2423.79500", "2006-03-31": "2530.90800", "2005-12-31": "2568.64200", "2005-09-30": "2495.69900", "2005-06-30": "2494.43900", "2005-03-31": "2695.77700"}, "Common Stock Net": {"2020-12-31": "91.15300", "2020-09-30": "90.95500", "2020-06-30": "90.94400", "2020-03-31": "86.56200", "2019-12-31": "86.55200", "2019-09-30": "86.31500", "2019-06-30": "86.30700", "2019-03-31": "86.30100", "2018-12-31": "86.27100", "2018-09-30": "85.95700", "2018-06-30": "85.94400", "2018-03-31": "85.88200", "2017-12-31": "85.76100", "2017-09-30": "85.54300", "2017-06-30": "85.46800", "2017-03-31": "85.37500", "2016-12-31": "85.29300", "2016-09-30": "85.11900", "2016-06-30": "84.94900", "2016-03-31": "84.89300", "2015-12-31": "84.73900", "2015-09-30": "84.59400", "2015-06-30": "84.52900", "2015-03-31": "84.38500", "2014-12-31": "84.26400", "2014-09-30": "84.15700", "2014-06-30": "84.08600", "2014-03-31": "83.98100", "2013-12-31": "83.74100", "2013-09-30": "83.66200", "2013-06-30": "83.58800", "2013-03-31": "83.52200", "2012-12-31": "83.48200", "2012-09-30": "83.33000", "2012-06-30": "83.27000", "2012-03-31": "83.17400", "2011-12-31": "83.03800", "2011-09-30": "82.81300", "2011-06-30": "82.70000", "2011-03-31": "82.54400", "2010-12-31": "82.33800", "2010-09-30": "82.07500", "2010-06-30": "81.96500", "2010-03-31": "81.25800", "2009-12-31": "80.98200", "2009-09-30": "80.50000", "2009-06-30": "79.88100", "2009-03-31": "79.51500", "2008-12-31": "79.51300", "2008-09-30": "79.12100", "2008-06-30": "81.47400", "2008-03-31": "81.63600", "2007-12-31": "83.94700", "2007-09-30": "83.46100", "2007-06-30": "83.53700", "2007-03-31": "83.13200", "2006-12-31": "82.62500", "2006-09-30": "83.40300", "2006-06-30": "83.30900", "2006-03-31": "83.92000", "2005-12-31": "84.49900", "2005-09-30": "84.35700", "2005-06-30": "83.89800", "2005-03-31": "83.50900"}, "Retained Earnings (Accumulated Deficit)": {"2020-12-31": "1028.84400", "2020-09-30": "991.63000", "2020-06-30": "1177.65000", "2020-03-31": "1176.87000", "2019-12-31": "1320.59200", "2019-09-30": "1272.60100", "2019-06-30": "1262.86700", "2019-03-31": "1236.65700", "2018-12-31": "1172.33400", "2018-09-30": "1098.90000", "2018-06-30": "1097.43800", "2018-03-31": "1070.93900", "2017-12-31": "1014.73300", "2017-09-30": "851.66900", "2017-06-30": "841.59300", "2017-03-31": "817.34800", "2016-12-31": "762.64100", "2016-09-30": "676.36100", "2016-06-30": "673.28100", "2016-03-31": "699.39900", "2015-12-31": "880.61900", "2015-09-30": "1103.20000", "2015-06-30": "1324.31800", "2015-03-31": "1650.84000", "2014-12-31": "1666.65900", "2014-09-30": "1614.36100", "2014-06-30": "1589.33100", "2014-03-31": "1557.18400", "2013-12-31": "1493.46600", "2013-09-30": "1442.61700", "2013-06-30": "1426.14800", "2013-03-31": "1398.99900", "2012-12-31": "1343.76500", "2012-09-30": "1306.28400", "2012-06-30": "1287.89800", "2012-03-31": "1275.10700", "2011-12-31": "1237.24200", "2011-09-30": "1206.02200", "2011-06-30": "1198.06400", "2011-03-31": "1180.53100", "2010-12-31": "1093.39800", "2010-09-30": "1063.26200", "2010-06-30": "1053.17600", "2010-03-31": "1038.86900", "2009-12-31": "985.66300", "2009-09-30": "948.29300", "2009-06-30": "948.26200", "2009-03-31": "932.11900", "2008-12-31": "884.47600", "2008-09-30": "953.79900", "2008-06-30": "1024.37700", "2008-03-31": "1008.08400", "2007-12-31": "1027.95100", "2007-09-30": "983.77600", "2007-06-30": "855.80300", "2007-03-31": "834.90200", "2006-12-31": "781.72800", "2006-09-30": "786.01300", "2006-06-30": "807.95100", "2006-03-31": "877.59900", "2005-12-31": "845.95100", "2005-09-30": "813.02000", "2005-06-30": "788.25300", "2005-03-31": "793.40900"}, "Comprehensive Income": {"2020-12-31": "-79.74100", "2020-09-30": "-114.75700", "2020-06-30": "-41.79400", "2020-03-31": "-18.91700", "2019-12-31": "-56.15000", "2019-09-30": "-52.15500", "2019-06-30": "-32.66600", "2019-03-31": "-54.28600", "2018-12-31": "-28.69000", "2018-09-30": "-67.75000", "2018-06-30": "-72.39600", "2018-03-31": "-47.76000", "2017-12-31": "-40.91900", "2017-09-30": "-30.12300", "2017-06-30": "-33.30400", "2017-03-31": "-34.09100", "2016-12-31": "-54.85900", "2016-09-30": "-5.64000", "2016-06-30": "7.73900", "2016-03-31": "82.18600", "2015-12-31": "98.45600", "2015-09-30": "93.37200", "2015-06-30": "92.24800", "2015-03-31": "126.68900", "2014-12-31": "122.47300", "2014-09-30": "-3.97900", "2014-06-30": "-43.63800", "2014-03-31": "-45.05500", "2013-12-31": "-22.03800", "2013-09-30": "-19.23400", "2013-06-30": "-58.60900", "2013-03-31": "-117.02300", "2012-12-31": "-84.64400", "2012-09-30": "-99.02000", "2012-06-30": "-47.94000", "2012-03-31": "-51.88900", "2011-12-31": "-53.13200", "2011-09-30": "-47.69900", "2011-06-30": "-75.09800", "2011-03-31": "-92.52100", "2010-12-31": "-64.65000", "2010-09-30": "-44.98500", "2010-06-30": "-38.15300", "2010-03-31": "-38.90200", "2009-12-31": "-52.70200", "2009-09-30": "-42.39600", "2009-06-30": "17.23400", "2009-03-31": "44.17100", "2008-12-31": "50.10100", "2008-09-30": "2.96300", "2008-06-30": "-105.87200", "2008-03-31": "-41.86700", "2007-12-31": "-16.28600", "2007-09-30": "-6.20300", "2007-06-30": "43.98400", "2007-03-31": "21.73300", "2006-12-31": "32.99100", "2006-09-30": "30.41600", "2006-06-30": "-102.61100", "2006-03-31": "-119.24800", "2005-12-31": "-148.06400", "2005-09-30": "-197.62800", "2005-06-30": "-65.01300", "2005-03-31": "-59.18500"}, "Other Share Holders Equity": {"2020-12-31": "", "2020-09-30": "", "2020-06-30": "", "2020-03-31": "", "2019-12-31": "", "2019-09-30": "", "2019-06-30": "", "2019-03-31": "", "2018-12-31": "", "2018-09-30": "", "2018-06-30": "", "2018-03-31": "", "2017-12-31": "", "2017-09-30": "", "2017-06-30": "", "2017-03-31": "", "2016-12-31": "", "2016-09-30": "", "2016-06-30": "", "2016-03-31": "", "2015-12-31": "", "2015-09-30": "", "2015-06-30": "", "2015-03-31": "", "2014-12-31": "", "2014-09-30": "", "2014-06-30": "", "2014-03-31": "", "2013-12-31": "", "2013-09-30": "", "2013-06-30": "", "2013-03-31": "", "2012-12-31": "", "2012-09-30": "", "2012-06-30": "", "2012-03-31": "", "2011-12-31": "", "2011-09-30": "", "2011-06-30": "", "2011-03-31": "", "2010-12-31": "", "2010-09-30": "", "2010-06-30": "", "2010-03-31": "", "2009-12-31": "", "2009-09-30": "", "2009-06-30": "", "2009-03-31": "", "2008-12-31": "", "2008-09-30": "", "2008-06-30": "", "2008-03-31": "", "2007-12-31": "", "2007-09-30": "", "2007-06-30": "", "2007-03-31": "", "2006-12-31": "", "2006-09-30": "", "2006-06-30": "", "2006-03-31": "", "2005-12-31": "", "2005-09-30": "", "2005-06-30": "", "2005-03-31": ""}, "Share Holder Equity": {"2020-12-31": "2044.62500", "2020-09-30": "1971.98600", "2020-06-30": "2225.85700", "2020-03-31": "2079.95900", "2019-12-31": "2182.14000", "2019-09-30": "2139.02500", "2019-06-30": "2143.75100", "2019-03-31": "2090.50900", "2018-12-31": "2046.99100", "2018-09-30": "1937.33000", "2018-06-30": "1927.38100", "2018-03-31": "1919.18700", "2017-12-31": "1859.92300", "2017-09-30": "1703.73500", "2017-06-30": "1684.04800", "2017-03-31": "1651.32000", "2016-12-31": "1568.94300", "2016-09-30": "1527.00400", "2016-06-30": "1527.64200", "2016-03-31": "1622.47900", "2015-12-31": "1812.68100", "2015-09-30": "2025.44000", "2015-06-30": "2247.35800", "2015-03-31": "2599.24900", "2014-12-31": "2603.12900", "2014-09-30": "2410.68300", "2014-06-30": "2340.70300", "2014-03-31": "2299.53200", "2013-12-31": "2250.74000", "2013-09-30": "2194.72900", "2013-06-30": "2137.16500", "2013-03-31": "2042.11300", "2012-12-31": "2016.21000", "2012-09-30": "1960.09500", "2012-06-30": "1989.24000", "2012-03-31": "1966.88700", "2011-12-31": "1921.14800", "2011-09-30": "1891.88500", "2011-06-30": "1850.61100", "2011-03-31": "1816.51500", "2010-12-31": "1754.94200", "2010-09-30": "1745.97100", "2010-06-30": "1741.73900", "2010-03-31": "1709.09600", "2009-12-31": "1634.54400", "2009-09-30": "1589.23600", "2009-06-30": "1634.67200", "2009-03-31": "1636.99400", "2008-12-31": "1594.46700", "2008-09-30": "1603.59900", "2008-06-30": "1583.67200", "2008-03-31": "1628.66400", "2007-12-31": "1690.98700", "2007-09-30": "1630.11900", "2007-06-30": "1551.86100", "2007-03-31": "1505.57600", "2006-12-31": "1454.84800", "2006-09-30": "1443.56200", "2006-06-30": "1341.73000", "2006-03-31": "1382.65900", "2005-12-31": "1321.29300", "2005-09-30": "1229.58300", "2005-06-30": "1325.75900", "2005-03-31": "1330.40200"}, "Total Liabilities And Share Holders Equity": {"2020-12-31": "7039.16800", "2020-09-30": "6964.93500", "2020-06-30": "7118.98500", "2020-03-31": "6708.65900", "2019-12-31": "6702.65800", "2019-09-30": "6462.15700", "2019-06-30": "6336.24700", "2019-03-31": "6278.97500", "2018-12-31": "6186.92800", "2018-09-30": "6036.48600", "2018-06-30": "5974.10300", "2018-03-31": "5914.57300", "2017-12-31": "5791.93200", "2017-09-30": "6103.32000", "2017-06-30": "5867.50700", "2017-03-31": "5804.67500", "2016-12-31": "5661.71700", "2016-09-30": "5636.38700", "2016-06-30": "5541.19700", "2016-03-31": "5801.02400", "2015-12-31": "6190.33200", "2015-09-30": "6564.93900", "2015-06-30": "6889.66800", "2015-03-31": "7227.94600", "2014-12-31": "7145.09400", "2014-09-30": "6728.04000", "2014-06-30": "6588.45800", "2014-03-31": "6567.19500", "2013-12-31": "6264.98400", "2013-09-30": "6218.34700", "2013-06-30": "6343.94000", "2013-03-31": "6274.68900", "2012-12-31": "6108.19700", "2012-09-30": "5935.14200", "2012-06-30": "5836.85300", "2012-03-31": "5835.49600", "2011-12-31": "5747.75500", "2011-09-30": "5221.08400", "2011-06-30": "5133.26500", "2011-03-31": "5183.31700", "2010-12-31": "4981.98100", "2010-09-30": "5105.62500", "2010-06-30": "4949.36100", "2010-03-31": "4985.78800", "2009-12-31": "4817.70100", "2009-09-30": "4769.12900", "2009-06-30": "4355.30200", "2009-03-31": "4195.53700", "2008-12-31": "4224.18700", "2008-09-30": "4130.18700", "2008-06-30": "4293.86100", "2008-03-31": "4163.07500", "2007-12-31": "4031.42300", "2007-09-30": "3888.41200", "2007-06-30": "3793.12500", "2007-03-31": "3961.01800", "2006-12-31": "3799.35300", "2006-09-30": "3763.74800", "2006-06-30": "3765.52500", "2006-03-31": "3913.56700", "2005-12-31": "3889.93500", "2005-09-30": "3725.28200", "2005-06-30": "3820.19800", "2005-03-31": "4026.17900"}}, "cash flow statement": {"Net Income/Loss": {"2020-09-30": "-123.77200", "2019-09-30": "304.29000", "2018-09-30": "391.52100", "2017-09-30": "283.48200", "2016-09-30": "-290.95800", "2015-09-30": "-379.42700", "2014-09-30": "299.41300", "2013-09-30": "260.00100", "2012-09-30": "220.07700", "2011-09-30": "258.40200", "2010-09-30": "225.91300", "2009-09-30": "100.70800", "2008-09-30": "268.72800", "2007-09-30": "337.45500", "2006-09-30": "138.09100", "2005-09-30": "189.48800"}, "Total Depreciation And Amortization - Cash Flow": {"2020-09-30": "306.15800", "2019-09-30": "275.66000", "2018-09-30": "240.96100", "2017-09-30": "224.19500", "2016-09-30": "249.41700", "2015-09-30": "336.15800", "2014-09-30": "383.78100", "2013-09-30": "326.76000", "2012-09-30": "271.53000", "2011-09-30": "226.52700", "2010-09-30": "191.80900", "2009-09-30": "173.41000", "2008-09-30": "170.62300", "2007-09-30": "170.80300", "2006-09-30": "179.61500", "2005-09-30": "193.14400"}, "Other Non-Cash Items": {"2020-09-30": "518.68200", "2019-09-30": "143.45100", "2018-09-30": "-2.39100", "2017-09-30": "130.23700", "2016-09-30": "705.40000", "2015-09-30": "762.81390", "2014-09-30": "149.53700", "2013-09-30": "179.65800", "2012-09-30": "151.10400", "2011-09-30": "122.27900", "2010-09-30": "111.13800", "2009-09-30": "175.70100", "2008-09-30": "58.19800", "2007-09-30": "-124.08100", "2006-09-30": "94.06100", "2005-09-30": "18.43300"}, "Total Non-Cash Items": {"2020-09-30": "824.84000", "2019-09-30": "419.11100", "2018-09-30": "238.57000", "2017-09-30": "354.43200", "2016-09-30": "954.81700", "2015-09-30": "1098.97200", "2014-09-30": "533.31800", "2013-09-30": "506.41800", "2012-09-30": "422.63400", "2011-09-30": "348.80600", "2010-09-30": "302.94700", "2009-09-30": "349.11100", "2008-09-30": "228.82100", "2007-09-30": "46.72200", "2006-09-30": "273.67600", "2005-09-30": "211.57700"}, "Change In Accounts Receivable": {"2020-09-30": "-2.57800", "2019-09-30": "6.37900", "2018-09-30": "-30.88200", "2017-09-30": "-3.38000", "2016-09-30": "-6.40800", "2015-09-30": "51.63800", "2014-09-30": "-22.78100", "2013-09-30": "-17.13500", "2012-09-30": "13.85900", "2011-09-30": "3.88700", "2010-09-30": "10.26200", "2009-09-30": "47.65800", "2008-09-30": "-16.81500", "2007-09-30": "5.66900", "2006-09-30": "-12.34300", "2005-09-30": "-25.82800"}, "Change In Inventories": {"2020-09-30": "-6.62500", "2019-09-30": "-3.71300", "2018-09-30": "-4.02100", "2017-09-30": "-1.41700", "2016-09-30": "-3.53200", "2015-09-30": "3.43800", "2014-09-30": "13.28500", "2013-09-30": "-3.01600", "2012-09-30": "5.40500", "2011-09-30": "-9.93400", "2010-09-30": "6.54600", "2009-09-30": "43.59800", "2008-09-30": "-22.11600", "2007-09-30": "-5.71400", "2006-09-30": "1.67900", "2005-09-30": "1.93400"}, "Change In Accounts Payable": {"2020-09-30": "-4.65700", "2019-09-30": "-24.77000", "2018-09-30": "17.96200", "2017-09-30": "17.19200", "2016-09-30": "-40.66400", "2015-09-30": "34.68700", "2014-09-30": "15.14900", "2013-09-30": "8.30300", "2012-09-30": "-16.77300", "2011-09-30": "13.69800", "2010-09-30": "-4.61600", "2009-09-30": "-61.14900", "2008-09-30": "32.76300", "2007-09-30": "-26.00200", "2006-09-30": "-23.14400", "2005-09-30": "48.08900"}, "Change In Assets/Liabilities": {"2020-09-30": "35.30200", "2019-09-30": "-27.03700", "2018-09-30": "-21.23900", "2017-09-30": "10.25600", "2016-09-30": "-3.10800", "2015-09-30": "18.58900", "2014-09-30": "29.15400", "2013-09-30": "-24.49400", "2012-09-30": "-6.28300", "2011-09-30": "53.47300", "2010-09-30": "-34.88900", "2009-09-30": "-4.63800", "2008-09-30": "-1.55700", "2007-09-30": "26.15100", "2006-09-30": "83.58900", "2005-09-30": "-132.02300"}, "Total Change In Assets/Liabilities": {"2020-09-30": "33.21400", "2019-09-30": "-37.52600", "2018-09-30": "-30.92100", "2017-09-30": "30.11800", "2016-09-30": "-87.50000", "2015-09-30": "124.21200", "2014-09-30": "62.59600", "2013-09-30": "-42.81200", "2012-09-30": "11.28600", "2011-09-30": "38.77600", "2010-09-30": "-91.04800", "2009-09-30": "142.17000", "2008-09-30": "-19.63100", "2007-09-30": "-6.37900", "2006-09-30": "54.80400", "2005-09-30": "-91.10900"}, "Cash Flow From Operating Activities": {"2020-09-30": "740.80900", "2019-09-30": "694.48300", "2018-09-30": "615.30300", "2017-09-30": "684.50800", "2016-09-30": "588.97900", "2015-09-30": "853.58000", "2014-09-30": "909.39000", "2013-09-30": "738.57200", "2012-09-30": "659.01000", "2011-09-30": "653.95200", "2010-09-30": "447.03200", "2009-09-30": "611.81800", "2008-09-30": "482.77600", "2007-09-30": "394.19700", "2006-09-30": "471.40000", "2005-09-30": "317.34600"}, "Net Change In Property, Plant, And Equipment": {"2020-09-30": "-716.15300", "2019-09-30": "-788.93800", "2018-09-30": "-528.49800", "2017-09-30": "-423.78100", "2016-09-30": "-444.26000", "2015-09-30": "-1018.17900", "2014-09-30": "-914.41700", "2013-09-30": "-703.46100", "2012-09-30": "-1035.00700", "2011-09-30": "-750.77700", "2010-09-30": "-405.10100", "2009-09-30": "-309.99000", "2008-09-30": "-391.76500", "2007-09-30": "-271.59100", "2006-09-30": "-294.14600", "2005-09-30": "-218.18100"}, "Net Change In Intangible Assets": {"2020-09-30": "", "2019-09-30": "", "2018-09-30": "", "2017-09-30": "", "2016-09-30": "", "2015-09-30": "", "2014-09-30": "", "2013-09-30": "", "2012-09-30": "", "2011-09-30": "", "2010-09-30": "", "2009-09-30": "", "2008-09-30": "", "2007-09-30": "", "2006-09-30": "", "2005-09-30": ""}, "Net Acquisitions/Divestitures": {"2020-09-30": "-506.25800", "2019-09-30": "", "2018-09-30": "", "2017-09-30": "", "2016-09-30": "", "2015-09-30": "", "2014-09-30": "", "2013-09-30": "", "2012-09-30": "", "2011-09-30": "", "2010-09-30": "", "2009-09-30": "", "2008-09-30": "", "2007-09-30": "232.09200", "2006-09-30": "", "2005-09-30": "111.61900"}, "Net Change In Short-term Investments": {"2020-09-30": "", "2019-09-30": "", "2018-09-30": "", "2017-09-30": "", "2016-09-30": "", "2015-09-30": "", "2014-09-30": "", "2013-09-30": "", "2012-09-30": "", "2011-09-30": "", "2010-09-30": "", "2009-09-30": "", "2008-09-30": "", "2007-09-30": "", "2006-09-30": "", "2005-09-30": ""}, "Net Change In Long-Term Investments": {"2020-09-30": "", "2019-09-30": "", "2018-09-30": "", "2017-09-30": "", "2016-09-30": "", "2015-09-30": "", "2014-09-30": "", "2013-09-30": "", "2012-09-30": "", "2011-09-30": "59.36500", "2010-09-30": "15.77000", "2009-09-30": "-34.93300", "2008-09-30": "", "2007-09-30": "-3.30000", "2006-09-30": "", "2005-09-30": ""}, "Net Change In Investments - Total": {"2020-09-30": "", "2019-09-30": "", "2018-09-30": "", "2017-09-30": "", "2016-09-30": "", "2015-09-30": "", "2014-09-30": "", "2013-09-30": "", "2012-09-30": "", "2011-09-30": "59.36500", "2010-09-30": "15.77000", "2009-09-30": "-34.93300", "2008-09-30": "", "2007-09-30": "-3.30000", "2006-09-30": "", "2005-09-30": ""}, "Investing Activities - Other": {"2020-09-30": "-1.20500", "2019-09-30": "-10.23700", "2018-09-30": "-0.38900", "2017-09-30": "1.21600", "2016-09-30": "-9.23600", "2015-09-30": "-6.61100", "2014-09-30": "5.98200", "2013-09-30": "-2.52200", "2012-09-30": "0.44600", "2011-09-30": "-2.90800", "2010-09-30": "-0.25100", "2009-09-30": "-2.80600", "2008-09-30": "62.77300", "2007-09-30": "-58.97300", "2006-09-30": "-3.23000", "2005-09-30": "3.23800"}, "Cash Flow From Investing Activities": {"2020-09-30": "-1223.61600", "2019-09-30": "-799.17500", "2018-09-30": "-528.88700", "2017-09-30": "-422.56500", "2016-09-30": "-453.49600", "2015-09-30": "-1024.79000", "2014-09-30": "-908.43500", "2013-09-30": "-705.98300", "2012-09-30": "-1034.56100", "2011-09-30": "-694.32000", "2010-09-30": "-389.58200", "2009-09-30": "-347.72900", "2008-09-30": "-328.99200", "2007-09-30": "-101.77200", "2006-09-30": "-297.37600", "2005-09-30": "-103.32400"}, "Net Long-Term Debt": {"2020-09-30": "493.00700", "2019-09-30": "", "2018-09-30": "-271.49200", "2017-09-30": "295.15100", "2016-09-30": "", "2015-09-30": "444.63500", "2014-09-30": "", "2013-09-30": "245.41500", "2012-09-30": "346.08500", "2011-09-30": "-200.00000", "2010-09-30": "", "2009-09-30": "147.78000", "2008-09-30": "96.63100", "2007-09-30": "-119.57600", "2006-09-30": "-9.80500", "2005-09-30": "-13.31700"}, "Net Current Debt": {"2020-09-30": "-25.20000", "2019-09-30": "55.20000", "2018-09-30": "", "2017-09-30": "", "2016-09-30": "", "2015-09-30": "-85.60000", "2014-09-30": "85.60000", "2013-09-30": "-171.00000", "2012-09-30": "131.00000", "2011-09-30": "40.00000", "2010-09-30": "", "2009-09-30": "", "2008-09-30": "", "2007-09-30": "", "2006-09-30": "", "2005-09-30": "-115.35900"}, "Debt Issuance/Retirement Net - Total": {"2020-09-30": "467.80700", "2019-09-30": "55.20000", "2018-09-30": "-271.49200", "2017-09-30": "295.15100", "2016-09-30": "", "2015-09-30": "359.03500", "2014-09-30": "85.60000", "2013-09-30": "74.41500", "2012-09-30": "477.08500", "2011-09-30": "-160.00000", "2010-09-30": "", "2009-09-30": "147.78000", "2008-09-30": "96.63100", "2007-09-30": "-119.57600", "2006-09-30": "-9.80500", "2005-09-30": "-128.67600"}, "Net Common Equity Issued/Repurchased": {"2020-09-30": "161.60300", "2019-09-30": "-8.87700", "2018-09-30": "4.11000", "2017-09-30": "7.78400", "2016-09-30": "13.84900", "2015-09-30": "10.54000", "2014-09-30": "7.47400", "2013-09-30": "5.39500", "2012-09-30": "10.34500", "2011-09-30": "-0.59200", "2010-09-30": "26.05700", "2009-09-30": "28.17600", "2008-09-30": "-219.57400", "2007-09-30": "-30.57200", "2006-09-30": "-61.82900", "2005-09-30": "20.27900"}, "Net Total Equity Issued/Repurchased": {"2020-09-30": "161.60300", "2019-09-30": "-8.87700", "2018-09-30": "4.11000", "2017-09-30": "7.78400", "2016-09-30": "13.84900", "2015-09-30": "10.54000", "2014-09-30": "7.47400", "2013-09-30": "5.39500", "2012-09-30": "10.34500", "2011-09-30": "-0.59200", "2010-09-30": "26.05700", "2009-09-30": "28.17600", "2008-09-30": "-219.57400", "2007-09-30": "-30.57200", "2006-09-30": "-61.82900", "2005-09-30": "20.27900"}, "Total Common And Preferred Stock Dividends Paid": {"2020-09-30": "-153.32200", "2019-09-30": "-147.41800", "2018-09-30": "-143.25800", "2017-09-30": "-139.06300", "2016-09-30": "-134.82400", "2015-09-30": "-130.71900", "2014-09-30": "-126.64200", "2013-09-30": "-122.71000", "2012-09-30": "-118.79800", "2011-09-30": "-114.55900", "2010-09-30": "-109.59600", "2009-09-30": "-104.15800", "2008-09-30": "-103.68300", "2007-09-30": "-100.63200", "2006-09-30": "-98.26600", "2005-09-30": "-106.83500"}, "Financial Activities - Other": {"2020-09-30": "", "2019-09-30": "", "2018-09-30": "", "2017-09-30": "", "2016-09-30": "1.86800", "2015-09-30": "9.06400", "2014-09-30": "4.64100", "2013-09-30": "0.67500", "2012-09-30": "0.98500", "2011-09-30": "-1.22400", "2010-09-30": "13.20700", "2009-09-30": "5.92700", "2008-09-30": "16.27500", "2007-09-30": "13.68900", "2006-09-30": "6.51500", "2005-09-30": ""}, "Cash Flow From Financial Activities": {"2020-09-30": "476.08800", "2019-09-30": "-101.09500", "2018-09-30": "-410.64000", "2017-09-30": "163.87200", "2016-09-30": "-119.10700", "2015-09-30": "247.92000", "2014-09-30": "-28.92700", "2013-09-30": "-42.22500", "2012-09-30": "369.61700", "2011-09-30": "-276.37500", "2010-09-30": "-70.33200", "2009-09-30": "77.72500", "2008-09-30": "-210.35100", "2007-09-30": "-237.09100", "2006-09-30": "-163.38500", "2005-09-30": "-215.23200"}, "Net Cash Flow": {"2020-09-30": "-6.71900", "2019-09-30": "-205.78700", "2018-09-30": "-324.22400", "2017-09-30": "425.81500", "2016-09-30": "16.37600", "2015-09-30": "76.71000", "2014-09-30": "-27.97200", "2013-09-30": "-9.63600", "2012-09-30": "-5.93400", "2011-09-30": "-316.74300", "2010-09-30": "-12.88200", "2009-09-30": "341.81400", "2008-09-30": "-56.56700", "2007-09-30": "55.19500", "2006-09-30": "12.00400", "2005-09-30": "0.06600"}, "Stock-Based Compensation": {"2020-09-30": "14.93100", "2019-09-30": "21.18600", "2018-09-30": "15.76200", "2017-09-30": "12.26200", "2016-09-30": "5.75500", "2015-09-30": "3.20800", "2014-09-30": "11.76300", "2013-09-30": "12.44600", "2012-09-30": "7.93900", "2011-09-30": "7.68300", "2010-09-30": "", "2009-09-30": "", "2008-09-30": "", "2007-09-30": "", "2006-09-30": "", "2005-09-30": ""}, "Common Stock Dividends Paid": {"2020-09-30": "-153.32200", "2019-09-30": "-147.41800", "2018-09-30": "-143.25800", "2017-09-30": "-139.06300", "2016-09-30": "-134.82400", "2015-09-30": "-130.71900", "2014-09-30": "-126.64200", "2013-09-30": "-122.71000", "2012-09-30": "-118.79800", "2011-09-30": "-114.55900", "2010-09-30": "-109.59600", "2009-09-30": "-104.15800", "2008-09-30": "-103.68300", "2007-09-30": "-100.63200", "2006-09-30": "-98.26600", "2005-09-30": "-106.83500"}}, "cash flow statement, quarterly": {"Net Income/Loss": {"2020-12-31": "77.77400", "2020-09-30": -145.545, "2020-06-30": 41.25, "2020-03-31": -106.068, "2019-12-31": "86.59100", "2019-09-30": 47.281, "2019-06-30": 63.753, "2019-03-31": 90.596, "2018-12-31": "102.66000", "2018-09-30": 37.994, "2018-06-30": 63.026, "2018-03-31": 91.847, "2017-12-31": "198.65400", "2017-09-30": 45.576, "2017-06-30": 59.715, "2017-03-31": 89.283, "2016-12-31": "88.90800", "2016-09-30": 37.552, "2016-06-30": 8.286, "2016-03-31": -147.687, "2015-12-31": "-189.10900", "2015-09-30": -187.703, "2015-06-30": -293.133, "2015-03-31": 16.669, "2014-12-31": "84.74000", "2014-09-30": 57.43, "2014-06-30": 64.52, "2014-03-31": 95.211, "2013-12-31": "82.25200", "2013-09-30": 47.842, "2013-06-30": 58.495, "2013-03-31": 85.72, "2012-12-31": "67.94400", "2012-09-30": 48.802, "2012-06-30": 43.184, "2012-03-31": 67.392, "2011-12-31": "60.69900", "2011-09-30": 37.357, "2011-06-30": 46.891, "2011-03-31": 115.611, "2010-12-31": "58.54300", "2010-09-30": 38.401, "2010-06-30": 42.585, "2010-03-31": 80.428, "2009-12-31": "64.49900", "2009-09-30": 26.998, "2009-06-30": 42.904, "2009-03-31": 73.484, "2008-12-31": "-42.67800", "2008-09-30": 43.265, "2008-06-30": 59.855, "2008-03-31": 95.004, "2007-12-31": "70.60400", "2007-09-30": 157.69, "2007-06-30": 46.798, "2007-03-31": 78.447, "2006-12-31": "54.52000", "2006-09-30": 1.968, "2006-06-30": 0.11, "2006-03-31": 78.594, "2005-12-31": "57.41900", "2005-09-30": 49.212, "2005-06-30": 19.156, "2005-03-31": 121.12}, "Total Depreciation And Amortization - Cash Flow": {"2020-12-31": "83.12000", "2020-09-30": 80.096, "2020-06-30": 73.232, "2020-03-31": 77.912, "2019-12-31": "74.91800", "2019-09-30": 74.67, "2019-06-30": 71.072, "2019-03-31": 65.663, "2018-12-31": "64.25500", "2018-09-30": 63.159, "2018-06-30": 60.817, "2018-03-31": 61.155, "2017-12-31": "55.83000", "2017-09-30": 55.383, "2017-06-30": 55.618, "2017-03-31": 56.998, "2016-12-31": "56.19600", "2016-09-30": 56.117, "2016-06-30": 58.802, "2016-03-31": 63.947, "2015-12-31": "70.55100", "2015-09-30": 70.86, "2015-06-30": 79.865, "2015-03-31": 82.686, "2014-12-31": "102.74700", "2014-09-30": 103.905, "2014-06-30": 96.787, "2014-03-31": 89.975, "2013-12-31": "93.11400", "2013-09-30": 86.257, "2013-06-30": 88.142, "2013-03-31": 80.03, "2012-12-31": "72.33100", "2012-09-30": 71.605, "2012-06-30": 74.227, "2012-03-31": 63.151, "2011-12-31": "62.54700", "2011-09-30": 55.91, "2011-06-30": 57.293, "2011-03-31": 60.011, "2010-12-31": "53.31300", "2010-09-30": 49.376, "2010-06-30": 50.587, "2010-03-31": 46.891, "2009-12-31": "44.95500", "2009-09-30": 45.695, "2009-06-30": 43.659, "2009-03-31": 41.714, "2008-12-31": "42.34200", "2008-09-30": 41.286, "2008-06-30": 42.804, "2008-03-31": 42.412, "2007-12-31": "44.12100", "2007-09-30": 44.817, "2007-06-30": 41.1, "2007-03-31": 42.061, "2006-12-31": "42.82500", "2006-09-30": 45.348, "2006-06-30": 46.943, "2006-03-31": 44.278, "2005-12-31": "43.04600", "2005-09-30": 47.33, "2005-06-30": 49.529, "2005-03-31": 96.285}, "Other Non-Cash Items": {"2020-12-31": "55.61000", "2020-09-30": 196.637, "2020-06-30": 31.821, "2020-03-31": 235.592, "2019-12-31": "54.63200", "2019-09-30": 16.184, "2019-06-30": 26.068, "2019-03-31": 31.713, "2018-12-31": "69.48600", "2018-09-30": 29.376, "2018-06-30": 22.83, "2018-03-31": 36.174, "2017-12-31": "-90.77100", "2017-09-30": 16.307, "2017-06-30": 44.517, "2017-03-31": 22.079, "2016-12-31": "47.33400", "2016-09-30": 57.744, "2016-06-30": 96.382, "2016-03-31": 255.102, "2015-12-31": "296.17200", "2015-09-30": 252.5509, "2015-06-30": 382.603, "2015-03-31": 99.042, "2014-12-31": "28.61800", "2014-09-30": 22.345, "2014-06-30": 50.357, "2014-03-31": 46.931, "2013-12-31": "29.90400", "2013-09-30": 33.259, "2013-06-30": 37.246, "2013-03-31": 64.851, "2012-12-31": "44.30200", "2012-09-30": 47.667, "2012-06-30": 22.817, "2012-03-31": 41.222, "2011-12-31": "39.39800", "2011-09-30": 31.608, "2011-06-30": 35.04, "2011-03-31": 19.031, "2010-12-31": "36.60000", "2010-09-30": 59.628, "2010-06-30": 21.924, "2010-03-31": 20.332, "2009-12-31": "9.25400", "2009-09-30": 82.327, "2009-06-30": -5.265, "2009-03-31": -11.455, "2008-12-31": "110.09400", "2008-09-30": 45.53, "2008-06-30": 14.475, "2008-03-31": 8.741, "2007-12-31": "-10.54800", "2007-09-30": -136.013, "2007-06-30": 4.778, "2007-03-31": 9.691, "2006-12-31": "-2.53700", "2006-09-30": 53.183, "2006-06-30": 47.662, "2006-03-31": -18.885, "2005-12-31": "12.10100", "2005-09-30": 13.914, "2005-06-30": 4.877, "2005-03-31": -0.358}, "Total Non-Cash Items": {"2020-12-31": "138.73000", "2020-09-30": 276.733, "2020-06-30": 105.053, "2020-03-31": 313.504, "2019-12-31": "129.55000", "2019-09-30": 90.854, "2019-06-30": 97.14, "2019-03-31": 97.376, "2018-12-31": "133.74100", "2018-09-30": 92.535, "2018-06-30": 83.647, "2018-03-31": 97.329, "2017-12-31": "-34.94100", "2017-09-30": 71.69, "2017-06-30": 100.135, "2017-03-31": 79.077, "2016-12-31": "103.53000", "2016-09-30": 113.861, "2016-06-30": 155.184, "2016-03-31": 319.049, "2015-12-31": "366.72300", "2015-09-30": 323.411, "2015-06-30": 462.468, "2015-03-31": 181.728, "2014-12-31": "131.36500", "2014-09-30": 126.25, "2014-06-30": 147.144, "2014-03-31": 136.906, "2013-12-31": "123.01800", "2013-09-30": 119.516, "2013-06-30": 125.388, "2013-03-31": 144.881, "2012-12-31": "116.63300", "2012-09-30": 119.272, "2012-06-30": 97.044, "2012-03-31": 104.373, "2011-12-31": "101.94500", "2011-09-30": 87.518, "2011-06-30": 92.333, "2011-03-31": 79.042, "2010-12-31": "89.91300", "2010-09-30": 109.004, "2010-06-30": 72.511, "2010-03-31": 67.223, "2009-12-31": "54.20900", "2009-09-30": 128.022, "2009-06-30": 38.394, "2009-03-31": 30.259, "2008-12-31": "152.43600", "2008-09-30": 86.816, "2008-06-30": 57.279, "2008-03-31": 51.153, "2007-12-31": "33.57300", "2007-09-30": -91.196, "2007-06-30": 45.878, "2007-03-31": 51.752, "2006-12-31": "40.28800", "2006-09-30": 98.531, "2006-06-30": 94.605, "2006-03-31": 25.393, "2005-12-31": "55.14700", "2005-09-30": 61.244, "2005-06-30": 54.406, "2005-03-31": 95.927}, "Change In Accounts Receivable": {"2020-12-31": "-63.60600", "2020-09-30": -6.623, "2020-06-30": 62.293, "2020-03-31": 0.407, "2019-12-31": "-58.65500", "2019-09-30": 37.963, "2019-06-30": 98.793, "2019-03-31": -28.836, "2018-12-31": "-101.54100", "2018-09-30": 4.139, "2018-06-30": 88.933, "2018-03-31": -40.597, "2017-12-31": "-83.35700", "2017-09-30": 12.505, "2017-06-30": 76.27, "2017-03-31": -24.76, "2016-12-31": "-67.39500", "2016-09-30": 1.348, "2016-06-30": 20.455, "2016-03-31": 2.939, "2015-12-31": "-31.15000", "2015-09-30": 29.463, "2015-06-30": 110.514, "2015-03-31": -27.392, "2014-12-31": "-60.94700", "2014-09-30": 49.301, "2014-06-30": 126.195, "2014-03-31": -106.016, "2013-12-31": "-92.26100", "2013-09-30": 26.003, "2013-06-30": 66.265, "2013-03-31": -54.142, "2012-12-31": "-55.26100", "2012-09-30": -9.149, "2012-06-30": 73.914, "2012-03-31": 0.148, "2011-12-31": "-51.05400", "2011-09-30": 29.806, "2011-06-30": 97.474, "2011-03-31": -69.409, "2010-12-31": "-53.98400", "2010-09-30": 3.586, "2010-06-30": 108.557, "2010-03-31": -33.999, "2009-12-31": "-67.88200", "2009-09-30": 53.178, "2009-06-30": 144.375, "2009-03-31": -50.981, "2008-12-31": "-98.91400", "2008-09-30": 112.287, "2008-06-30": 116.81, "2008-03-31": -118.018, "2007-12-31": "-127.89400", "2007-09-30": 49.402, "2007-06-30": 152.361, "2007-03-31": -104.219, "2006-12-31": "-91.87500", "2006-09-30": 60.153, "2006-06-30": 176.97, "2006-03-31": -37.975, "2005-12-31": "-211.49100", "2005-09-30": 65.395, "2005-06-30": 137.746, "2005-03-31": -228.969}, "Change In Inventories": {"2020-12-31": "13.87300", "2020-09-30": -18.222, "2020-06-30": -8.489, "2020-03-31": 13.101, "2019-12-31": "6.98500", "2019-09-30": -21.264, "2019-06-30": -11.542, "2019-03-31": 20.74, "2018-12-31": "8.35300", "2018-09-30": -22.853, "2018-06-30": -9.172, "2018-03-31": 17.667, "2017-12-31": "10.33700", "2017-09-30": -17.116, "2017-06-30": -8.777, "2017-03-31": 13.879, "2016-12-31": "10.59700", "2016-09-30": -19.215, "2016-06-30": -6.954, "2016-03-31": 19.171, "2015-12-31": "3.46600", "2015-09-30": -16.821, "2015-06-30": -8.826, "2015-03-31": 19.699, "2014-12-31": "9.38600", "2014-09-30": -22.218, "2014-06-30": -17.158, "2014-03-31": 34.684, "2013-12-31": "17.97700", "2013-09-30": -27.567, "2013-06-30": -7.84, "2013-03-31": 28.45, "2012-12-31": "3.94100", "2012-09-30": -25.448, "2012-06-30": -6.303, "2012-03-31": 39.382, "2011-12-31": "-2.22600", "2011-09-30": -32.321, "2011-06-30": -7.757, "2011-03-31": 35.972, "2010-12-31": "-5.82800", "2010-09-30": -13.838, "2010-06-30": -17.548, "2010-03-31": 35.093, "2009-12-31": "2.83900", "2009-09-30": -27.893, "2009-06-30": -7.637, "2009-03-31": 58.157, "2008-12-31": "20.97100", "2008-09-30": -36.935, "2008-06-30": -29.915, "2008-03-31": 44.92, "2007-12-31": "-0.18600", "2007-09-30": -40.439, "2007-06-30": -12.518, "2007-03-31": 41.919, "2006-12-31": "5.32400", "2006-09-30": -19.419, "2006-06-30": -12.388, "2006-03-31": 27.794, "2005-12-31": "5.69200", "2005-09-30": -30.944, "2005-06-30": -10.75, "2005-03-31": 43.628}, "Change In Accounts Payable": {"2020-12-31": "-0.54100", "2020-09-30": 8.509, "2020-06-30": -7.701, "2020-03-31": -13.745, "2019-12-31": "8.28000", "2019-09-30": -8.638, "2019-06-30": -26.358, "2019-03-31": 8.724, "2018-12-31": "1.50200", "2018-09-30": 15.635, "2018-06-30": -8.511, "2018-03-31": -2.335, "2017-12-31": "13.17300", "2017-09-30": 12.146, "2017-06-30": -8.951, "2017-03-31": -4.808, "2016-12-31": "18.80500", "2016-09-30": 13.023, "2016-06-30": -21.901, "2016-03-31": -11.002, "2015-12-31": "-20.78400", "2015-09-30": 23.534, "2015-06-30": -51.679, "2015-03-31": 43.454, "2014-12-31": "19.37800", "2014-09-30": -11.237, "2014-06-30": -42.993, "2014-03-31": 29.997, "2013-12-31": "39.38200", "2013-09-30": -2.938, "2013-06-30": -9.215, "2013-03-31": 14.293, "2012-12-31": "6.16300", "2012-09-30": -10.948, "2012-06-30": 5.108, "2012-03-31": -5.868, "2011-12-31": "-5.06500", "2011-09-30": 8.192, "2011-06-30": -27.728, "2011-03-31": 3.988, "2010-12-31": "29.24600", "2010-09-30": -4.743, "2010-06-30": -12.051, "2010-03-31": 0.77, "2009-12-31": "11.40800", "2009-09-30": 20.997, "2009-06-30": -36.96, "2009-03-31": -48.891, "2008-12-31": "3.70500", "2008-09-30": -20.318, "2008-06-30": 13.243, "2008-03-31": -2.56, "2007-12-31": "42.39800", "2007-09-30": -13.442, "2007-06-30": -46.977, "2007-03-31": 22.681, "2006-12-31": "11.73600", "2006-09-30": 1.506, "2006-06-30": -14.699, "2006-03-31": -66.531, "2005-12-31": "56.58000", "2005-09-30": 24.203, "2005-06-30": -23.655, "2005-03-31": 47.541}, "Change In Assets/Liabilities": {"2020-12-31": "12.97600", "2020-09-30": 10.962, "2020-06-30": 45.37, "2020-03-31": 0.748, "2019-12-31": "-21.77800", "2019-09-30": 12.665, "2019-06-30": 20.872, "2019-03-31": 16.969, "2018-12-31": "-77.54300", "2018-09-30": 2.06, "2018-06-30": 13.577, "2018-03-31": -15.081, "2017-12-31": "-21.79500", "2017-09-30": 14.674, "2017-06-30": 3.14, "2017-03-31": -4.54, "2016-12-31": "-3.01800", "2016-09-30": -4.654, "2016-06-30": 14.364, "2016-03-31": -20.382, "2015-12-31": "7.56400", "2015-09-30": -24.403, "2015-06-30": 22.821, "2015-03-31": 13.205, "2014-12-31": "6.96600", "2014-09-30": -9.021, "2014-06-30": 10.03, "2014-03-31": 28.127, "2013-12-31": "0.01800", "2013-09-30": -14.018, "2013-06-30": 26.852, "2013-03-31": -49.6, "2012-12-31": "12.27200", "2012-09-30": -31.422, "2012-06-30": 43.572, "2012-03-31": -14.404, "2011-12-31": "-4.02900", "2011-09-30": 32.847, "2011-06-30": 47.04, "2011-03-31": -5.26, "2010-12-31": "-21.15400", "2010-09-30": -62.059, "2010-06-30": 17.755, "2010-03-31": -10.733, "2009-12-31": "20.14800", "2009-09-30": -22.548, "2009-06-30": 20.491, "2009-03-31": -29.562, "2008-12-31": "26.98100", "2008-09-30": -14.992, "2008-06-30": -17.27, "2008-03-31": 2.943, "2007-12-31": "27.76200", "2007-09-30": -4.46, "2007-06-30": 20.918, "2007-03-31": -5.207, "2006-12-31": "14.90000", "2006-09-30": -17.23, "2006-06-30": -6.534, "2006-03-31": 52.609, "2005-12-31": "54.74400", "2005-09-30": -118.372, "2005-06-30": -8.274, "2005-03-31": -5.377}, "Total Change In Assets/Liabilities": {"2020-12-31": "-14.64800", "2020-09-30": -15.131, "2020-06-30": 90.73, "2020-03-31": 7.918, "2019-12-31": "-50.30300", "2019-09-30": -14.851, "2019-06-30": 68.86, "2019-03-31": 42.676, "2018-12-31": "-134.21100", "2018-09-30": -37.131, "2018-06-30": 78.469, "2018-03-31": -2.4, "2017-12-31": "-69.85900", "2017-09-30": 10.72, "2017-06-30": 36.019, "2017-03-31": 34.777, "2016-12-31": "-51.39800", "2016-09-30": -25.324, "2016-06-30": -19.857, "2016-03-31": 24.64, "2015-12-31": "-66.95900", "2015-09-30": 2.742, "2015-06-30": 33.179, "2015-03-31": 117.675, "2014-12-31": "-29.38400", "2014-09-30": -2.953, "2014-06-30": -0.418, "2014-03-31": 92.448, "2013-12-31": "-26.48100", "2013-09-30": -20.946, "2013-06-30": 34.47, "2013-03-31": -13.098, "2012-12-31": "-43.23800", "2012-09-30": -81.214, "2012-06-30": 74.558, "2012-03-31": 87.298, "2011-12-31": "-69.35600", "2011-09-30": -7.822, "2011-06-30": 52.188, "2011-03-31": 58.938, "2010-12-31": "-64.52800", "2010-09-30": -121.602, "2010-06-30": 23.853, "2010-03-31": 65.034, "2009-12-31": "-58.33300", "2009-09-30": -65.487, "2009-06-30": 92.013, "2009-03-31": 131.886, "2008-12-31": "-16.24200", "2008-09-30": -68.35, "2008-06-30": -8.009, "2008-03-31": 90.476, "2007-12-31": "-33.74800", "2007-09-30": -88.526, "2007-06-30": 36.299, "2007-03-31": 103.353, "2006-12-31": "-57.50500", "2006-09-30": -50.335, "2006-06-30": 73.205, "2006-03-31": 127.09, "2005-12-31": "-95.15600", "2005-09-30": -144.24, "2005-06-30": 17.038, "2005-03-31": 36.093}, "Cash Flow From Operating Activities": {"2020-12-31": "204.74300", "2020-09-30": 116.939, "2020-06-30": 232.878, "2020-03-31": 223.243, "2019-12-31": "167.74900", "2019-09-30": 123.928, "2019-06-30": 229.72, "2019-03-31": 236.463, "2018-12-31": "104.37200", "2018-09-30": 97.22, "2018-06-30": 229.401, "2018-03-31": 191.15, "2017-12-31": "97.53200", "2017-09-30": 133.378, "2017-06-30": 199.24, "2017-03-31": 207.243, "2016-12-31": "144.64700", "2016-09-30": 129.024, "2016-06-30": 147.192, "2016-03-31": 198.69, "2015-12-31": "114.07300", "2015-09-30": 140.944, "2015-06-30": 205.134, "2015-03-31": 318.423, "2014-12-31": "189.07900", "2014-09-30": 183.821, "2014-06-30": 222.333, "2014-03-31": 326.542, "2013-12-31": "176.69400", "2013-09-30": 151.339, "2013-06-30": 220.378, "2013-03-31": 220.895, "2012-12-31": "145.96000", "2012-09-30": 85.255, "2012-06-30": 217.135, "2012-03-31": 260.957, "2011-12-31": "95.66300", "2011-09-30": 117.67, "2011-06-30": 193.06, "2011-03-31": 255.751, "2010-12-31": "87.47100", "2010-09-30": 27.139, "2010-06-30": 140.562, "2010-03-31": 210.998, "2009-12-31": "68.33300", "2009-09-30": 97.611, "2009-06-30": 176.065, "2009-03-31": 237.998, "2008-12-31": "100.14400", "2008-09-30": 67.709, "2008-06-30": 108.199, "2008-03-31": 231.523, "2007-12-31": "75.34500", "2007-09-30": -10.355, "2007-06-30": 129.879, "2007-03-31": 231.642, "2006-12-31": "43.03100", "2006-09-30": 61.486, "2006-06-30": 166.724, "2006-03-31": 222.621, "2005-12-31": "20.56900", "2005-09-30": -17.052, "2005-06-30": 88.382, "2005-03-31": 246.016}, "Net Change In Property, Plant, And Equipment": {"2020-12-31": "-78.71900", "2020-09-30": -165.149, "2020-06-30": -155.518, "2020-03-31": -196.991, "2019-12-31": "-198.49500", "2019-09-30": -201.496, "2019-06-30": -200.863, "2019-03-31": -209.012, "2018-12-31": "-177.56700", "2018-09-30": -180.01, "2018-06-30": -104.078, "2018-03-31": -101.797, "2017-12-31": "-142.61300", "2017-09-30": -135.561, "2017-06-30": -106.543, "2017-03-31": -75.624, "2016-12-31": "-106.05300", "2016-09-30": -77.714, "2016-06-30": -112.503, "2016-03-31": -78.18, "2015-12-31": "-175.86300", "2015-09-30": -299.214, "2015-06-30": -225.624, "2015-03-31": -248.414, "2014-12-31": "-244.92700", "2014-09-30": -304.99, "2014-06-30": -242.034, "2014-03-31": -172.473, "2013-12-31": "-194.92000", "2013-09-30": -190.062, "2013-06-30": -173.662, "2013-03-31": -176.756, "2012-12-31": "-162.98100", "2012-09-30": -225.346, "2012-06-30": -292.331, "2012-03-31": -268.225, "2011-12-31": "-249.10500", "2011-09-30": -236.473, "2011-06-30": -121.966, "2011-03-31": -198.536, "2010-12-31": "-193.80200", "2010-09-30": -77.588, "2010-06-30": -96.983, "2010-03-31": -168.325, "2009-12-31": "-62.20500", "2009-09-30": -73.379, "2009-06-30": -55.513, "2009-03-31": -96.83, "2008-12-31": "-84.26800", "2008-09-30": -132.712, "2008-06-30": -116.659, "2008-03-31": -74.15, "2007-12-31": "-68.24400", "2007-09-30": -70.219, "2007-06-30": -71.389, "2007-03-31": -66.822, "2006-12-31": "-63.16100", "2006-09-30": -75.492, "2006-06-30": -83.697, "2006-03-31": -64.589, "2005-12-31": "-70.36800", "2005-09-30": -60.87, "2005-06-30": -42.772, "2005-03-31": -114.539}, "Net Change In Intangible Assets": {"2020-12-31": "", "2020-09-30": 0, "2020-06-30": 0, "2020-03-31": 0, "2019-12-31": "", "2019-09-30": 0, "2019-06-30": 0, "2019-03-31": 0, "2018-12-31": "", "2018-09-30": 0, "2018-06-30": 0, "2018-03-31": 0, "2017-12-31": "", "2017-09-30": 0, "2017-06-30": 0, "2017-03-31": 0, "2016-12-31": "", "2016-09-30": 0, "2016-06-30": 0, "2016-03-31": 0, "2015-12-31": "", "2015-09-30": 0, "2015-06-30": 0, "2015-03-31": 0, "2014-12-31": "", "2014-09-30": 0, "2014-06-30": 0, "2014-03-31": 0, "2013-12-31": "", "2013-09-30": 0, "2013-06-30": 0, "2013-03-31": 0, "2012-12-31": "", "2012-09-30": 0, "2012-06-30": 0, "2012-03-31": 0, "2011-12-31": "", "2011-09-30": 0, "2011-06-30": 0, "2011-03-31": 0, "2010-12-31": "", "2010-09-30": 0, "2010-06-30": 0, "2010-03-31": 0, "2009-12-31": "", "2009-09-30": 0, "2009-06-30": 0, "2009-03-31": 0, "2008-12-31": "", "2008-09-30": 0, "2008-06-30": 0, "2008-03-31": 0, "2007-12-31": "", "2007-09-30": 0, "2007-06-30": 0, "2007-03-31": 0, "2006-12-31": "", "2006-09-30": 0, "2006-06-30": 0, "2006-03-31": 0, "2005-12-31": "", "2005-09-30": 0, "2005-06-30": 0, "2005-03-31": 0}, "Net Acquisitions/Divestitures": {"2020-12-31": "", "2020-09-30": -479.208, "2020-06-30": -27.05, "2020-03-31": 0, "2019-12-31": "", "2019-09-30": 0, "2019-06-30": 0, "2019-03-31": 0, "2018-12-31": "", "2018-09-30": 0, "2018-06-30": 0, "2018-03-31": 0, "2017-12-31": "", "2017-09-30": 0, "2017-06-30": 0, "2017-03-31": 0, "2016-12-31": "", "2016-09-30": 0, "2016-06-30": 0, "2016-03-31": 0, "2015-12-31": "", "2015-09-30": 0, "2015-06-30": 0, "2015-03-31": 0, "2014-12-31": "", "2014-09-30": 0, "2014-06-30": 0, "2014-03-31": 0, "2013-12-31": "", "2013-09-30": 0, "2013-06-30": 0, "2013-03-31": 0, "2012-12-31": "", "2012-09-30": 0, "2012-06-30": 0, "2012-03-31": 0, "2011-12-31": "", "2011-09-30": 0, "2011-06-30": 0, "2011-03-31": 0, "2010-12-31": "", "2010-09-30": 0, "2010-06-30": 0, "2010-03-31": 0, "2009-12-31": "", "2009-09-30": 0, "2009-06-30": 0, "2009-03-31": 0, "2008-12-31": "", "2008-09-30": 0, "2008-06-30": 0, "2008-03-31": 0, "2007-12-31": "", "2007-09-30": 232.092, "2007-06-30": 0, "2007-03-31": 0, "2006-12-31": "", "2006-09-30": 0, "2006-06-30": 0, "2006-03-31": 0, "2005-12-31": "", "2005-09-30": 111.619, "2005-06-30": 0, "2005-03-31": 0}, "Net Change In Short-term Investments": {"2020-12-31": "", "2020-09-30": 0, "2020-06-30": 0, "2020-03-31": 0, "2019-12-31": "", "2019-09-30": 0, "2019-06-30": 0, "2019-03-31": 0, "2018-12-31": "", "2018-09-30": 0, "2018-06-30": 0, "2018-03-31": 0, "2017-12-31": "", "2017-09-30": 0, "2017-06-30": 0, "2017-03-31": 0, "2016-12-31": "", "2016-09-30": 0, "2016-06-30": 0, "2016-03-31": 0, "2015-12-31": "", "2015-09-30": 0, "2015-06-30": 0, "2015-03-31": 0, "2014-12-31": "", "2014-09-30": 0, "2014-06-30": 0, "2014-03-31": 0, "2013-12-31": "", "2013-09-30": 0, "2013-06-30": 0, "2013-03-31": 0, "2012-12-31": "", "2012-09-30": 0, "2012-06-30": 0, "2012-03-31": 0, "2011-12-31": "", "2011-09-30": 0, "2011-06-30": 0, "2011-03-31": 0, "2010-12-31": "", "2010-09-30": 0, "2010-06-30": 0, "2010-03-31": 0, "2009-12-31": "", "2009-09-30": 2, "2009-06-30": -2, "2009-03-31": 0, "2008-12-31": "", "2008-09-30": -58.397, "2008-06-30": 0, "2008-03-31": 0, "2007-12-31": "58.39700", "2007-09-30": 0, "2007-06-30": 0, "2007-03-31": 0, "2006-12-31": "", "2006-09-30": 0, "2006-06-30": 0, "2006-03-31": 0, "2005-12-31": "", "2005-09-30": 0, "2005-06-30": 0, "2005-03-31": 0}, "Net Change In Long-Term Investments": {"2020-12-31": "", "2020-09-30": 0, "2020-06-30": 0, "2020-03-31": 0, "2019-12-31": "", "2019-09-30": 0, "2019-06-30": 0, "2019-03-31": 0, "2018-12-31": "", "2018-09-30": 0, "2018-06-30": 0, "2018-03-31": 0, "2017-12-31": "", "2017-09-30": 0, "2017-06-30": 0, "2017-03-31": -5.759, "2016-12-31": "5.75900", "2016-09-30": 0, "2016-06-30": 0, "2016-03-31": 0, "2015-12-31": "", "2015-09-30": 0, "2015-06-30": 0, "2015-03-31": 0, "2014-12-31": "", "2014-09-30": 0, "2014-06-30": 0, "2014-03-31": 0, "2013-12-31": "", "2013-09-30": 0, "2013-06-30": 0, "2013-03-31": 0, "2012-12-31": "", "2012-09-30": 0, "2012-06-30": 0, "2012-03-31": 0, "2011-12-31": "", "2011-09-30": 0, "2011-06-30": 0, "2011-03-31": 59.365, "2010-12-31": "", "2010-09-30": 15.77, "2010-06-30": 0, "2010-03-31": 0, "2009-12-31": "", "2009-09-30": -34.933, "2009-06-30": 0, "2009-03-31": 0, "2008-12-31": "", "2008-09-30": 0, "2008-06-30": 0, "2008-03-31": 0, "2007-12-31": "", "2007-09-30": 0, "2007-06-30": 0, "2007-03-31": -1.65, "2006-12-31": "-1.65000", "2006-09-30": 0, "2006-06-30": 0, "2006-03-31": 0, "2005-12-31": "", "2005-09-30": 0, "2005-06-30": 0, "2005-03-31": 0}, "Net Change In Investments - Total": {"2020-12-31": "", "2020-09-30": 0, "2020-06-30": 0, "2020-03-31": 0, "2019-12-31": "", "2019-09-30": 0, "2019-06-30": 0, "2019-03-31": 0, "2018-12-31": "", "2018-09-30": 0, "2018-06-30": 0, "2018-03-31": 0, "2017-12-31": "", "2017-09-30": 0, "2017-06-30": 0, "2017-03-31": -5.759, "2016-12-31": "5.75900", "2016-09-30": 0, "2016-06-30": 0, "2016-03-31": 0, "2015-12-31": "", "2015-09-30": 0, "2015-06-30": 0, "2015-03-31": 0, "2014-12-31": "", "2014-09-30": 0, "2014-06-30": 0, "2014-03-31": 0, "2013-12-31": "", "2013-09-30": 0, "2013-06-30": 0, "2013-03-31": 0, "2012-12-31": "", "2012-09-30": 0, "2012-06-30": 0, "2012-03-31": 0, "2011-12-31": "", "2011-09-30": 0, "2011-06-30": 0, "2011-03-31": 59.365, "2010-12-31": "", "2010-09-30": 15.77, "2010-06-30": 0, "2010-03-31": 0, "2009-12-31": "", "2009-09-30": -32.933, "2009-06-30": -2, "2009-03-31": 0, "2008-12-31": "", "2008-09-30": -58.397, "2008-06-30": 0, "2008-03-31": 0, "2007-12-31": "58.39700", "2007-09-30": 0, "2007-06-30": 0, "2007-03-31": -1.65, "2006-12-31": "-1.65000", "2006-09-30": 0, "2006-06-30": 0, "2006-03-31": 0, "2005-12-31": "", "2005-09-30": 0, "2005-06-30": 0, "2005-03-31": 0}, "Investing Activities - Other": {"2020-12-31": "11.84900", "2020-09-30": -5.331, "2020-06-30": -0.041, "2020-03-31": -1.045, "2019-12-31": "5.21200", "2019-09-30": -7.166, "2019-06-30": -0.455, "2019-03-31": -0.067, "2018-12-31": "-2.54900", "2018-09-30": 1.37, "2018-06-30": -7.114, "2018-03-31": 2.743, "2017-12-31": "2.61200", "2017-09-30": 11.402, "2017-06-30": -6.961, "2017-03-31": 1.072, "2016-12-31": "-4.29700", "2016-09-30": 1.927, "2016-06-30": 7.086, "2016-03-31": -2.493, "2015-12-31": "-15.75600", "2015-09-30": -5.546, "2015-06-30": 0.197, "2015-03-31": -0.033, "2014-12-31": "-1.22900", "2014-09-30": 1.286, "2014-06-30": -0.231, "2014-03-31": 1.312, "2013-12-31": "3.61500", "2013-09-30": 1.363, "2013-06-30": -0.44, "2013-03-31": 0.088, "2012-12-31": "-3.53300", "2012-09-30": 1.713, "2012-06-30": -0.478, "2012-03-31": 0.177, "2011-12-31": "-0.96600", "2011-09-30": 0, "2011-06-30": 0.189, "2011-03-31": -2.799, "2010-12-31": "-0.29800", "2010-09-30": 0.022, "2010-06-30": -0.158, "2010-03-31": 0.132, "2009-12-31": "-0.24700", "2009-09-30": -1.132, "2009-06-30": -1.079, "2009-03-31": 0.037, "2008-12-31": "-0.63200", "2008-09-30": 66.187, "2008-06-30": -4.971, "2008-03-31": 2.318, "2007-12-31": "-0.76100", "2007-09-30": -57.901, "2007-06-30": -0.733, "2007-03-31": -0.023, "2006-12-31": "-0.31600", "2006-09-30": -1.652, "2006-06-30": -0.182, "2006-03-31": -0.651, "2005-12-31": "-0.74500", "2005-09-30": -0.763, "2005-06-30": 1.551, "2005-03-31": 2.45}, "Cash Flow From Investing Activities": {"2020-12-31": "-66.87000", "2020-09-30": -649.688, "2020-06-30": -182.609, "2020-03-31": -198.036, "2019-12-31": "-193.28300", "2019-09-30": -208.662, "2019-06-30": -201.318, "2019-03-31": -209.079, "2018-12-31": "-180.11600", "2018-09-30": -178.64, "2018-06-30": -111.192, "2018-03-31": -99.054, "2017-12-31": "-140.00100", "2017-09-30": -124.159, "2017-06-30": -113.504, "2017-03-31": -80.311, "2016-12-31": "-104.59100", "2016-09-30": -75.787, "2016-06-30": -105.417, "2016-03-31": -80.673, "2015-12-31": "-191.61900", "2015-09-30": -304.76, "2015-06-30": -225.427, "2015-03-31": -248.447, "2014-12-31": "-246.15600", "2014-09-30": -303.704, "2014-06-30": -242.265, "2014-03-31": -171.161, "2013-12-31": "-191.30500", "2013-09-30": -188.699, "2013-06-30": -174.102, "2013-03-31": -176.668, "2012-12-31": "-166.51400", "2012-09-30": -223.633, "2012-06-30": -292.809, "2012-03-31": -268.048, "2011-12-31": "-250.07100", "2011-09-30": -236.473, "2011-06-30": -121.777, "2011-03-31": -141.97, "2010-12-31": "-194.10000", "2010-09-30": -61.796, "2010-06-30": -97.141, "2010-03-31": -168.193, "2009-12-31": "-62.45200", "2009-09-30": -107.444, "2009-06-30": -58.592, "2009-03-31": -96.793, "2008-12-31": "-84.90000", "2008-09-30": -124.922, "2008-06-30": -121.63, "2008-03-31": -71.832, "2007-12-31": "-10.60800", "2007-09-30": 103.972, "2007-06-30": -72.122, "2007-03-31": -68.495, "2006-12-31": "-65.12700", "2006-09-30": -77.144, "2006-06-30": -83.879, "2006-03-31": -65.24, "2005-12-31": "-71.11300", "2005-09-30": 49.986, "2005-06-30": -41.221, "2005-03-31": -112.089}, "Net Long-Term Debt": {"2020-12-31": "", "2020-09-30": -0.101, "2020-06-30": 493.108, "2020-03-31": 0, "2019-12-31": "", "2019-09-30": 0, "2019-06-30": 0, "2019-03-31": 0, "2018-12-31": "", "2018-09-30": 35.555, "2018-06-30": 0, "2018-03-31": 0, "2017-12-31": "-307.04700", "2017-09-30": 295.151, "2017-06-30": 0, "2017-03-31": 0, "2016-12-31": "", "2016-09-30": 0, "2016-06-30": 0, "2016-03-31": 0, "2015-12-31": "", "2015-09-30": -1.027, "2015-06-30": 445.662, "2015-03-31": 0, "2014-12-31": "", "2014-09-30": 0, "2014-06-30": 0, "2014-03-31": 0, "2013-12-31": "", "2013-09-30": 0, "2013-06-30": 0, "2013-03-31": 245.415, "2012-12-31": "", "2012-09-30": 0, "2012-06-30": 0, "2012-03-31": 0, "2011-12-31": "346.08500", "2011-09-30": 0, "2011-06-30": 0, "2011-03-31": 0, "2010-12-31": "-200.00000", "2010-09-30": 0, "2010-06-30": -10.724, "2010-03-31": 10.724, "2009-12-31": "", "2009-09-30": 0, "2009-06-30": 247.78, "2009-03-31": -106.989, "2008-12-31": "6.98900", "2008-09-30": 0, "2008-06-30": 96.655, "2008-03-31": -9.846, "2007-12-31": "9.82200", "2007-09-30": -0.026, "2007-06-30": -96.343, "2007-03-31": -0.202, "2006-12-31": "-23.00500", "2006-09-30": -2.648, "2006-06-30": -2.628, "2006-03-31": -2.419, "2005-12-31": "-2.11000", "2005-09-30": -2.577, "2005-06-30": -3.426, "2005-03-31": -7.314}, "Net Current Debt": {"2020-12-31": "-5.00000", "2020-09-30": 30, "2020-06-30": -230, "2020-03-31": 90.2, "2019-12-31": "84.60000", "2019-09-30": 55.2, "2019-06-30": 0, "2019-03-31": 0, "2018-12-31": "", "2018-09-30": 0, "2018-06-30": 0, "2018-03-31": 0, "2017-12-31": "", "2017-09-30": 0, "2017-06-30": 0, "2017-03-31": 0, "2016-12-31": "", "2016-09-30": 0, "2016-06-30": 0, "2016-03-31": -31.4, "2015-12-31": "31.40000", "2015-09-30": 0, "2015-06-30": -157.5, "2015-03-31": -15.4, "2014-12-31": "87.30000", "2014-09-30": 85.6, "2014-06-30": 0, "2014-03-31": 0, "2013-12-31": "", "2013-09-30": 0, "2013-06-30": 0, "2013-03-31": -238, "2012-12-31": "67.00000", "2012-09-30": 100.8, "2012-06-30": 50.2, "2012-03-31": 0, "2011-12-31": "-20.00000", "2011-09-30": 40, "2011-06-30": 0, "2011-03-31": -20.5, "2010-12-31": "20.50000", "2010-09-30": 0, "2010-06-30": 0, "2010-03-31": 0, "2009-12-31": "", "2009-09-30": 0, "2009-06-30": 0, "2009-03-31": -66, "2008-12-31": "66.00000", "2008-09-30": 0, "2008-06-30": 0, "2008-03-31": 0, "2007-12-31": "", "2007-09-30": 0, "2007-06-30": 0, "2007-03-31": -71.6, "2006-12-31": "71.60000", "2006-09-30": 0, "2006-06-30": 0, "2006-03-31": -74.8, "2005-12-31": "74.80000", "2005-09-30": -8.116, "2005-06-30": -63.643, "2005-03-31": -43.6}, "Debt Issuance/Retirement Net - Total": {"2020-12-31": "-5.00000", "2020-09-30": 29.899, "2020-06-30": 263.108, "2020-03-31": 90.2, "2019-12-31": "84.60000", "2019-09-30": 55.2, "2019-06-30": 0, "2019-03-31": 0, "2018-12-31": "", "2018-09-30": 35.555, "2018-06-30": 0, "2018-03-31": 0, "2017-12-31": "-307.04700", "2017-09-30": 295.151, "2017-06-30": 0, "2017-03-31": 0, "2016-12-31": "", "2016-09-30": 0, "2016-06-30": 0, "2016-03-31": -31.4, "2015-12-31": "31.40000", "2015-09-30": -1.027, "2015-06-30": 288.162, "2015-03-31": -15.4, "2014-12-31": "87.30000", "2014-09-30": 85.6, "2014-06-30": 0, "2014-03-31": 0, "2013-12-31": "", "2013-09-30": 0, "2013-06-30": 0, "2013-03-31": 7.415, "2012-12-31": "67.00000", "2012-09-30": 100.8, "2012-06-30": 50.2, "2012-03-31": 0, "2011-12-31": "326.08500", "2011-09-30": 40, "2011-06-30": 0, "2011-03-31": -20.5, "2010-12-31": "-179.50000", "2010-09-30": 0, "2010-06-30": -10.724, "2010-03-31": 10.724, "2009-12-31": "", "2009-09-30": 0, "2009-06-30": 247.78, "2009-03-31": -172.989, "2008-12-31": "72.98900", "2008-09-30": 0, "2008-06-30": 96.655, "2008-03-31": -9.846, "2007-12-31": "9.82200", "2007-09-30": -0.026, "2007-06-30": -96.343, "2007-03-31": -71.802, "2006-12-31": "48.59500", "2006-09-30": -2.648, "2006-06-30": -2.628, "2006-03-31": -77.219, "2005-12-31": "72.69000", "2005-09-30": -10.693, "2005-06-30": -67.069, "2005-03-31": -50.914}, "Net Common Equity Issued/Repurchased": {"2020-12-31": "-3.52600", "2020-09-30": -0.101, "2020-06-30": 165.857, "2020-03-31": -0.006, "2019-12-31": "-4.14700", "2019-09-30": -0.013, "2019-06-30": 0, "2019-03-31": -0.631, "2018-12-31": "-8.23300", "2018-09-30": -0.152, "2018-06-30": 1.371, "2018-03-31": 4.392, "2017-12-31": "-1.50100", "2017-09-30": 1.561, "2017-06-30": 2.993, "2017-03-31": 3.23, "2016-12-31": "", "2016-09-30": 5.491, "2016-06-30": 2.064, "2016-03-31": 4.226, "2015-12-31": "2.06800", "2015-09-30": 1.797, "2015-06-30": 5.169, "2015-03-31": 2.026, "2014-12-31": "1.54800", "2014-09-30": 0.889, "2014-06-30": 1.722, "2014-03-31": 3.006, "2013-12-31": "1.85700", "2013-09-30": 2.621, "2013-06-30": 2.064, "2013-03-31": -0.246, "2012-12-31": "0.95600", "2012-09-30": 2.177, "2012-06-30": 3.138, "2012-03-31": 3.475, "2011-12-31": "1.55500", "2011-09-30": 3.879, "2011-06-30": -1.638, "2011-03-31": 0.271, "2010-12-31": "-3.10400", "2010-09-30": -0.741, "2010-06-30": 26.798, "2010-03-31": -3.997, "2009-12-31": "3.99700", "2009-09-30": 13.416, "2009-06-30": 7.771, "2009-03-31": 6.989, "2008-12-31": "", "2008-09-30": -107.267, "2008-06-30": -15.13, "2008-03-31": -97.177, "2007-12-31": "", "2007-09-30": -4.047, "2007-06-30": 2.215, "2007-03-31": 7.438, "2006-12-31": "-36.17800", "2006-09-30": -8.688, "2006-06-30": -33.728, "2006-03-31": -21.983, "2005-12-31": "2.57000", "2005-09-30": 7.78, "2005-06-30": 6.198, "2005-03-31": 6.301}, "Net Total Equity Issued/Repurchased": {"2020-12-31": "-3.52600", "2020-09-30": -0.101, "2020-06-30": 165.857, "2020-03-31": -0.006, "2019-12-31": "-4.14700", "2019-09-30": -0.013, "2019-06-30": 0, "2019-03-31": -0.631, "2018-12-31": "-8.23300", "2018-09-30": -0.152, "2018-06-30": 1.371, "2018-03-31": 4.392, "2017-12-31": "-1.50100", "2017-09-30": 1.561, "2017-06-30": 2.993, "2017-03-31": 3.23, "2016-12-31": "", "2016-09-30": 5.491, "2016-06-30": 2.064, "2016-03-31": 4.226, "2015-12-31": "2.06800", "2015-09-30": 1.797, "2015-06-30": 5.169, "2015-03-31": 2.026, "2014-12-31": "1.54800", "2014-09-30": 0.889, "2014-06-30": 1.722, "2014-03-31": 3.006, "2013-12-31": "1.85700", "2013-09-30": 2.621, "2013-06-30": 2.064, "2013-03-31": -0.246, "2012-12-31": "0.95600", "2012-09-30": 2.177, "2012-06-30": 3.138, "2012-03-31": 3.475, "2011-12-31": "1.55500", "2011-09-30": 3.879, "2011-06-30": -1.638, "2011-03-31": 0.271, "2010-12-31": "-3.10400", "2010-09-30": -0.741, "2010-06-30": 26.798, "2010-03-31": -3.997, "2009-12-31": "3.99700", "2009-09-30": 13.416, "2009-06-30": 7.771, "2009-03-31": 6.989, "2008-12-31": "", "2008-09-30": -107.267, "2008-06-30": -15.13, "2008-03-31": -97.177, "2007-12-31": "", "2007-09-30": -4.047, "2007-06-30": 2.215, "2007-03-31": 7.438, "2006-12-31": "-36.17800", "2006-09-30": -8.688, "2006-06-30": -33.728, "2006-03-31": -21.983, "2005-12-31": "2.57000", "2005-09-30": 7.78, "2005-06-30": 6.198, "2005-03-31": 6.301}, "Total Common And Preferred Stock Dividends Paid": {"2020-12-31": "-40.47500", "2020-09-30": -40.471, "2020-06-30": -37.654, "2020-03-31": -37.65, "2019-12-31": "-37.54700", "2019-09-30": -37.543, "2019-06-30": -36.678, "2019-03-31": -36.665, "2018-12-31": "-36.53200", "2018-09-30": -36.526, "2018-06-30": -35.641, "2018-03-31": -35.591, "2017-12-31": "-35.50000", "2017-09-30": -35.469, "2017-06-30": -34.577, "2017-03-31": -34.544, "2016-12-31": "-34.47300", "2016-09-30": -34.405, "2016-06-30": -33.532, "2016-03-31": -33.472, "2015-12-31": "-33.41500", "2015-09-30": -33.389, "2015-06-30": -32.488, "2015-03-31": -32.442, "2014-12-31": "-32.40000", "2014-09-30": -32.373, "2014-06-30": -31.493, "2014-03-31": -31.403, "2013-12-31": "-31.37300", "2013-09-30": -31.346, "2013-06-30": -30.485, "2013-03-31": 0, "2012-12-31": "-60.87900", "2012-09-30": -30.394, "2012-06-30": -29.527, "2012-03-31": -29.479, "2011-12-31": "-29.39800", "2011-09-30": -29.358, "2011-06-30": -28.478, "2011-03-31": -28.407, "2010-12-31": "-28.31600", "2010-09-30": -28.278, "2010-06-30": -27.222, "2010-03-31": -27.129, "2009-12-31": "-26.96700", "2009-09-30": -26.76, "2009-06-30": -25.842, "2009-03-31": -25.842, "2008-12-31": "-25.71400", "2008-09-30": -26.479, "2008-06-30": -25.308, "2008-03-31": -26.023, "2007-12-31": "-25.87300", "2007-09-30": -25.884, "2007-06-30": -24.94, "2007-03-31": -24.782, "2006-12-31": "-25.02600", "2006-09-30": -24.991, "2006-06-30": -24.342, "2006-03-31": -24.488, "2005-12-31": "-24.44500", "2005-09-30": -24.312, "2005-06-30": -36.04, "2005-03-31": -46.483}, "Financial Activities - Other": {"2020-12-31": "", "2020-09-30": 0, "2020-06-30": 0, "2020-03-31": 0, "2019-12-31": "", "2019-09-30": 0, "2019-06-30": 0, "2019-03-31": 0, "2018-12-31": "", "2018-09-30": 0, "2018-06-30": 0, "2018-03-31": 0, "2017-12-31": "", "2017-09-30": 0, "2017-06-30": 0, "2017-03-31": -0.938, "2016-12-31": "0.93800", "2016-09-30": 0.082, "2016-06-30": 1.56, "2016-03-31": 0, "2015-12-31": "0.22600", "2015-09-30": 0, "2015-06-30": 0.04, "2015-03-31": 1.357, "2014-12-31": "7.66700", "2014-09-30": 0, "2014-06-30": 1.492, "2014-03-31": 0, "2013-12-31": "3.14900", "2013-09-30": -3.639, "2013-06-30": 4.314, "2013-03-31": 0, "2012-12-31": "", "2012-09-30": -0.526, "2012-06-30": 0.435, "2012-03-31": 1.076, "2011-12-31": "", "2011-09-30": 0, "2011-06-30": -1.224, "2011-03-31": 0, "2010-12-31": "", "2010-09-30": 0, "2010-06-30": -0.23, "2010-03-31": 0, "2009-12-31": "13.43700", "2009-09-30": 0, "2009-06-30": 0, "2009-03-31": 0, "2008-12-31": "5.92700", "2008-09-30": 0, "2008-06-30": 0, "2008-03-31": 0, "2007-12-31": "16.27500", "2007-09-30": 0, "2007-06-30": 0, "2007-03-31": -0.028, "2006-12-31": "13.71700", "2006-09-30": 0, "2006-06-30": 0, "2006-03-31": 0.076, "2005-12-31": "6.43900", "2005-09-30": 0, "2005-06-30": 0, "2005-03-31": 0}, "Cash Flow From Financial Activities": {"2020-12-31": "-49.00100", "2020-09-30": -10.673, "2020-06-30": 391.311, "2020-03-31": 52.544, "2019-12-31": "42.90600", "2019-09-30": 17.644, "2019-06-30": -36.678, "2019-03-31": -37.296, "2018-12-31": "-44.76500", "2018-09-30": -1.123, "2018-06-30": -34.27, "2018-03-31": -31.199, "2017-12-31": "-344.04800", "2017-09-30": 261.243, "2017-06-30": -31.584, "2017-03-31": -32.252, "2016-12-31": "-33.53500", "2016-09-30": -28.832, "2016-06-30": -29.908, "2016-03-31": -60.646, "2015-12-31": "0.27900", "2015-09-30": -32.619, "2015-06-30": 260.883, "2015-03-31": -44.459, "2014-12-31": "64.11500", "2014-09-30": 54.116, "2014-06-30": -28.279, "2014-03-31": -28.397, "2013-12-31": "-26.36700", "2013-09-30": -32.364, "2013-06-30": -24.107, "2013-03-31": 7.169, "2012-12-31": "7.07700", "2012-09-30": 72.057, "2012-06-30": 24.246, "2012-03-31": -24.928, "2011-12-31": "298.24200", "2011-09-30": 14.521, "2011-06-30": -31.34, "2011-03-31": -48.636, "2010-12-31": "-210.92000", "2010-09-30": -29.019, "2010-06-30": -11.378, "2010-03-31": -20.402, "2009-12-31": "-9.53300", "2009-09-30": -13.344, "2009-06-30": 229.709, "2009-03-31": -191.842, "2008-12-31": "53.20200", "2008-09-30": -133.746, "2008-06-30": 56.217, "2008-03-31": -133.046, "2007-12-31": "0.22400", "2007-09-30": -29.957, "2007-06-30": -119.068, "2007-03-31": -89.174, "2006-12-31": "1.10800", "2006-09-30": -36.327, "2006-06-30": -60.698, "2006-03-31": -123.614, "2005-12-31": "57.25400", "2005-09-30": -27.225, "2005-06-30": -96.911, "2005-03-31": -91.096}, "Net Cash Flow": {"2020-12-31": "88.87200", "2020-09-30": -543.422, "2020-06-30": 441.58, "2020-03-31": 77.751, "2019-12-31": "17.37200", "2019-09-30": -67.09, "2019-06-30": -8.276, "2019-03-31": -9.912, "2018-12-31": "-120.50900", "2018-09-30": -82.543, "2018-06-30": 83.939, "2018-03-31": 60.897, "2017-12-31": "-386.51700", "2017-09-30": 270.462, "2017-06-30": 54.152, "2017-03-31": 94.68, "2016-12-31": "6.52100", "2016-09-30": 24.405, "2016-06-30": 11.867, "2016-03-31": 57.371, "2015-12-31": "-77.26700", "2015-09-30": -196.435, "2015-06-30": 240.59, "2015-03-31": 25.517, "2014-12-31": "7.03800", "2014-09-30": -65.767, "2014-06-30": -48.211, "2014-03-31": 126.984, "2013-12-31": "-40.97800", "2013-09-30": -69.724, "2013-06-30": 22.169, "2013-03-31": 51.396, "2012-12-31": "-13.47700", "2012-09-30": -66.321, "2012-06-30": -51.428, "2012-03-31": -32.019, "2011-12-31": "143.83400", "2011-09-30": -104.282, "2011-06-30": 39.943, "2011-03-31": 65.145, "2010-12-31": "-317.54900", "2010-09-30": -63.676, "2010-06-30": 32.043, "2010-03-31": 22.403, "2009-12-31": "-3.65200", "2009-09-30": -23.177, "2009-06-30": 347.182, "2009-03-31": -50.637, "2008-12-31": "68.44600", "2008-09-30": -190.959, "2008-06-30": 42.786, "2008-03-31": 26.645, "2007-12-31": "64.96100", "2007-09-30": 62.276, "2007-06-30": -59.279, "2007-03-31": 74.211, "2006-12-31": "-22.01300", "2006-09-30": -52.015, "2006-06-30": 23.527, "2006-03-31": 33.635, "2005-12-31": "6.85700", "2005-09-30": 7.025, "2005-06-30": -52.925, "2005-03-31": 45.966}, "Stock-Based Compensation": {"2020-12-31": "3.93300", "2020-09-30": 5.215, "2020-06-30": 2.136, "2020-03-31": 4.314, "2019-12-31": "3.26600", "2019-09-30": 5.042, "2019-06-30": 5.413, "2019-03-31": 5.42, "2018-12-31": "5.31100", "2018-09-30": 3.992, "2018-06-30": 3.908, "2018-03-31": 3.957, "2017-12-31": "3.90500", "2017-09-30": 3.405, "2017-06-30": 3.225, "2017-03-31": 3.15, "2016-12-31": "2.48200", "2016-09-30": 2.617, "2016-06-30": 0.62, "2016-03-31": 1.558, "2015-12-31": "0.96000", "2015-09-30": -5.175, "2015-06-30": 2.398, "2015-03-31": 2.907, "2014-12-31": "3.07800", "2014-09-30": -0.675, "2014-06-30": 4.393, "2014-03-31": 5.085, "2013-12-31": "2.96000", "2013-09-30": 2.74, "2013-06-30": 3.11, "2013-03-31": 3.294, "2012-12-31": "3.30200", "2012-09-30": 7.939, "2012-06-30": 1.076, "2012-03-31": -1.076, "2011-12-31": "", "2011-09-30": 7.683, "2011-06-30": 0, "2011-03-31": 0, "2010-12-31": "", "2010-09-30": 0, "2010-06-30": 0, "2010-03-31": 13.437, "2009-12-31": "-13.43700", "2009-09-30": 0, "2009-06-30": 0, "2009-03-31": 0, "2008-12-31": "", "2008-09-30": 0, "2008-06-30": 0, "2008-03-31": 0, "2007-12-31": "", "2007-09-30": 0, "2007-06-30": 0, "2007-03-31": 0, "2006-12-31": "", "2006-09-30": 0, "2006-06-30": 0, "2006-03-31": 0, "2005-12-31": "", "2005-09-30": 0, "2005-06-30": 0, "2005-03-31": 0}, "Common Stock Dividends Paid": {"2020-12-31": "-40.47500", "2020-09-30": -40.471, "2020-06-30": -37.654, "2020-03-31": -37.65, "2019-12-31": "-37.54700", "2019-09-30": -37.543, "2019-06-30": -36.678, "2019-03-31": -36.665, "2018-12-31": "-36.53200", "2018-09-30": -36.526, "2018-06-30": -35.641, "2018-03-31": -35.591, "2017-12-31": "-35.50000", "2017-09-30": -35.469, "2017-06-30": -34.577, "2017-03-31": -34.544, "2016-12-31": "-34.47300", "2016-09-30": -34.405, "2016-06-30": -33.532, "2016-03-31": -33.472, "2015-12-31": "-33.41500", "2015-09-30": -33.389, "2015-06-30": -32.488, "2015-03-31": -32.442, "2014-12-31": "-32.40000", "2014-09-30": -32.373, "2014-06-30": -31.493, "2014-03-31": -31.403, "2013-12-31": "-31.37300", "2013-09-30": -31.346, "2013-06-30": -30.485, "2013-03-31": 0, "2012-12-31": "-60.87900", "2012-09-30": -30.394, "2012-06-30": -29.527, "2012-03-31": -29.479, "2011-12-31": "-29.39800", "2011-09-30": -29.358, "2011-06-30": -28.478, "2011-03-31": -28.407, "2010-12-31": "-28.31600", "2010-09-30": -28.278, "2010-06-30": -27.222, "2010-03-31": -27.129, "2009-12-31": "-26.96700", "2009-09-30": -26.76, "2009-06-30": -25.842, "2009-03-31": -25.842, "2008-12-31": "-25.71400", "2008-09-30": -26.479, "2008-06-30": -25.308, "2008-03-31": -26.023, "2007-12-31": "-25.87300", "2007-09-30": -25.884, "2007-06-30": -24.94, "2007-03-31": -24.782, "2006-12-31": "-25.02600", "2006-09-30": -24.991, "2006-06-30": -24.342, "2006-03-31": -24.488, "2005-12-31": "-24.44500", "2005-09-30": -24.312, "2005-06-30": -36.04, "2005-03-31": -46.483}}, "financial ratios": {"Current Ratio": {"2020-09-30": "0.68370", "2019-09-30": "0.85950", "2018-09-30": "1.23750", "2017-09-30": "1.26660", "2016-09-30": "1.35980", "2015-09-30": "0.84230", "2014-09-30": "0.76920", "2013-09-30": "1.48480", "2012-09-30": "0.48410", "2011-09-30": "0.75930", "2010-09-30": "1.47880", "2009-09-30": "2.43940", "2008-09-30": "1.33350", "2007-09-30": "1.26130", "2006-09-30": "1.51600", "2005-09-30": "1.24390"}, "Long-term Debt / Capital": {"2020-09-30": "0.57150", "2019-09-30": "0.49940", "2018-09-30": "0.52380", "2017-09-30": "0.55020", "2016-09-30": "0.57740", "2015-09-30": "0.50710", "2014-09-30": "0.40450", "2013-09-30": "0.42900", "2012-09-30": "0.36960", "2011-09-30": "0.32210", "2010-09-30": "0.37530", "2009-09-30": "0.44010", "2008-09-30": "0.38380", "2007-09-30": "0.32890", "2006-09-30": "0.43150", "2005-09-30": "0.47650"}, "Debt/Equity Ratio": {"2020-09-30": "1.34870", "2019-09-30": "1.02330", "2018-09-30": "1.10020", "2017-09-30": "1.39910", "2016-09-30": "1.36620", "2015-09-30": "1.02890", "2014-09-30": "0.71480", "2013-09-30": "0.75130", "2012-09-30": "0.80100", "2011-09-30": "0.57560", "2010-09-30": "0.71540", "2009-09-30": "0.78590", "2008-09-30": "0.68530", "2007-09-30": "0.61290", "2006-09-30": "0.77490", "2005-09-30": "0.91770"}, "Gross Margin": {"2020-09-30": "84.87410", "2019-09-30": "77.18910", "2018-09-30": "78.78890", "2017-09-30": "82.57760", "2016-09-30": "89.81130", "2015-09-30": "80.12490", "2014-09-30": "71.32920", "2013-09-30": "74.83360", "2012-09-30": "74.45440", "2011-09-30": "64.65500", "2010-09-30": "62.59980", "2009-09-30": "51.39190", "2008-09-30": "48.33170", "2007-09-30": "50.08350", "2006-09-30": "43.40420", "2005-09-30": "48.41790"}, "Operating Margin": {"2020-09-30": "1.93090", "2019-09-30": "30.22500", "2018-09-30": "32.63220", "2017-09-30": "37.58370", "2016-09-30": "-28.67760", "2015-09-30": "-34.70090", "2014-09-30": "26.95940", "2013-09-30": "28.30410", "2012-09-30": "27.54080", "2011-09-30": "24.80050", "2010-09-30": "25.01850", "2009-09-30": "20.00470", "2008-09-30": "20.17940", "2007-09-30": "19.44030", "2006-09-30": "15.87830", "2005-09-30": "15.48750"}, "EBIT Margin": {"2020-09-30": "1.93090", "2019-09-30": "30.22500", "2018-09-30": "32.63220", "2017-09-30": "37.58370", "2016-09-30": "-28.67760", "2015-09-30": "-34.70090", "2014-09-30": "26.95940", "2013-09-30": "28.30410", "2012-09-30": "27.54080", "2011-09-30": "24.80050", "2010-09-30": "25.01850", "2009-09-30": "20.00470", "2008-09-30": "20.17940", "2007-09-30": "19.44030", "2006-09-30": "15.87830", "2005-09-30": "15.48750"}, "EBITDA Margin": {"2020-09-30": "21.73050", "2019-09-30": "46.50410", "2018-09-30": "47.76160", "2017-09-30": "51.77440", "2016-09-30": "-11.50500", "2015-09-30": "-15.61090", "2014-09-30": "45.12150", "2013-09-30": "46.16420", "2012-09-30": "44.23140", "2011-09-30": "37.53500", "2010-09-30": "35.91360", "2009-09-30": "28.45740", "2008-09-30": "27.29810", "2007-09-30": "27.81480", "2006-09-30": "23.89800", "2005-09-30": "25.86730"}, "Pre-Tax Profit Margin": {"2020-09-30": "-6.79260", "2019-09-30": "23.00260", "2018-09-30": "24.11220", "2017-09-30": "28.11380", "2016-09-30": "-36.04390", "2015-09-30": "-39.67050", "2014-09-30": "23.14280", "2013-09-30": "23.65380", "2012-09-30": "22.78210", "2011-09-30": "23.76730", "2010-09-30": "20.24190", "2009-09-30": "7.62080", "2008-09-30": "18.13140", "2007-09-30": "16.35090", "2006-09-30": "13.07600", "2005-09-30": "12.04110"}, "Net Profit Margin": {"2020-09-30": "-8.00440", "2019-09-30": "17.96990", "2018-09-30": "24.58270", "2017-09-30": "17.94330", "2016-09-30": "-20.03270", "2015-09-30": "-21.54720", "2014-09-30": "14.16950", "2013-09-30": "14.21120", "2012-09-30": "13.52780", "2011-09-30": "14.52640", "2010-09-30": "12.83230", "2009-09-30": "4.90890", "2008-09-30": "11.21180", "2007-09-30": "16.54540", "2006-09-30": "6.16570", "2005-09-30": "10.18330"}, "Asset Turnover": {"2020-09-30": "0.22200", "2019-09-30": "0.26200", "2018-09-30": "0.26380", "2017-09-30": "0.25890", "2016-09-30": "0.25770", "2015-09-30": "0.26820", "2014-09-30": "0.31410", "2013-09-30": "0.29420", "2012-09-30": "0.27410", "2011-09-30": "0.34070", "2010-09-30": "0.34480", "2009-09-30": "0.43020", "2008-09-30": "0.58030", "2007-09-30": "0.52450", "2006-09-30": "0.59510", "2005-09-30": "0.49950"}, "Inventory Turnover Ratio": {"2020-09-30": "2.74470", "2019-09-30": "4.99380", "2018-09-30": "4.58770", "2017-09-30": "3.95390", "2016-09-30": "2.16990", "2015-09-30": "5.41220", "2014-09-30": "9.01020", "2013-09-30": "5.65720", "2012-09-30": "5.30280", "2011-09-30": "7.64350", "2010-09-30": "8.94960", "2009-09-30": "12.40600", "2008-09-30": "10.44090", "2007-09-30": "9.99450", "2006-09-30": "13.18260", "2005-09-30": "9.81460"}, "Receiveable Turnover": {"2020-09-30": "10.76930", "2019-09-30": "12.09900", "2018-09-30": "11.25580", "2017-09-30": "14.05800", "2016-09-30": "10.90390", "2015-09-30": "16.77000", "2014-09-30": "14.11210", "2013-09-30": "13.73720", "2012-09-30": "14.04660", "2011-09-30": "13.48780", "2010-09-30": "13.32340", "2009-09-30": "14.20090", "2008-09-30": "12.92810", "2007-09-30": "11.83180", "2006-09-30": "12.89610", "2005-09-30": "13.15890"}, "Days Sales In Receivables": {"2020-09-30": "33.89260", "2019-09-30": "30.16770", "2018-09-30": "32.42780", "2017-09-30": "25.96390", "2016-09-30": "33.47410", "2015-09-30": "21.76510", "2014-09-30": "25.86430", "2013-09-30": "26.57010", "2012-09-30": "25.98490", "2011-09-30": "27.06140", "2010-09-30": "27.39540", "2009-09-30": "25.70270", "2008-09-30": "28.23300", "2007-09-30": "30.84910", "2006-09-30": "28.30320", "2005-09-30": "27.73790"}, "ROE - Return On Equity": {"2020-09-30": "-6.27650", "2019-09-30": "14.22560", "2018-09-30": "20.20930", "2017-09-30": "16.63890", "2016-09-30": "-19.05420", "2015-09-30": "-18.73310", "2014-09-30": "12.42030", "2013-09-30": "11.84660", "2012-09-30": "11.22790", "2011-09-30": "13.65840", "2010-09-30": "12.55080", "2009-09-30": "6.51160", "2008-09-30": "16.64430", "2007-09-30": "12.37180", "2006-09-30": "12.78880", "2005-09-30": "11.25890"}, "Return On Tangible Equity": {"2020-09-30": "-6.29400", "2019-09-30": "14.26220", "2018-09-30": "20.26660", "2017-09-30": "16.69250", "2016-09-30": "-19.12280", "2015-09-30": "-18.78390", "2014-09-30": "12.44850", "2013-09-30": "11.87620", "2012-09-30": "11.25930", "2011-09-30": "13.69810", "2010-09-30": "12.59030", "2009-09-30": "6.62410", "2008-09-30": "16.97940", "2007-09-30": "12.63780", "2006-09-30": "13.12500", "2005-09-30": "11.71400"}, "ROA - Return On Assets": {"2020-09-30": "-1.77710", "2019-09-30": "4.70880", "2018-09-30": "6.48590", "2017-09-30": "4.64470", "2016-09-30": "-5.16210", "2015-09-30": "-5.77960", "2014-09-30": "4.45020", "2013-09-30": "4.18120", "2012-09-30": "3.70800", "2011-09-30": "4.94920", "2010-09-30": "4.29200", "2009-09-30": "2.16990", "2008-09-30": "6.46230", "2007-09-30": "5.18660", "2006-09-30": "4.90510", "2005-09-30": "3.71610"}, "ROI - Return On Investment": {"2020-09-30": "-2.68980", "2019-09-30": "7.12170", "2018-09-30": "9.62280", "2017-09-30": "7.48480", "2016-09-30": "-8.05250", "2015-09-30": "-9.23300", "2014-09-30": "7.39630", "2013-09-30": "6.76430", "2012-09-30": "7.07850", "2011-09-30": "9.25880", "2010-09-30": "7.84030", "2009-09-30": "3.64610", "2008-09-30": "10.25540", "2007-09-30": "8.30240", "2006-09-30": "7.27050", "2005-09-30": "5.89450"}, "Book Value Per Share": {"2020-09-30": "21.68090", "2019-09-30": "24.78160", "2018-09-30": "22.53840", "2017-09-30": "19.91670", "2016-09-30": "17.93960", "2015-09-30": "23.94310", "2014-09-30": "28.64500", "2013-09-30": "26.23330", "2012-09-30": "23.52210", "2011-09-30": "22.84530", "2010-09-30": "21.27290", "2009-09-30": "19.74210", "2008-09-30": "20.26790", "2007-09-30": "19.53150", "2006-09-30": "17.30830", "2005-09-30": "14.57590"}, "Operating Cash Flow Per Share": {"2020-09-30": 0.4179, "2019-09-30": 0.8851, "2018-09-30": -0.8391, "2017-09-30": 1.0158, "2016-09-30": -3.1734, "2015-09-30": -0.5898, "2014-09-30": 1.9478, "2013-09-30": 0.8873, "2012-09-30": 0.0539, "2011-09-30": 2.4077, "2010-09-30": -2.18, "2009-09-30": 1.8731, "2008-09-30": 1.0938, "2007-09-30": -0.8584, "2006-09-30": 1.7474, "2005-09-30": 3.7322}, "Free Cash Flow Per Share": {"2020-09-30": 1.3688, "2019-09-30": -2.0927, "2018-09-30": -2.0268, "2017-09-30": 1.3254, "2016-09-30": 3.6561, "2015-09-30": -1.8913, "2014-09-30": -0.4755, "2013-09-30": 4.9064, "2012-09-30": -3.3329, "2011-09-30": -1.6645, "2010-09-30": -3.2361, "2009-09-30": 2.666, "2008-09-30": -0.3599, "2007-09-30": -0.6231, "2006-09-30": 0.8942, "2005-09-30": 1.1662}}, "financial ratios, quarterly": {"Current Ratio": {"2020-09-30": "0.68370", "2020-06-30": "2.42930", "2020-03-31": "0.85000", "2019-12-31": "0.78820", "2019-09-30": "0.85950", "2019-06-30": "1.01860", "2019-03-31": "1.16930", "2018-12-31": "1.24760", "2018-09-30": "1.23750", "2018-06-30": "0.89050", "2018-03-31": "1.56090", "2017-12-31": "1.42780", "2017-09-30": "1.26660", "2017-06-30": "0.90040", "2017-03-31": "1.70900", "2016-12-31": "1.52750", "2016-09-30": "1.35980", "2016-06-30": "1.30680", "2016-03-31": "1.06770", "2015-12-31": "1.03260", "2015-09-30": "0.84230", "2015-06-30": "1.45610", "2015-03-31": "0.75580", "2014-12-31": "0.79250", "2014-09-30": "0.76920", "2014-06-30": "1.09790", "2014-03-31": "1.22180", "2013-12-31": "1.26260", "2013-09-30": "1.48480", "2013-06-30": "1.59290", "2013-03-31": "1.31210", "2012-12-31": "0.51020", "2012-09-30": "0.48410", "2012-06-30": "0.58220", "2012-03-31": "0.71090", "2011-12-31": "1.39940", "2011-09-30": "0.75930", "2011-06-30": "1.01460", "2011-03-31": "1.02730", "2010-12-31": "0.98830", "2010-09-30": "1.47880", "2010-06-30": "1.55280", "2010-03-31": "1.45010", "2009-12-31": "1.60370", "2009-09-30": "2.43940", "2009-06-30": "2.13290", "2009-03-31": "1.36410", "2008-12-31": "1.23580", "2008-09-30": "1.33350", "2008-06-30": "1.29340", "2008-03-31": "1.36940", "2007-12-31": "1.34380", "2007-09-30": "1.26130", "2007-06-30": "0.99040", "2007-03-31": "1.33970", "2006-12-31": "1.67950", "2006-09-30": "1.51600", "2006-06-30": "1.47580", "2006-03-31": "1.48150", "2005-12-31": "1.40340", "2005-09-30": "1.24390", "2005-06-30": "0.82190", "2005-03-31": "0.88000"}, "Long-term Debt / Capital": {"2020-09-30": "0.57150", "2020-06-30": "0.54150", "2020-03-31": "0.50650", "2019-12-31": "0.49450", "2019-09-30": "0.49940", "2019-06-30": "0.49880", "2019-03-31": "0.50500", "2018-12-31": "0.51020", "2018-09-30": "0.52380", "2018-06-30": "0.48780", "2018-03-31": "0.52070", "2017-12-31": "0.52850", "2017-09-30": "0.55020", "2017-06-30": "0.51500", "2017-03-31": "0.55830", "2016-12-31": "0.57080", "2016-09-30": "0.57740", "2016-06-30": "0.57720", "2016-03-31": "0.56240", "2015-12-31": "0.53490", "2015-09-30": "0.50710", "2015-06-30": "0.48290", "2015-03-31": "0.38820", "2014-12-31": "0.38780", "2014-09-30": "0.40450", "2014-06-30": "0.41330", "2014-03-31": "0.41760", "2013-12-31": "0.42280", "2013-09-30": "0.42900", "2013-06-30": "0.43550", "2013-03-31": "0.44670", "2012-12-31": "0.36300", "2012-09-30": "0.36960", "2012-06-30": "0.36610", "2012-03-31": "0.36880", "2011-12-31": "0.42140", "2011-09-30": "0.32210", "2011-06-30": "0.32700", "2011-03-31": "0.33110", "2010-12-31": "0.33870", "2010-09-30": "0.37530", "2010-06-30": "0.37590", "2010-03-31": "0.38030", "2009-12-31": "0.39090", "2009-09-30": "0.44010", "2009-06-30": "0.43310", "2009-03-31": "0.37900", "2008-12-31": "0.38520", "2008-09-30": "0.38380", "2008-06-30": "0.38680", "2008-03-31": "0.35570", "2007-12-31": "0.32090", "2007-09-30": "0.32890", "2007-06-30": "0.33990", "2007-03-31": "0.39890", "2006-12-31": "0.42950", "2006-09-30": "0.43150", "2006-06-30": "0.45310", "2006-03-31": "0.44630", "2005-12-31": "0.45810", "2005-09-30": "0.47650", "2005-06-30": "0.45850", "2005-03-31": "0.45850"}, "Debt/Equity Ratio": {"2020-09-30": "1.34870", "2020-06-30": "1.18100", "2020-03-31": "1.13700", "2019-12-31": "1.04220", "2019-09-30": "1.02330", "2019-06-30": "0.99500", "2019-03-31": "1.02010", "2018-12-31": "1.04150", "2018-09-30": "1.10020", "2018-06-30": "1.08210", "2018-03-31": "1.08640", "2017-12-31": "1.12070", "2017-09-30": "1.39910", "2017-06-30": "1.23980", "2017-03-31": "1.26410", "2016-12-31": "1.33010", "2016-09-30": "1.36620", "2016-06-30": "1.36530", "2016-03-31": "1.28510", "2015-12-31": "1.16730", "2015-09-30": "1.02890", "2015-06-30": "0.93400", "2015-03-31": "0.69500", "2014-12-31": "0.69990", "2014-09-30": "0.71480", "2014-06-30": "0.70450", "2014-03-31": "0.71710", "2013-12-31": "0.73260", "2013-09-30": "0.75130", "2013-06-30": "0.77160", "2013-03-31": "0.80750", "2012-12-31": "0.81190", "2012-09-30": "0.80100", "2012-06-30": "0.73860", "2012-03-31": "0.72140", "2011-12-31": "0.73860", "2011-09-30": "0.57560", "2011-06-30": "0.56680", "2011-03-31": "0.57750", "2010-12-31": "0.60940", "2010-09-30": "0.71540", "2010-06-30": "0.71710", "2010-03-31": "0.73080", "2009-12-31": "0.76410", "2009-09-30": "0.78590", "2009-06-30": "0.76410", "2009-03-31": "0.61030", "2008-12-31": "0.73070", "2008-09-30": "0.68530", "2008-06-30": "0.69400", "2008-03-31": "0.61340", "2007-12-31": "0.59080", "2007-09-30": "0.61290", "2007-06-30": "0.64380", "2007-03-31": "0.72760", "2006-12-31": "0.80230", "2006-09-30": "0.77490", "2006-06-30": "0.83570", "2006-03-31": "0.81280", "2005-12-31": "0.90900", "2005-09-30": "0.91770", "2005-06-30": "0.86340", "2005-03-31": "0.94290"}, "Gross Margin": {"2020-09-30": "102.00460", "2020-06-30": "90.98470", "2020-03-31": "75.91710", "2019-12-31": "79.22680", "2019-09-30": "98.38790", "2019-06-30": "86.60720", "2019-03-31": "64.70200", "2018-12-31": "71.71630", "2018-09-30": "94.82390", "2018-06-30": "84.77420", "2018-03-31": "67.34950", "2017-12-31": "77.59250", "2017-09-30": "96.19950", "2017-06-30": "86.75680", "2017-03-31": "71.65710", "2016-12-31": "83.37440", "2016-09-30": "99.72170", "2016-06-30": "93.00480", "2016-03-31": "81.82650", "2015-12-31": "88.78770", "2015-09-30": "98.25460", "2015-06-30": "92.04330", "2015-03-31": "68.02700", "2014-12-31": "75.74180", "2014-09-30": "92.13550", "2014-06-30": "80.31830", "2014-03-31": "57.31900", "2013-12-31": "69.53040", "2013-09-30": "90.10460", "2013-06-30": "78.37220", "2013-03-31": "64.90330", "2012-12-31": "73.07760", "2012-09-30": "92.11550", "2012-06-30": "84.74740", "2012-03-31": "62.24270", "2011-12-31": "69.42970", "2011-09-30": "83.78730", "2011-06-30": "70.41180", "2011-03-31": "53.60810", "2010-12-31": "63.84550", "2010-09-30": "80.08910", "2010-06-30": "72.38720", "2010-03-31": "50.15970", "2009-12-31": "62.28220", "2009-09-30": "79.44200", "2009-06-30": "65.41400", "2009-03-31": "39.66680", "2008-12-31": "45.85750", "2008-09-30": "60.42340", "2008-06-30": "50.23670", "2008-03-31": "40.00830", "2007-12-31": "51.07770", "2007-09-30": "73.78950", "2007-06-30": "51.18420", "2007-03-31": "40.24510", "2006-12-31": "50.48720", "2006-09-30": "64.21840", "2006-06-30": "55.55800", "2006-03-31": "36.41390", "2005-12-31": "38.54740", "2005-09-30": "63.29880", "2005-06-30": "54.76560", "2005-03-31": "40.17000"}, "Operating Margin": {"2020-09-30": "-60.41170", "2020-06-30": "24.88930", "2020-03-31": "-5.00520", "2019-12-31": "33.32370", "2019-09-30": "28.61520", "2019-06-30": "31.58650", "2019-03-31": "27.75510", "2018-12-31": "32.97990", "2018-09-30": "29.27500", "2018-06-30": "33.24560", "2018-03-31": "31.72260", "2017-12-31": "35.61710", "2017-09-30": "44.72320", "2017-06-30": "35.40910", "2017-03-31": "32.55410", "2016-12-31": "40.74300", "2016-09-30": "27.77870", "2016-06-30": "13.45610", "2016-03-31": "-52.76840", "2015-12-31": "-81.53730", "2015-09-30": "-108.52580", "2015-06-30": "-143.96480", "2015-03-31": "7.43650", "2014-12-31": "30.64660", "2014-09-30": "27.82260", "2014-06-30": "28.85720", "2014-03-31": "23.81180", "2013-12-31": "29.19270", "2013-09-30": "28.51740", "2013-06-30": "28.86400", "2013-03-31": "27.26400", "2012-12-31": "28.97360", "2012-09-30": "34.24150", "2012-06-30": "27.45630", "2012-03-31": "23.91720", "2011-12-31": "27.37920", "2011-09-30": "26.28710", "2011-06-30": "24.88460", "2011-03-31": "23.26530", "2010-12-31": "26.03650", "2010-09-30": "25.83660", "2010-06-30": "25.33810", "2010-03-31": "22.69990", "2009-12-31": "27.66510", "2009-09-30": "25.15360", "2009-06-30": "23.76070", "2009-03-31": "17.17070", "2008-12-31": "19.17760", "2008-09-30": "19.44740", "2008-06-30": "20.23190", "2008-03-31": "19.19290", "2007-12-31": "22.17440", "2007-09-30": "24.33690", "2007-06-30": "18.70250", "2007-03-31": "17.84290", "2006-12-31": "19.69940", "2006-09-30": "16.01040", "2006-06-30": "17.06860", "2006-03-31": "15.59710", "2005-12-31": "15.49380", "2005-09-30": "5.68600", "2005-06-30": "15.74290", "2005-03-31": "16.39850"}, "EBIT Margin": {"2020-09-30": "-60.41170", "2020-06-30": "24.88930", "2020-03-31": "-5.00520", "2019-12-31": "33.32370", "2019-09-30": "28.61520", "2019-06-30": "31.58650", "2019-03-31": "27.75510", "2018-12-31": "32.97990", "2018-09-30": "29.27500", "2018-06-30": "33.24560", "2018-03-31": "31.72260", "2017-12-31": "35.61710", "2017-09-30": "44.72330", "2017-06-30": "35.40910", "2017-03-31": "32.55410", "2016-12-31": "40.74300", "2016-09-30": "27.77870", "2016-06-30": "13.45610", "2016-03-31": "-52.76840", "2015-12-31": "-81.53730", "2015-09-30": "-108.52580", "2015-06-30": "-143.96480", "2015-03-31": "7.43650", "2014-12-31": "30.64660", "2014-09-30": "27.82260", "2014-06-30": "28.85720", "2014-03-31": "23.81180", "2013-12-31": "29.19270", "2013-09-30": "28.51740", "2013-06-30": "28.86400", "2013-03-31": "27.26400", "2012-12-31": "28.97360", "2012-09-30": "34.24150", "2012-06-30": "27.45630", "2012-03-31": "23.91720", "2011-12-31": "27.37920", "2011-09-30": "26.28710", "2011-06-30": "24.88460", "2011-03-31": "23.26530", "2010-12-31": "26.03650", "2010-09-30": "25.83660", "2010-06-30": "25.33810", "2010-03-31": "22.69990", "2009-12-31": "27.66510", "2009-09-30": "25.15360", "2009-06-30": "23.76070", "2009-03-31": "17.17070", "2008-12-31": "19.17760", "2008-09-30": "19.44740", "2008-06-30": "20.23190", "2008-03-31": "19.19290", "2007-12-31": "22.17440", "2007-09-30": "24.33690", "2007-06-30": "18.70250", "2007-03-31": "17.84290", "2006-12-31": "19.69940", "2006-09-30": "16.01040", "2006-06-30": "17.06860", "2006-03-31": "15.59710", "2005-12-31": "15.49380", "2005-09-30": "5.68600", "2005-06-30": "15.74290", "2005-03-31": "16.39850"}, "EBITDA Margin": {"2020-09-30": "", "2020-06-30": "", "2020-03-31": "", "2019-12-31": "", "2019-09-30": "", "2019-06-30": "", "2019-03-31": "", "2018-12-31": "", "2018-09-30": "", "2018-06-30": "", "2018-03-31": "", "2017-12-31": "", "2017-09-30": "", "2017-06-30": "", "2017-03-31": "", "2016-12-31": "", "2016-09-30": "", "2016-06-30": "", "2016-03-31": "", "2015-12-31": "", "2015-09-30": "", "2015-06-30": "", "2015-03-31": "", "2014-12-31": "", "2014-09-30": "", "2014-06-30": "", "2014-03-31": "", "2013-12-31": "", "2013-09-30": "", "2013-06-30": "", "2013-03-31": "", "2012-12-31": "", "2012-09-30": "", "2012-06-30": "", "2012-03-31": "", "2011-12-31": "", "2011-09-30": "", "2011-06-30": "", "2011-03-31": "", "2010-12-31": "", "2010-09-30": "", "2010-06-30": "", "2010-03-31": "", "2009-12-31": "", "2009-09-30": "", "2009-06-30": "", "2009-03-31": "", "2008-12-31": "", "2008-09-30": "", "2008-06-30": "", "2008-03-31": "", "2007-12-31": "", "2007-09-30": "", "2007-06-30": "", "2007-03-31": "", "2006-12-31": "", "2006-09-30": "", "2006-06-30": "", "2006-03-31": "", "2005-12-31": "", "2005-09-30": "", "2005-06-30": "", "2005-03-31": ""}, "Pre-Tax Profit Margin": {"2020-09-30": "-72.28780", "2020-06-30": "16.83620", "2020-03-31": "-14.09540", "2019-12-31": "26.56220", "2019-09-30": "20.00950", "2019-06-30": "23.75870", "2019-03-31": "21.78650", "2018-12-31": "25.61340", "2018-09-30": "18.78520", "2018-06-30": "23.97350", "2018-03-31": "24.05520", "2017-12-31": "27.96990", "2017-09-30": "21.28090", "2017-06-30": "27.41530", "2017-03-31": "27.24800", "2016-12-31": "34.40000", "2016-09-30": "19.36700", "2016-06-30": "5.07300", "2016-03-31": "-58.71700", "2015-12-31": "-88.87620", "2015-09-30": "-116.33060", "2015-06-30": "-150.09370", "2015-03-31": "3.65780", "2014-12-31": "26.70310", "2014-09-30": "23.02560", "2014-06-30": "23.99830", "2014-03-31": "21.32990", "2013-12-31": "25.02890", "2013-09-30": "22.48020", "2013-06-30": "23.67750", "2013-03-31": "23.56970", "2012-12-31": "24.62010", "2012-09-30": "27.94160", "2012-06-30": "21.10680", "2012-03-31": "20.32650", "2011-12-31": "23.45480", "2011-09-30": "21.16290", "2011-06-30": "20.44940", "2011-03-31": "28.40860", "2010-12-31": "21.42040", "2010-09-30": "18.91440", "2010-06-30": "19.38960", "2010-03-31": "19.43650", "2009-12-31": "22.92450", "2009-09-30": "17.26660", "2009-06-30": "18.12590", "2009-03-31": "14.99980", "2008-12-31": "-12.84120", "2008-09-30": "16.64830", "2008-06-30": "17.61130", "2008-03-31": "17.69300", "2007-12-31": "20.34570", "2007-09-30": "18.97270", "2007-06-30": "14.99290", "2007-03-31": "15.92580", "2006-12-31": "16.67060", "2006-09-30": "38.63610", "2006-06-30": "-1.84280", "2006-03-31": "13.61260", "2005-12-31": "13.12250", "2005-09-30": "1.26840", "2005-06-30": "10.47710", "2005-03-31": "14.50200"}, "Net Profit Margin": {"2020-09-30": "-50.53840", "2020-06-30": "12.77020", "2020-03-31": "-21.59830", "2019-12-31": "19.49420", "2019-09-30": "16.11840", "2019-06-30": "17.84800", "2019-03-31": "16.39600", "2018-12-31": "20.94050", "2018-09-30": "13.13820", "2018-06-30": "18.37940", "2018-03-31": "16.98030", "2017-12-31": "47.33750", "2017-09-30": "15.88360", "2017-06-30": "17.14110", "2017-03-31": "17.10180", "2016-12-31": "21.04330", "2016-09-30": "12.83950", "2016-06-30": "2.46890", "2016-03-31": "-32.88280", "2015-12-31": "-50.40290", "2015-09-30": "-62.34670", "2015-06-30": "-86.26280", "2015-03-31": "2.79620", "2014-12-31": "16.17460", "2014-09-30": "15.66460", "2014-06-30": "14.65880", "2014-03-31": "12.59000", "2013-12-31": "14.95300", "2013-09-30": "14.11840", "2013-06-30": "13.29410", "2013-03-31": "14.33860", "2012-12-31": "15.00350", "2012-09-30": "15.57880", "2012-06-30": "13.13140", "2012-03-31": "12.20190", "2011-12-31": "14.03700", "2011-09-30": "13.06030", "2011-06-30": "12.30800", "2011-03-31": "17.49350", "2010-12-31": "12.98220", "2010-09-30": "13.40840", "2010-06-30": "12.09830", "2010-03-31": "12.04050", "2009-12-31": "14.20260", "2009-09-30": "9.90300", "2009-06-30": "11.68690", "2009-03-31": "9.13250", "2008-12-31": "-7.02910", "2008-09-30": "10.97170", "2008-06-30": "10.91480", "2008-03-31": "10.72460", "2007-12-31": "12.42440", "2007-09-30": "52.21040", "2007-06-30": "10.42790", "2007-03-31": "9.82920", "2006-12-31": "11.11160", "2006-09-30": "0.88410", "2006-06-30": "0.02670", "2006-03-31": "8.82110", "2005-12-31": "8.07860", "2005-09-30": "21.94080", "2005-06-30": "4.78470", "2005-03-31": "9.60570"}, "Asset Turnover": {"2020-09-30": "0.04130", "2020-06-30": "0.04540", "2020-03-31": "0.07320", "2019-12-31": "0.06630", "2019-09-30": "0.04540", "2019-06-30": "0.05640", "2019-03-31": "0.08800", "2018-12-31": "0.07920", "2018-09-30": "0.04790", "2018-06-30": "0.05740", "2018-03-31": "0.09150", "2017-12-31": "0.07250", "2017-09-30": "0.04700", "2017-06-30": "0.05940", "2017-03-31": "0.08990", "2016-12-31": "0.07460", "2016-09-30": "0.05190", "2016-06-30": "0.06060", "2016-03-31": "0.07740", "2015-12-31": "0.06060", "2015-09-30": "0.04590", "2015-06-30": "0.04930", "2015-03-31": "0.08250", "2014-12-31": "0.07330", "2014-09-30": "0.05450", "2014-06-30": "0.06680", "2014-03-31": "0.11520", "2013-12-31": "0.08780", "2013-09-30": "0.05450", "2013-06-30": "0.06940", "2013-03-31": "0.09530", "2012-12-31": "0.07410", "2012-09-30": "0.05280", "2012-06-30": "0.05630", "2012-03-31": "0.09460", "2011-12-31": "0.07520", "2011-09-30": "0.05480", "2011-06-30": "0.07420", "2011-03-31": "0.12750", "2010-12-31": "0.09050", "2010-09-30": "0.05610", "2010-06-30": "0.07110", "2010-03-31": "0.13400", "2009-12-31": "0.09430", "2009-09-30": "0.05720", "2009-06-30": "0.08430", "2009-03-31": "0.19180", "2008-12-31": "0.14370", "2008-09-30": "0.09550", "2008-06-30": "0.12770", "2008-03-31": "0.21280", "2007-12-31": "0.14100", "2007-09-30": "0.07770", "2007-06-30": "0.11830", "2007-03-31": "0.20150", "2006-12-31": "0.12910", "2006-09-30": "0.05910", "2006-06-30": "0.11030", "2006-03-31": "0.22770", "2005-12-31": "0.18270", "2005-09-30": "0.06020", "2005-06-30": "0.10480", "2005-03-31": "0.18280"}, "Inventory Turnover Ratio": {"2020-09-30": "-0.06770", "2020-06-30": "0.44290", "2020-03-31": "2.07590", "2019-12-31": "1.31140", "2019-09-30": "0.06110", "2019-06-30": "0.85300", "2019-03-31": "4.37860", "2018-12-31": "2.12400", "2018-09-30": "0.20330", "2018-06-30": "1.02810", "2018-03-31": "4.24430", "2017-12-31": "1.58630", "2017-09-30": "0.15660", "2017-06-30": "0.87880", "2017-03-31": "3.38440", "2016-12-31": "1.21950", "2016-09-30": "0.01190", "2016-06-30": "0.47930", "2016-03-31": "1.94210", "2015-12-31": "0.68740", "2015-09-30": "0.08130", "2015-06-30": "0.56510", "2015-03-31": "4.88480", "2014-12-31": "2.35440", "2014-09-30": "0.42880", "2014-06-30": "1.89130", "2014-03-31": "11.23580", "2013-12-31": "2.64320", "2013-09-30": "0.41200", "2013-06-30": "1.76820", "2013-03-31": "4.56310", "2012-12-31": "1.63800", "2012-09-30": "0.31520", "2012-06-30": "0.94780", "2012-03-31": "4.67680", "2011-12-31": "1.69320", "2011-09-30": "0.56380", "2011-06-30": "2.19100", "2011-03-31": "7.02650", "2010-12-31": "2.05340", "2010-09-30": "0.77510", "2010-06-30": "1.62000", "2010-03-31": "7.84270", "2009-12-31": "2.20900", "2009-09-30": "0.69720", "2009-06-30": "2.41900", "2009-03-31": "12.07420", "2008-12-31": "3.65370", "2008-09-30": "1.31580", "2008-06-30": "3.13510", "2008-03-31": "9.30230", "2007-12-31": "2.72430", "2007-09-30": "0.77710", "2007-06-30": "3.56510", "2007-03-31": "9.75780", "2006-12-31": "2.67580", "2006-09-30": "0.82790", "2006-06-30": "2.40640", "2006-03-31": "8.80980", "2005-12-31": "4.74230", "2005-09-30": "0.84170", "2005-06-30": "2.33600", "2005-03-31": "5.95080"}, "Receiveable Turnover": {"2020-09-30": "2.00570", "2020-06-30": "2.36750", "2020-03-31": "2.85500", "2019-12-31": "2.79460", "2019-09-30": "2.09600", "2019-06-30": "1.99820", "2019-03-31": "2.34540", "2018-12-31": "2.54540", "2018-09-30": "2.04380", "2018-06-30": "2.27090", "2018-03-31": "2.71920", "2017-12-31": "2.60610", "2017-09-30": "2.55320", "2017-06-30": "2.72430", "2017-03-31": "3.05020", "2016-12-31": "2.62380", "2016-09-30": "2.19570", "2016-06-30": "2.38180", "2016-03-31": "3.26120", "2015-12-31": "1.77720", "2015-09-30": "2.86710", "2015-06-30": "2.50920", "2015-03-31": "2.87050", "2014-12-31": "3.13930", "2014-09-30": "2.44850", "2014-06-30": "2.17420", "2014-03-31": "2.82690", "2013-12-31": "3.35260", "2013-09-30": "2.54440", "2013-06-30": "2.66600", "2013-03-31": "2.94350", "2012-12-31": "3.15430", "2012-09-30": "2.70480", "2012-06-30": "2.88600", "2012-03-31": "3.27280", "2011-12-31": "2.82840", "2011-09-30": "2.16880", "2011-06-30": "2.30090", "2011-03-31": "2.89990", "2010-12-31": "3.05050", "2010-09-30": "2.16740", "2010-06-30": "2.44980", "2010-03-31": "2.94830", "2009-12-31": "2.57740", "2009-09-30": "1.88710", "2009-06-30": "1.83010", "2009-03-31": "2.64250", "2008-12-31": "2.64880", "2008-09-30": "2.12700", "2008-06-30": "1.81270", "2008-03-31": "2.43450", "2007-12-31": "2.34400", "2007-09-30": "1.75210", "2007-06-30": "2.01930", "2007-03-31": "2.37770", "2006-12-31": "2.54740", "2006-09-30": "1.28110", "2006-06-30": "1.78190", "2006-03-31": "2.48860", "2005-12-31": "2.45740", "2005-09-30": "1.58610", "2005-06-30": "1.80820", "2005-03-31": "2.31490"}, "Days Sales In Receivables": {"2020-09-30": "44.87140", "2020-06-30": "38.01460", "2020-03-31": "31.52340", "2019-12-31": "32.20470", "2019-09-30": "42.93990", "2019-06-30": "45.04080", "2019-03-31": "38.37290", "2018-12-31": "35.35840", "2018-09-30": "44.03530", "2018-06-30": "39.63250", "2018-03-31": "33.09820", "2017-12-31": "34.53460", "2017-09-30": "35.24970", "2017-06-30": "33.03650", "2017-03-31": "29.50650", "2016-12-31": "34.30120", "2016-09-30": "40.98880", "2016-06-30": "37.78710", "2016-03-31": "27.59680", "2015-12-31": "50.64050", "2015-09-30": "31.39010", "2015-06-30": "35.86780", "2015-03-31": "31.35330", "2014-12-31": "28.66880", "2014-09-30": "36.75750", "2014-06-30": "41.39400", "2014-03-31": "31.83650", "2013-12-31": "26.84500", "2013-09-30": "35.37240", "2013-06-30": "33.75900", "2013-03-31": "30.57560", "2012-12-31": "28.53240", "2012-09-30": "33.27470", "2012-06-30": "31.18460", "2012-03-31": "27.49930", "2011-12-31": "31.82050", "2011-09-30": "41.49730", "2011-06-30": "39.11460", "2011-03-31": "31.03560", "2010-12-31": "29.50360", "2010-09-30": "41.52380", "2010-06-30": "36.73820", "2010-03-31": "30.52630", "2009-12-31": "34.91950", "2009-09-30": "47.69190", "2009-06-30": "49.17710", "2009-03-31": "34.05850", "2008-12-31": "33.97740", "2008-09-30": "42.31370", "2008-06-30": "49.64970", "2008-03-31": "36.96830", "2007-12-31": "38.39670", "2007-09-30": "51.36670", "2007-06-30": "44.57070", "2007-03-31": "37.85230", "2006-12-31": "35.32950", "2006-09-30": "70.25340", "2006-06-30": "50.50760", "2006-03-31": "36.16500", "2005-12-31": "36.62380", "2005-09-30": "56.74220", "2005-06-30": "49.77210", "2005-03-31": "38.87820"}, "ROE - Return On Equity": {"2020-09-30": "-7.38060", "2020-06-30": "1.85320", "2020-03-31": "-5.09950", "2019-12-31": "3.96820", "2019-09-30": "2.21040", "2019-06-30": "2.97390", "2019-03-31": "4.33360", "2018-12-31": "5.01520", "2018-09-30": "1.96120", "2018-06-30": "3.27000", "2018-03-31": "4.78570", "2017-12-31": "10.68080", "2017-09-30": "2.67510", "2017-06-30": "3.54590", "2017-03-31": "5.40680", "2016-12-31": "5.66670", "2016-09-30": "2.45920", "2016-06-30": "0.54240", "2016-03-31": "-9.10260", "2015-12-31": "-10.43260", "2015-09-30": "-9.26720", "2015-06-30": "-13.04350", "2015-03-31": "0.64130", "2014-12-31": "3.25530", "2014-09-30": "2.38230", "2014-06-30": "2.75640", "2014-03-31": "4.14050", "2013-12-31": "3.65440", "2013-09-30": "2.17990", "2013-06-30": "2.73700", "2013-03-31": "4.19760", "2012-12-31": "3.36990", "2012-09-30": "2.48980", "2012-06-30": "2.17090", "2012-03-31": "3.42630", "2011-12-31": "3.15950", "2011-09-30": "1.97460", "2011-06-30": "2.53380", "2011-03-31": "6.36440", "2010-12-31": "3.33590", "2010-09-30": "1.85520", "2010-06-30": "2.44820", "2010-03-31": "4.67350", "2009-12-31": "3.92920", "2009-09-30": "1.87350", "2009-06-30": "2.62460", "2009-03-31": "4.48900", "2008-12-31": "-2.67660", "2008-09-30": "2.58440", "2008-06-30": "3.77950", "2008-03-31": "5.83320", "2007-12-31": "4.17530", "2007-09-30": "2.10380", "2007-06-30": "2.65570", "2007-03-31": "5.01340", "2006-12-31": "3.48410", "2006-09-30": "3.35910", "2006-06-30": "0.00830", "2006-03-31": "5.68430", "2005-12-31": "4.34570", "2005-09-30": "0.26290", "2005-06-30": "1.99080", "2005-03-31": "4.80910"}, "Return On Tangible Equity": {"2020-09-30": "-7.40120", "2020-06-30": "1.85780", "2020-03-31": "-5.11300", "2019-12-31": "3.97820", "2019-09-30": "2.21610", "2019-06-30": "2.98150", "2019-03-31": "4.34500", "2018-12-31": "5.02860", "2018-09-30": "1.96680", "2018-06-30": "3.27930", "2018-03-31": "4.79940", "2017-12-31": "10.71230", "2017-09-30": "2.68370", "2017-06-30": "3.55740", "2017-03-31": "5.42480", "2016-12-31": "5.68660", "2016-09-30": "2.46800", "2016-06-30": "0.54440", "2016-03-31": "-9.13340", "2015-12-31": "-10.46420", "2015-09-30": "-9.29230", "2015-06-30": "-13.07540", "2015-03-31": "0.64270", "2014-12-31": "3.26220", "2014-09-30": "2.38770", "2014-06-30": "2.76290", "2014-03-31": "4.15030", "2013-12-31": "3.66340", "2013-09-30": "2.18530", "2013-06-30": "2.74410", "2013-03-31": "4.20890", "2012-12-31": "3.37910", "2012-09-30": "2.49680", "2012-06-30": "2.17690", "2012-03-31": "3.43590", "2011-12-31": "3.16850", "2011-09-30": "1.98030", "2011-06-30": "2.54130", "2011-03-31": "6.38370", "2010-12-31": "3.34630", "2010-09-30": "1.86110", "2010-06-30": "2.48490", "2010-03-31": "4.74600", "2009-12-31": "3.99410", "2009-09-30": "1.90590", "2009-06-30": "2.67390", "2009-03-31": "4.57450", "2008-12-31": "-2.72990", "2008-09-30": "2.63650", "2008-06-30": "3.85820", "2008-03-31": "5.95380", "2007-12-31": "4.26010", "2007-09-30": "2.14910", "2007-06-30": "2.71730", "2007-03-31": "5.13580", "2006-12-31": "3.57330", "2006-09-30": "3.44730", "2006-06-30": "0.00860", "2006-03-31": "5.88190", "2005-12-31": "4.50630", "2005-09-30": "0.27360", "2005-06-30": "2.06800", "2005-03-31": "4.99750"}, "ROA - Return On Assets": {"2020-09-30": "-2.08970", "2020-06-30": "0.57940", "2020-03-31": "-1.58110", "2019-12-31": "1.29190", "2019-09-30": "0.73170", "2019-06-30": "1.00620", "2019-03-31": "1.44280", "2018-12-31": "1.65930", "2018-09-30": "0.62940", "2018-06-30": "1.05500", "2018-03-31": "1.55290", "2017-12-31": "3.42980", "2017-09-30": "0.74670", "2017-06-30": "1.01770", "2017-03-31": "1.53810", "2016-12-31": "1.57030", "2016-09-30": "0.66620", "2016-06-30": "0.14950", "2016-03-31": "-2.54590", "2015-12-31": "-3.05490", "2015-09-30": "-2.85920", "2015-06-30": "-4.25470", "2015-03-31": "0.23060", "2014-12-31": "1.18600", "2014-09-30": "0.85360", "2014-06-30": "0.97930", "2014-03-31": "1.44980", "2013-12-31": "1.31290", "2013-09-30": "0.76940", "2013-06-30": "0.92210", "2013-03-31": "1.36610", "2012-12-31": "1.11230", "2012-09-30": "0.82230", "2012-06-30": "0.73990", "2012-03-31": "1.15490", "2011-12-31": "1.05600", "2011-09-30": "0.71550", "2011-06-30": "0.91350", "2011-03-31": "2.23040", "2010-12-31": "1.17510", "2010-09-30": "0.63440", "2010-06-30": "0.86160", "2010-03-31": "1.60200", "2009-12-31": "1.33310", "2009-09-30": "0.62430", "2009-06-30": "0.98510", "2009-03-31": "1.75150", "2008-12-31": "-1.01030", "2008-09-30": "1.00340", "2008-06-30": "1.39400", "2008-03-31": "2.28210", "2007-12-31": "1.75130", "2007-09-30": "0.88200", "2007-06-30": "1.08650", "2007-03-31": "1.90560", "2006-12-31": "1.33410", "2006-09-30": "1.28830", "2006-06-30": "0.00290", "2006-03-31": "2.00820", "2005-12-31": "1.47610", "2005-09-30": "0.08680", "2005-06-30": "0.69090", "2005-03-31": "1.58910"}, "ROI - Return On Investment": {"2020-09-30": "-3.16290", "2020-06-30": "0.84970", "2020-03-31": "-2.51650", "2019-12-31": "2.00610", "2019-09-30": "1.10660", "2019-06-30": "1.49070", "2019-03-31": "2.14530", "2018-12-31": "2.45660", "2018-09-30": "0.93380", "2018-06-30": "1.67490", "2018-03-31": "2.29380", "2017-12-31": "5.03640", "2017-09-30": "1.20340", "2017-06-30": "1.71990", "2017-03-31": "2.38810", "2016-12-31": "2.43200", "2016-09-30": "1.03930", "2016-06-30": "0.22930", "2016-03-31": "-3.98340", "2015-12-31": "-4.85240", "2015-09-30": "-4.56760", "2015-06-30": "-6.74440", "2015-03-31": "0.39240", "2014-12-31": "1.99290", "2014-09-30": "1.41870", "2014-06-30": "1.61720", "2014-03-31": "2.41130", "2013-12-31": "2.10920", "2013-09-30": "1.24470", "2013-06-30": "1.54500", "2013-03-31": "2.32230", "2012-12-31": "2.14660", "2012-09-30": "1.56970", "2012-06-30": "1.37610", "2012-03-31": "2.16290", "2011-12-31": "1.82820", "2011-09-30": "1.33850", "2011-06-30": "1.70540", "2011-03-31": "4.25740", "2010-12-31": "2.20590", "2010-09-30": "1.15890", "2010-06-30": "1.52800", "2010-03-31": "2.89600", "2009-12-31": "2.39330", "2009-09-30": "1.04900", "2009-06-30": "1.48780", "2009-03-31": "2.78770", "2008-12-31": "-1.64560", "2008-09-30": "1.59240", "2008-06-30": "2.31760", "2008-03-31": "3.75860", "2007-12-31": "2.83550", "2007-09-30": "1.41180", "2007-06-30": "1.75310", "2007-03-31": "3.01370", "2006-12-31": "1.98750", "2006-09-30": "1.90960", "2006-06-30": "0.00450", "2006-03-31": "3.14750", "2005-12-31": "2.35510", "2005-09-30": "0.13770", "2005-06-30": "1.07800", "2005-03-31": "2.60420"}, "Book Value Per Share": {"2020-09-30": "21.68090", "2020-06-30": "24.47510", "2020-03-31": "24.02860", "2019-12-31": "25.21190", "2019-09-30": "24.78160", "2019-06-30": "24.83880", "2019-03-31": "24.22350", "2018-12-31": "23.72750", "2018-09-30": "22.53840", "2018-06-30": "22.42600", "2018-03-31": "22.34680", "2017-12-31": "21.68730", "2017-09-30": "19.91670", "2017-06-30": "19.70380", "2017-03-31": "19.34200", "2016-12-31": "18.39470", "2016-09-30": "17.93960", "2016-06-30": "17.98310", "2016-03-31": "19.11210", "2015-12-31": "21.39130", "2015-09-30": "23.94310", "2015-06-30": "26.58690", "2015-03-31": "30.80230", "2014-12-31": "30.89250", "2014-09-30": "28.64500", "2014-06-30": "27.83700", "2014-03-31": "27.38160", "2013-12-31": "26.87740", "2013-09-30": "26.23330", "2013-06-30": "25.56790", "2013-03-31": "24.45000", "2012-12-31": "24.15140", "2012-09-30": "23.52210", "2012-06-30": "23.88900", "2012-03-31": "23.64790", "2011-12-31": "23.13580", "2011-09-30": "22.84530", "2011-06-30": "22.37740", "2011-03-31": "22.00660", "2010-12-31": "21.31390", "2010-09-30": "21.27290", "2010-06-30": "21.24980", "2010-03-31": "21.03300", "2009-12-31": "20.18400", "2009-09-30": "19.74210", "2009-06-30": "20.46380", "2009-03-31": "20.58720", "2008-12-31": "20.05290", "2008-09-30": "20.26790", "2008-06-30": "19.43800", "2008-03-31": "19.95030", "2007-12-31": "20.14350", "2007-09-30": "19.53150", "2007-06-30": "18.57690", "2007-03-31": "18.11070", "2006-12-31": "17.60780", "2006-09-30": "17.30830", "2006-06-30": "16.10550", "2006-03-31": "16.47590", "2005-12-31": "15.63680", "2005-09-30": "14.57590", "2005-06-30": "15.80200", "2005-03-31": "15.93120"}, "Operating Cash Flow Per Share": {"2020-09-30": 1.3579, "2020-06-30": 2.5464, "2020-03-31": 2.5863, "2019-12-31": "1.93070", "2019-09-30": 1.4332, "2019-06-30": 2.6421, "2019-03-31": 2.7244, "2018-12-31": "1.20370", "2018-09-30": 1.129, "2018-06-30": 2.6451, "2018-03-31": 2.2144, "2017-12-31": "1.12980", "2017-09-30": 1.5537, "2017-06-30": 2.3123, "2017-03-31": 2.4055, "2016-12-31": "1.68590", "2016-09-30": 1.5601, "2016-06-30": 1.6936, "2016-03-31": 2.3403, "2015-12-31": "1.34760", "2015-09-30": 1.7555, "2015-06-30": 2.3982, "2015-03-31": 3.7399, "2014-12-31": "2.22140", "2014-09-30": 2.166, "2014-06-30": 2.607, "2014-03-31": 3.8447, "2013-12-31": "2.08710", "2013-09-30": 1.7931, "2013-06-30": 2.6049, "2013-03-31": 2.6215, "2012-12-31": "1.73750", "2012-09-30": 1.0128, "2012-06-30": 2.5951, "2012-03-31": 3.1189, "2011-12-31": "1.14290", "2011-09-30": 1.415, "2011-06-30": 2.2989, "2011-03-31": 3.0533, "2010-12-31": "1.04860", "2010-09-30": 0.3474, "2010-06-30": 1.6777, "2010-03-31": 2.5514, "2009-12-31": "0.83160", "2009-09-30": 1.1918, "2009-06-30": 2.1764, "2009-03-31": 2.9707, "2008-12-31": "1.24920", "2008-09-30": 0.7567, "2008-06-30": 1.3644, "2008-03-31": 2.7159, "2007-12-31": "0.87800", "2007-09-30": -0.1011, "2007-06-30": 1.4921, "2007-03-31": 2.7223, "2006-12-31": "0.50790", "2006-09-30": 0.714, "2006-06-30": 1.9461, "2006-03-31": 2.581, "2005-12-31": "0.23850", "2005-09-30": -0.2067, "2005-06-30": 1.0367, "2005-03-31": 2.9022}, "Free Cash Flow Per Share": {"2020-09-30": -0.5447, "2020-06-30": 0.8769, "2020-03-31": 0.302, "2019-12-31": "-0.35390", "2019-09-30": -0.894, "2019-06-30": 0.3327, "2019-03-31": 0.3169, "2018-12-31": "-0.84410", "2018-09-30": -0.9564, "2018-06-30": 1.4477, "2018-03-31": 1.0351, "2017-12-31": "-0.52220", "2017-09-30": -0.0238, "2017-06-30": 1.0757, "2017-03-31": 1.5293, "2016-12-31": "0.44980", "2016-09-30": 0.6127, "2016-06-30": 0.4005, "2016-03-31": 1.4223, "2015-12-31": "-0.72990", "2015-09-30": -1.8763, "2015-06-30": -0.2405, "2015-03-31": 0.8224, "2014-12-31": "-0.65610", "2014-09-30": -1.426, "2014-06-30": -0.2344, "2014-03-31": 1.8165, "2013-12-31": "-0.21530", "2013-09-30": -0.4593, "2013-06-30": 0.5534, "2013-03-31": 0.5248, "2012-12-31": "-0.20260", "2012-09-30": -1.6708, "2012-06-30": -0.8987, "2012-03-31": -0.0874, "2011-12-31": "-1.83320", "2011-09-30": -1.4195, "2011-06-30": 0.8493, "2011-03-31": 0.6876, "2010-12-31": "-1.27460", "2010-09-30": -0.6061, "2010-06-30": 0.5224, "2010-03-31": 0.5164, "2009-12-31": "0.07460", "2009-09-30": 0.2903, "2009-06-30": 1.4932, "2009-03-31": 1.7619, "2008-12-31": "0.19800", "2008-09-30": -0.7863, "2008-06-30": -0.0625, "2008-03-31": 1.8435, "2007-12-31": "0.08270", "2007-09-30": -0.9344, "2007-06-30": 0.6701, "2007-03-31": 1.9392, "2006-12-31": "-0.23760", "2006-09-30": -0.1631, "2006-06-30": 0.9687, "2006-03-31": 1.8321, "2005-12-31": "-0.57730", "2005-09-30": -0.9197, "2005-06-30": 0.5349, "2005-03-31": 1.551}}, "revenue": {"National Fuel Gas Annual Revenue (Millions of US $)": {"2020": "$1,546", "2019": "$1,693", "2018": "$1,593", "2017": "$1,580", "2016": "$1,452", "2015": "$1,761", "2014": "$2,113", "2013": "$1,830", "2012": "$1,627", "2011": "$1,779", "2010": "$1,761", "2009": "$2,052", "2008": "$2,397", "2007": "$2,040", "2006": "$2,240", "2005": "$1,861"}, "National Fuel Gas Quarterly Revenue (Millions of US $)": {"2020-12-31": "$441", "2020-09-30": "$288", "2020-06-30": "$323", "2020-03-31": "$491", "2019-12-31": "$444", "2019-09-30": "$293", "2019-06-30": "$357", "2019-03-31": "$553", "2018-12-31": "$490", "2018-09-30": "$289", "2018-06-30": "$343", "2018-03-31": "$541", "2017-12-31": "$420", "2017-09-30": "$287", "2017-06-30": "$348", "2017-03-31": "$522", "2016-12-31": "$423", "2016-09-30": "$292", "2016-06-30": "$336", "2016-03-31": "$449", "2015-12-31": "$375", "2015-09-30": "$301", "2015-06-30": "$340", "2015-03-31": "$596", "2014-12-31": "$524", "2014-09-30": "$367", "2014-06-30": "$440", "2014-03-31": "$756", "2013-12-31": "$550", "2013-09-30": "$339", "2013-06-30": "$440", "2013-03-31": "$598", "2012-12-31": "$453", "2012-09-30": "$313", "2012-06-30": "$329", "2012-03-31": "$552", "2011-12-31": "$432", "2011-09-30": "$286", "2011-06-30": "$381", "2011-03-31": "$661", "2010-12-31": "$451", "2010-09-30": "$286", "2010-06-30": "$352", "2010-03-31": "$668", "2009-12-31": "$454", "2009-09-30": "$273", "2009-06-30": "$367", "2009-03-31": "$805", "2008-12-31": "$607", "2008-09-30": "$394", "2008-06-30": "$548", "2008-03-31": "$886", "2007-12-31": "$568", "2007-09-30": "$302", "2007-06-30": "$449", "2007-03-31": "$798", "2006-12-31": "$491", "2006-09-30": "$222", "2006-06-30": "$415", "2006-03-31": "$891", "2005-12-31": "$711", "2005-09-30": "$224", "2005-06-30": "$400", "2005-03-31": "$736"}}, "gross-profit": {"National Fuel Gas Annual Gross Profit (Millions of US $)": {"2020": "$1,312", "2019": "$1,307", "2018": "$1,255", "2017": "$1,305", "2016": "$1,304", "2015": "$1,411", "2014": "$1,507", "2013": "$1,369", "2012": "$1,211", "2011": "$1,150", "2010": "$1,102", "2009": "$1,054", "2008": "$1,158", "2007": "$1,021", "2006": "$972", "2005": "$901"}, "National Fuel Gas Quarterly Gross Profit (Millions of US $)": {"2020-12-31": "$390", "2020-09-30": "$294", "2020-06-30": "$294", "2020-03-31": "$373", "2019-12-31": "$352", "2019-09-30": "$289", "2019-06-30": "$309", "2019-03-31": "$358", "2018-12-31": "$352", "2018-09-30": "$274", "2018-06-30": "$291", "2018-03-31": "$364", "2017-12-31": "$326", "2017-09-30": "$276", "2017-06-30": "$302", "2017-03-31": "$374", "2016-12-31": "$352", "2016-09-30": "$292", "2016-06-30": "$312", "2016-03-31": "$368", "2015-12-31": "$333", "2015-09-30": "$296", "2015-06-30": "$313", "2015-03-31": "$406", "2014-12-31": "$397", "2014-09-30": "$338", "2014-06-30": "$354", "2014-03-31": "$433", "2013-12-31": "$382", "2013-09-30": "$305", "2013-06-30": "$345", "2013-03-31": "$388", "2012-12-31": "$331", "2012-09-30": "$289", "2012-06-30": "$279", "2012-03-31": "$344", "2011-12-31": "$300", "2011-09-30": "$240", "2011-06-30": "$268", "2011-03-31": "$354", "2010-12-31": "$288", "2010-09-30": "$229", "2010-06-30": "$255", "2010-03-31": "$335", "2009-12-31": "$283", "2009-09-30": "$217", "2009-06-30": "$240", "2009-03-31": "$319", "2008-12-31": "$278", "2008-09-30": "$238", "2008-06-30": "$275", "2008-03-31": "$354", "2007-12-31": "$290", "2007-09-30": "$223", "2007-06-30": "$230", "2007-03-31": "$321", "2006-12-31": "$248", "2006-09-30": "$143", "2006-06-30": "$231", "2006-03-31": "$324", "2005-12-31": "$274", "2005-09-30": "$142", "2005-06-30": "$219", "2005-03-31": "$296"}}, "operating-income": {"National Fuel Gas Annual Operating Income (Millions of US $)": {"2020": "$30", "2019": "$512", "2018": "$520", "2017": "$594", "2016": "$-417", "2015": "$-611", "2014": "$570", "2013": "$518", "2012": "$448", "2011": "$441", "2010": "$440", "2009": "$410", "2008": "$484", "2007": "$396", "2006": "$356", "2005": "$288"}, "National Fuel Gas Quarterly Operating Income (Millions of US $)": {"2020-12-31": "$144", "2020-09-30": "$-174", "2020-06-30": "$80", "2020-03-31": "$-25", "2019-12-31": "$148", "2019-09-30": "$84", "2019-06-30": "$113", "2019-03-31": "$153", "2018-12-31": "$162", "2018-09-30": "$85", "2018-06-30": "$114", "2018-03-31": "$172", "2017-12-31": "$149", "2017-09-30": "$128", "2017-06-30": "$123", "2017-03-31": "$170", "2016-12-31": "$172", "2016-09-30": "$81", "2016-06-30": "$45", "2016-03-31": "$-237", "2015-12-31": "$-306", "2015-09-30": "$-327", "2015-06-30": "$-489", "2015-03-31": "$44", "2014-12-31": "$161", "2014-09-30": "$102", "2014-06-30": "$127", "2014-03-31": "$180", "2013-12-31": "$161", "2013-09-30": "$97", "2013-06-30": "$127", "2013-03-31": "$163", "2012-12-31": "$131", "2012-09-30": "$107", "2012-06-30": "$90", "2012-03-31": "$132", "2011-12-31": "$118", "2011-09-30": "$75", "2011-06-30": "$95", "2011-03-31": "$154", "2010-12-31": "$117", "2010-09-30": "$74", "2010-06-30": "$89", "2010-03-31": "$152", "2009-12-31": "$126", "2009-09-30": "$69", "2009-06-30": "$87", "2009-03-31": "$138", "2008-12-31": "$116", "2008-09-30": "$77", "2008-06-30": "$111", "2008-03-31": "$170", "2007-12-31": "$126", "2007-09-30": "$74", "2007-06-30": "$84", "2007-03-31": "$142", "2006-12-31": "$97", "2006-09-30": "$36", "2006-06-30": "$71", "2006-03-31": "$139", "2005-12-31": "$110", "2005-09-30": "$13", "2005-06-30": "$63", "2005-03-31": "$121"}}, "ebitda": {"National Fuel Gas Annual EBITDA (Millions of US $)": {"2020": "$336", "2019": "$787", "2018": "$761", "2017": "$818", "2016": "$-167", "2015": "$-275", "2014": "$953", "2013": "$845", "2012": "$720", "2011": "$668", "2010": "$632", "2009": "$584", "2008": "$654", "2007": "$567", "2006": "$535", "2005": "$481"}, "National Fuel Gas Quarterly EBITDA (Millions of US $)": {"2020-09-30": "$-94", "2020-06-30": "$154", "2020-03-31": "$53", "2019-12-31": "$223", "2019-09-30": "$159", "2019-06-30": "$184", "2019-03-31": "$219", "2018-12-31": "$226", "2018-09-30": "$148", "2018-06-30": "$175", "2018-03-31": "$233", "2017-12-31": "$205", "2017-09-30": "$184", "2017-06-30": "$179", "2017-03-31": "$227", "2016-12-31": "$228", "2016-09-30": "$137", "2016-06-30": "$104", "2016-03-31": "$-173", "2015-12-31": "$-235", "2015-09-30": "$-256", "2015-06-30": "$-409", "2015-03-31": "$127", "2014-12-31": "$263", "2014-09-30": "$206", "2014-06-30": "$224", "2014-03-31": "$270", "2013-12-31": "$254", "2013-09-30": "$183", "2013-06-30": "$215", "2013-03-31": "$243", "2012-12-31": "$204", "2012-09-30": "$179", "2012-06-30": "$165", "2012-03-31": "$195", "2011-12-31": "$181", "2011-09-30": "$131", "2011-06-30": "$152", "2011-03-31": "$214", "2010-12-31": "$171", "2010-09-30": "$123", "2010-06-30": "$140", "2010-03-31": "$199", "2009-12-31": "$171", "2009-09-30": "$114", "2009-06-30": "$131", "2009-03-31": "$180", "2008-12-31": "$159", "2008-09-30": "$118", "2008-06-30": "$154", "2008-03-31": "$212", "2007-12-31": "$170", "2007-09-30": "$118", "2007-06-30": "$125", "2007-03-31": "$184", "2006-12-31": "$139", "2006-09-30": "$81", "2006-06-30": "$118", "2006-03-31": "$183", "2005-12-31": "$153", "2005-09-30": "$60", "2005-06-30": "$113", "2005-03-31": "$170"}}, "net-income": {"National Fuel Gas Annual Net Income (Millions of US $)": {"2020": "$-124", "2019": "$304", "2018": "$392", "2017": "$283", "2016": "$-291", "2015": "$-379", "2014": "$299", "2013": "$260", "2012": "$220", "2011": "$258", "2010": "$226", "2009": "$101", "2008": "$269", "2007": "$337", "2006": "$138", "2005": "$189"}, "National Fuel Gas Quarterly Net Income (Millions of US $)": {"2020-12-31": "$78", "2020-09-30": "$-146", "2020-06-30": "$41", "2020-03-31": "$-106", "2019-12-31": "$87", "2019-09-30": "$47", "2019-06-30": "$64", "2019-03-31": "$91", "2018-12-31": "$103", "2018-09-30": "$38", "2018-06-30": "$63", "2018-03-31": "$92", "2017-12-31": "$199", "2017-09-30": "$46", "2017-06-30": "$60", "2017-03-31": "$89", "2016-12-31": "$89", "2016-09-30": "$38", "2016-06-30": "$8", "2016-03-31": "$-148", "2015-12-31": "$-189", "2015-09-30": "$-188", "2015-06-30": "$-293", "2015-03-31": "$17", "2014-12-31": "$85", "2014-09-30": "$57", "2014-06-30": "$65", "2014-03-31": "$95", "2013-12-31": "$82", "2013-09-30": "$48", "2013-06-30": "$58", "2013-03-31": "$86", "2012-12-31": "$68", "2012-09-30": "$49", "2012-06-30": "$43", "2012-03-31": "$67", "2011-12-31": "$61", "2011-09-30": "$37", "2011-06-30": "$47", "2011-03-31": "$116", "2010-12-31": "$59", "2010-09-30": "$38", "2010-06-30": "$43", "2010-03-31": "$80", "2009-12-31": "$64", "2009-09-30": "$27", "2009-06-30": "$43", "2009-03-31": "$73", "2008-12-31": "$-43", "2008-09-30": "$43", "2008-06-30": "$60", "2008-03-31": "$95", "2007-12-31": "$71", "2007-09-30": "$158", "2007-06-30": "$47", "2007-03-31": "$78", "2006-12-31": "$55", "2006-09-30": "$2", "2006-06-30": "$0", "2006-03-31": "$79", "2005-12-31": "$57", "2005-09-30": "$49", "2005-06-30": "$19", "2005-03-31": "$71"}}, "eps-earnings-per-share-diluted": {"National Fuel Gas Annual EPS": {"2020": "$-1.41", "2019": "$3.51", "2018": "$4.53", "2017": "$3.30", "2016": "$-3.43", "2015": "$-4.50", "2014": "$3.52", "2013": "$3.08", "2012": "$2.63", "2011": "$3.09", "2010": "$2.73", "2009": "$1.25", "2008": "$3.18", "2007": "$3.96", "2006": "$1.61", "2005": "$2.23"}, "National Fuel Gas Quarterly EPS": {"2020-12-31": "$0.85", "2020-09-30": "$-1.65", "2020-06-30": "$0.47", "2020-03-31": "$-1.23", "2019-12-31": "$1.00", "2019-09-30": "$0.56", "2019-06-30": "$0.73", "2019-03-31": "$1.04", "2018-12-31": "$1.18", "2018-09-30": "$0.44", "2018-06-30": "$0.73", "2018-03-31": "$1.06", "2017-12-31": "$2.30", "2017-09-30": "$0.53", "2017-06-30": "$0.69", "2017-03-31": "$1.04", "2016-12-31": "$1.04", "2016-09-30": "$0.44", "2016-06-30": "$0.10", "2016-03-31": "$-1.74", "2015-12-31": "$-2.23", "2015-09-30": "$-2.26", "2015-06-30": "$-3.44", "2015-03-31": "$0.20", "2014-12-31": "$1.00", "2014-09-30": "$0.67", "2014-06-30": "$0.76", "2014-03-31": "$1.12", "2013-12-31": "$0.97", "2013-09-30": "$0.56", "2013-06-30": "$0.69", "2013-03-31": "$1.02", "2012-12-31": "$0.81", "2012-09-30": "$0.57", "2012-06-30": "$0.52", "2012-03-31": "$0.81", "2011-12-31": "$0.73", "2011-09-30": "$0.45", "2011-06-30": "$0.56", "2011-03-31": "$1.38", "2010-12-31": "$0.70", "2010-09-30": "$0.47", "2010-06-30": "$0.51", "2010-03-31": "$0.97", "2009-12-31": "$0.78", "2009-09-30": "$0.33", "2009-06-30": "$0.53", "2009-03-31": "$0.92", "2008-12-31": "$-0.53", "2008-09-30": "$0.53", "2008-06-30": "$0.72", "2008-03-31": "$1.11", "2007-12-31": "$0.82", "2007-09-30": "$1.85", "2007-06-30": "$0.55", "2007-03-31": "$0.92", "2006-12-31": "$0.64", "2006-09-30": "$0.03", "2006-06-30": "$0.00", "2006-03-31": "$0.91", "2005-12-31": "$0.67", "2005-09-30": "$0.57", "2005-06-30": "$0.23", "2005-03-31": "$0.83"}}, "shares-outstanding": {"National Fuel Gas Annual Shares Outstanding (Millions of Shares)": {"2020": "88", "2019": "87", "2018": "86", "2017": "86", "2016": "85", "2015": "84", "2014": "85", "2013": "84", "2012": "84", "2011": "84", "2010": "83", "2009": "81", "2008": "84", "2007": "85", "2006": "86", "2005": "85"}, "National Fuel Gas Quarterly Shares Outstanding (Millions of Shares)": {"2020-12-31": "92", "2020-09-30": "88", "2020-06-30": "88", "2020-03-31": "87", "2019-12-31": "87", "2019-09-30": "87", "2019-06-30": "87", "2019-03-31": "87", "2018-12-31": "87", "2018-09-30": "86", "2018-06-30": "87", "2018-03-31": "86", "2017-12-31": "86", "2017-09-30": "86", "2017-06-30": "86", "2017-03-31": "86", "2016-12-31": "86", "2016-09-30": "85", "2016-06-30": "85", "2016-03-31": "85", "2015-12-31": "85", "2015-09-30": "84", "2015-06-30": "85", "2015-03-31": "85", "2014-12-31": "85", "2014-09-30": "85", "2014-06-30": "85", "2014-03-31": "85", "2013-12-31": "85", "2013-09-30": "84", "2013-06-30": "84", "2013-03-31": "84", "2012-12-31": "84", "2012-09-30": "84", "2012-06-30": "84", "2012-03-31": "84", "2011-12-31": "84", "2011-09-30": "84", "2011-06-30": "84", "2011-03-31": "84", "2010-12-31": "83", "2010-09-30": "83", "2010-06-30": "83", "2010-03-31": "83", "2009-12-31": "82", "2009-09-30": "81", "2009-06-30": "80", "2009-03-31": "80", "2008-12-31": "80", "2008-09-30": "84", "2008-06-30": "84", "2008-03-31": "85", "2007-12-31": "86", "2007-09-30": "85", "2007-06-30": "86", "2007-03-31": "85", "2006-12-31": "85", "2006-09-30": "86", "2006-06-30": "86", "2006-03-31": "86", "2005-12-31": "86", "2005-09-30": "85", "2005-06-30": "85", "2005-03-31": "85"}}, "total-assets": {"National Fuel Gas Annual Total Assets (Millions of US $)": {"2020": "$6,965", "2019": "$6,462", "2018": "$6,036", "2017": "$6,103", "2016": "$5,636", "2015": "$6,565", "2014": "$6,728", "2013": "$6,218", "2012": "$5,935", "2011": "$5,221", "2010": "$5,106", "2009": "$4,769", "2008": "$4,130", "2007": "$3,888", "2006": "$3,764", "2005": "$3,725"}, "National Fuel Gas Quarterly Total Assets (Millions of US $)": {"2020-09-30": "$6,965", "2020-06-30": "$7,119", "2020-03-31": "$6,709", "2019-12-31": "$6,703", "2019-09-30": "$6,462", "2019-06-30": "$6,336", "2019-03-31": "$6,279", "2018-12-31": "$6,187", "2018-09-30": "$6,036", "2018-06-30": "$5,974", "2018-03-31": "$5,915", "2017-12-31": "$5,792", "2017-09-30": "$6,103", "2017-06-30": "$5,868", "2017-03-31": "$5,805", "2016-12-31": "$5,662", "2016-09-30": "$5,636", "2016-06-30": "$5,541", "2016-03-31": "$5,801", "2015-12-31": "$6,190", "2015-09-30": "$6,565", "2015-06-30": "$6,890", "2015-03-31": "$7,228", "2014-12-31": "$7,145", "2014-09-30": "$6,728", "2014-06-30": "$6,588", "2014-03-31": "$6,567", "2013-12-31": "$6,265", "2013-09-30": "$6,218", "2013-06-30": "$6,344", "2013-03-31": "$6,275", "2012-12-31": "$6,108", "2012-09-30": "$5,935", "2012-06-30": "$5,837", "2012-03-31": "$5,835", "2011-12-31": "$5,748", "2011-09-30": "$5,221", "2011-06-30": "$5,133", "2011-03-31": "$5,183", "2010-12-31": "$4,982", "2010-09-30": "$5,106", "2010-06-30": "$4,949", "2010-03-31": "$4,986", "2009-12-31": "$4,818", "2009-09-30": "$4,769", "2009-06-30": "$4,355", "2009-03-31": "$4,196", "2008-12-31": "$4,224", "2008-09-30": "$4,130", "2008-06-30": "$4,294", "2008-03-31": "$4,163", "2007-12-31": "$4,031", "2007-09-30": "$3,888", "2007-06-30": "$3,793", "2007-03-31": "$3,961", "2006-12-31": "$3,799", "2006-09-30": "$3,764", "2006-06-30": "$3,766", "2006-03-31": "$3,914", "2005-12-31": "$3,890", "2005-09-30": "$3,725", "2005-06-30": "$3,820", "2005-03-31": "$4,026"}}, "cash-on-hand": {"National Fuel Gas Annual Cash on Hand (Millions of US $)": {"2020": "$21", "2019": "$27", "2018": "$233", "2017": "$557", "2016": "$131", "2015": "$125", "2014": "$40", "2013": "$66", "2012": "$75", "2011": "$100", "2010": "$408", "2009": "$411", "2008": "$68", "2007": "$191", "2006": "$89", "2005": "$135"}, "National Fuel Gas Quarterly Cash on Hand (Millions of US $)": {"2020-09-30": "$21", "2020-06-30": "$564", "2020-03-31": "$122", "2019-12-31": "$45", "2019-09-30": "$27", "2019-06-30": "$94", "2019-03-31": "$103", "2018-12-31": "$113", "2018-09-30": "$233", "2018-06-30": "$316", "2018-03-31": "$232", "2017-12-31": "$171", "2017-09-30": "$557", "2017-06-30": "$287", "2017-03-31": "$233", "2016-12-31": "$136", "2016-09-30": "$131", "2016-06-30": "$109", "2016-03-31": "$104", "2015-12-31": "$46", "2015-09-30": "$125", "2015-06-30": "$321", "2015-03-31": "$85", "2014-12-31": "$57", "2014-09-30": "$40", "2014-06-30": "$103", "2014-03-31": "$151", "2013-12-31": "$24", "2013-09-30": "$66", "2013-06-30": "$135", "2013-03-31": "$113", "2012-12-31": "$61", "2012-09-30": "$75", "2012-06-30": "$144", "2012-03-31": "$211", "2011-12-31": "$249", "2011-09-30": "$100", "2011-06-30": "$223", "2011-03-31": "$207", "2010-12-31": "$111", "2010-09-30": "$408", "2010-06-30": "$469", "2010-03-31": "$442", "2009-12-31": "$407", "2009-09-30": "$411", "2009-06-30": "$442", "2009-03-31": "$108", "2008-12-31": "$140", "2008-09-30": "$68", "2008-06-30": "$290", "2008-03-31": "$219", "2007-12-31": "$192", "2007-09-30": "$191", "2007-06-30": "$66", "2007-03-31": "$124", "2006-12-31": "$57", "2006-09-30": "$89", "2006-06-30": "$136", "2006-03-31": "$115", "2005-12-31": "$103", "2005-09-30": "$135", "2005-06-30": "$62", "2005-03-31": "$123"}}, "long-term-debt": {"National Fuel Gas Annual Long Term Debt (Millions of US $)": {"2020": "$2,630", "2019": "$2,134", "2018": "$2,131", "2017": "$2,084", "2016": "$2,086", "2015": "$2,084", "2014": "$1,637", "2013": "$1,649", "2012": "$1,149", "2011": "$899", "2010": "$1,049", "2009": "$1,249", "2008": "$999", "2007": "$799", "2006": "$1,096", "2005": "$1,119"}, "National Fuel Gas Quarterly Long Term Debt (Millions of US $)": {"2020-09-30": "$2,630", "2020-06-30": "$2,629", "2020-03-31": "$2,135", "2019-12-31": "$2,134", "2019-09-30": "$2,134", "2019-06-30": "$2,133", "2019-03-31": "$2,132", "2018-12-31": "$2,132", "2018-09-30": "$2,131", "2018-06-30": "$1,836", "2018-03-31": "$2,085", "2017-12-31": "$2,084", "2017-09-30": "$2,084", "2017-06-30": "$1,788", "2017-03-31": "$2,087", "2016-12-31": "$2,087", "2016-09-30": "$2,086", "2016-06-30": "$2,086", "2016-03-31": "$2,085", "2015-12-31": "$2,085", "2015-09-30": "$2,084", "2015-06-30": "$2,099", "2015-03-31": "$1,649", "2014-12-31": "$1,649", "2014-09-30": "$1,637", "2014-06-30": "$1,649", "2014-03-31": "$1,649", "2013-12-31": "$1,649", "2013-09-30": "$1,649", "2013-06-30": "$1,649", "2013-03-31": "$1,649", "2012-12-31": "$1,149", "2012-09-30": "$1,149", "2012-06-30": "$1,149", "2012-03-31": "$1,149", "2011-12-31": "$1,399", "2011-09-30": "$899", "2011-06-30": "$899", "2011-03-31": "$899", "2010-12-31": "$899", "2010-09-30": "$1,049", "2010-06-30": "$1,049", "2010-03-31": "$1,049", "2009-12-31": "$1,049", "2009-09-30": "$1,249", "2009-06-30": "$1,249", "2009-03-31": "$999", "2008-12-31": "$999", "2008-09-30": "$999", "2008-06-30": "$999", "2008-03-31": "$899", "2007-12-31": "$799", "2007-09-30": "$799", "2007-06-30": "$799", "2007-03-31": "$999", "2006-12-31": "$1,095", "2006-09-30": "$1,096", "2006-06-30": "$1,112", "2006-03-31": "$1,114", "2005-12-31": "$1,117", "2005-09-30": "$1,119", "2005-06-30": "$1,123", "2005-03-31": "$1,126"}}, "total-liabilities": {"National Fuel Gas Annual Total Liabilities (Millions of US $)": {"2020": "$4,993", "2019": "$4,323", "2018": "$4,099", "2017": "$4,400", "2016": "$4,109", "2015": "$4,539", "2014": "$4,317", "2013": "$4,024", "2012": "$3,975", "2011": "$3,329", "2010": "$3,360", "2009": "$3,180", "2008": "$2,527", "2007": "$2,258", "2006": "$2,320", "2005": "$2,496"}, "National Fuel Gas Quarterly Total Liabilities (Millions of US $)": {"2020-09-30": "$4,993", "2020-06-30": "$4,893", "2020-03-31": "$4,629", "2019-12-31": "$4,521", "2019-09-30": "$4,323", "2019-06-30": "$4,192", "2019-03-31": "$4,188", "2018-12-31": "$4,140", "2018-09-30": "$4,099", "2018-06-30": "$4,047", "2018-03-31": "$3,995", "2017-12-31": "$3,932", "2017-09-30": "$4,400", "2017-06-30": "$4,183", "2017-03-31": "$4,153", "2016-12-31": "$4,093", "2016-09-30": "$4,109", "2016-06-30": "$4,014", "2016-03-31": "$4,179", "2015-12-31": "$4,378", "2015-09-30": "$4,539", "2015-06-30": "$4,642", "2015-03-31": "$4,629", "2014-12-31": "$4,542", "2014-09-30": "$4,317", "2014-06-30": "$4,248", "2014-03-31": "$4,268", "2013-12-31": "$4,014", "2013-09-30": "$4,024", "2013-06-30": "$4,207", "2013-03-31": "$4,233", "2012-12-31": "$4,092", "2012-09-30": "$3,975", "2012-06-30": "$3,848", "2012-03-31": "$3,869", "2011-12-31": "$3,827", "2011-09-30": "$3,329", "2011-06-30": "$3,283", "2011-03-31": "$3,367", "2010-12-31": "$3,227", "2010-09-30": "$3,360", "2010-06-30": "$3,208", "2010-03-31": "$3,277", "2009-12-31": "$3,183", "2009-09-30": "$3,180", "2009-06-30": "$2,721", "2009-03-31": "$2,559", "2008-12-31": "$2,630", "2008-09-30": "$2,527", "2008-06-30": "$2,710", "2008-03-31": "$2,534", "2007-12-31": "$2,340", "2007-09-30": "$2,258", "2007-06-30": "$2,241", "2007-03-31": "$2,455", "2006-12-31": "$2,345", "2006-09-30": "$2,320", "2006-06-30": "$2,424", "2006-03-31": "$2,531", "2005-12-31": "$2,569", "2005-09-30": "$2,496", "2005-06-30": "$2,494", "2005-03-31": "$2,696"}}, "total-share-holder-equity": {"National Fuel Gas Annual Share Holder Equity (Millions of US $)": {"2020": "$1,972", "2019": "$2,139", "2018": "$1,937", "2017": "$1,704", "2016": "$1,527", "2015": "$2,025", "2014": "$2,411", "2013": "$2,195", "2012": "$1,960", "2011": "$1,892", "2010": "$1,746", "2009": "$1,589", "2008": "$1,604", "2007": "$1,630", "2006": "$1,444", "2005": "$1,230"}, "National Fuel Gas Quarterly Share Holder Equity (Millions of US $)": {"2020-09-30": "$1,972", "2020-06-30": "$2,226", "2020-03-31": "$2,080", "2019-12-31": "$2,182", "2019-09-30": "$2,139", "2019-06-30": "$2,144", "2019-03-31": "$2,091", "2018-12-31": "$2,047", "2018-09-30": "$1,937", "2018-06-30": "$1,927", "2018-03-31": "$1,919", "2017-12-31": "$1,860", "2017-09-30": "$1,704", "2017-06-30": "$1,684", "2017-03-31": "$1,651", "2016-12-31": "$1,569", "2016-09-30": "$1,527", "2016-06-30": "$1,528", "2016-03-31": "$1,622", "2015-12-31": "$1,813", "2015-09-30": "$2,025", "2015-06-30": "$2,247", "2015-03-31": "$2,599", "2014-12-31": "$2,603", "2014-09-30": "$2,411", "2014-06-30": "$2,341", "2014-03-31": "$2,300", "2013-12-31": "$2,251", "2013-09-30": "$2,195", "2013-06-30": "$2,137", "2013-03-31": "$2,042", "2012-12-31": "$2,016", "2012-09-30": "$1,960", "2012-06-30": "$1,989", "2012-03-31": "$1,967", "2011-12-31": "$1,921", "2011-09-30": "$1,892", "2011-06-30": "$1,851", "2011-03-31": "$1,817", "2010-12-31": "$1,755", "2010-09-30": "$1,746", "2010-06-30": "$1,742", "2010-03-31": "$1,709", "2009-12-31": "$1,635", "2009-09-30": "$1,589", "2009-06-30": "$1,635", "2009-03-31": "$1,637", "2008-12-31": "$1,594", "2008-09-30": "$1,604", "2008-06-30": "$1,584", "2008-03-31": "$1,629", "2007-12-31": "$1,691", "2007-09-30": "$1,630", "2007-06-30": "$1,552", "2007-03-31": "$1,506", "2006-12-31": "$1,455", "2006-09-30": "$1,444", "2006-06-30": "$1,342", "2006-03-31": "$1,383", "2005-12-31": "$1,321", "2005-09-30": "$1,230", "2005-06-30": "$1,326", "2005-03-31": "$1,330"}}, "profit-margins": {"current": "-8.59%"}, "gross margin": {"2020-12-31": "87.56%", "2020-09-30": "84.93%", "2020-06-30": "84.33%", "2020-03-31": "83.47%", "2019-12-31": "79.42%", "2019-09-30": "77.26%", "2019-06-30": "76.55%", "2019-03-31": "76.12%", "2018-12-31": "77.03%", "2018-09-30": "78.78%", "2018-06-30": "79.01%", "2018-03-31": "79.45%", "2017-12-31": "81.04%", "2017-09-30": "82.53%", "2017-06-30": "83.28%", "2017-03-31": "84.55%", "2016-12-31": "88.27%", "2016-09-30": "89.88%", "2016-06-30": "89.60%", "2016-03-31": "89.42%", "2015-12-31": "83.62%", "2015-09-30": "80.18%", "2015-06-30": "79.58%", "2015-03-31": "77.58%", "2014-12-31": "72.93%", "2014-09-30": "71.32%", "2014-06-30": "70.70%", "2014-03-31": "70.26%", "2013-12-31": "73.69%", "2013-09-30": "74.81%", "2013-06-30": "75.00%", "2013-03-31": "76.02%", "2012-12-31": "75.47%", "2012-09-30": "74.54%", "2012-06-30": "72.73%", "2012-03-31": "69.78%", "2011-12-31": "66.02%", "2011-09-30": "64.64%", "2011-06-30": "64.02%", "2011-03-31": "64.34%", "2010-12-31": "63.01%", "2010-09-30": "62.61%", "2010-06-30": "62.39%", "2010-03-31": "61.01%", "2009-12-31": "55.77%", "2009-09-30": "51.36%", "2009-06-30": "49.47%", "2009-03-31": "47.15%", "2008-12-31": "47.02%", "2008-09-30": "48.29%", "2008-06-30": "49.57%", "2008-03-31": "49.75%", "2007-12-31": "50.26%", "2007-09-30": "50.10%", "2007-06-30": "48.06%", "2007-03-31": "48.96%", "2006-12-31": "46.85%", "2006-09-30": "43.41%", "2006-06-30": "43.33%", "2006-03-31": "43.08%", "2005-12-31": "44.95%"}, "operating margin": {"2020-12-31": "1.62%", "2020-09-30": "1.88%", "2020-06-30": "18.50%", "2020-03-31": "20.19%", "2019-12-31": "30.24%", "2019-09-30": "30.24%", "2019-06-30": "30.37%", "2019-03-31": "30.69%", "2018-12-31": "32.05%", "2018-09-30": "32.64%", "2018-06-30": "35.39%", "2018-03-31": "35.84%", "2017-12-31": "36.14%", "2017-09-30": "37.53%", "2017-06-30": "34.45%", "2017-03-31": "29.75%", "2016-12-31": "4.07%", "2016-09-30": "-28.72%", "2016-06-30": "-56.47%", "2016-03-31": "-92.76%", "2015-12-31": "-66.87%", "2015-09-30": "-34.70%", "2015-06-30": "-9.96%", "2015-03-31": "22.52%", "2014-12-31": "27.31%", "2014-09-30": "26.98%", "2014-06-30": "27.10%", "2014-03-31": "27.10%", "2013-12-31": "28.44%", "2013-09-30": "28.31%", "2013-06-30": "29.27%", "2013-03-31": "29.00%", "2012-12-31": "27.93%", "2012-09-30": "27.49%", "2012-06-30": "25.95%", "2012-03-31": "25.44%", "2011-12-31": "25.11%", "2011-09-30": "24.79%", "2011-06-30": "24.73%", "2011-03-31": "24.80%", "2010-12-31": "24.59%", "2010-09-30": "25.06%", "2010-06-30": "24.96%", "2010-03-31": "24.63%", "2009-12-31": "22.12%", "2009-09-30": "19.98%", "2009-06-30": "19.24%", "2009-03-31": "18.78%", "2008-12-31": "19.47%", "2008-09-30": "20.20%", "2008-06-30": "20.88%", "2008-03-31": "20.59%", "2007-12-31": "20.12%", "2007-09-30": "19.46%", "2007-06-30": "18.32%", "2007-03-31": "17.96%", "2006-12-31": "16.99%", "2006-09-30": "15.90%", "2006-06-30": "14.86%", "2006-03-31": "14.60%", "2005-12-31": "14.82%"}, "ebitda margin": {"2020-09-30": "21.73%", "2020-06-30": "37.98%", "2020-03-31": "39.05%", "2019-12-31": "47.66%", "2019-09-30": "46.54%", "2019-06-30": "46.00%", "2019-03-31": "45.85%", "2018-12-31": "47.02%", "2018-09-30": "47.77%", "2018-06-30": "50.09%", "2018-03-31": "50.19%", "2017-12-31": "50.41%", "2017-09-30": "51.77%", "2017-06-30": "48.64%", "2017-03-31": "44.25%", "2016-12-31": "19.73%", "2016-09-30": "-11.50%", "2016-06-30": "-38.33%", "2016-03-31": "-73.24%", "2015-12-31": "-47.95%", "2015-09-30": "-15.62%", "2015-06-30": "10.24%", "2015-03-31": "42.55%", "2014-12-31": "46.14%", "2014-09-30": "45.15%", "2014-06-30": "44.65%", "2014-03-31": "44.22%", "2013-12-31": "46.45%", "2013-09-30": "46.17%", "2013-06-30": "46.62%", "2013-03-31": "46.72%", "2012-12-31": "45.11%", "2012-09-30": "44.28%", "2012-06-30": "42.03%", "2012-03-31": "39.92%", "2011-12-31": "38.52%", "2011-09-30": "37.55%", "2011-06-30": "37.10%", "2011-03-31": "37.03%", "2010-12-31": "36.03%", "2010-09-30": "35.97%", "2010-06-30": "35.72%", "2010-03-31": "34.90%", "2009-12-31": "31.38%", "2009-09-30": "28.46%", "2009-06-30": "27.06%", "2009-03-31": "25.96%", "2008-12-31": "26.41%", "2008-09-30": "27.30%", "2008-06-30": "28.39%", "2008-03-31": "28.34%", "2007-12-31": "28.20%", "2007-09-30": "27.75%", "2007-06-30": "26.99%", "2007-03-31": "27.10%", "2006-12-31": "25.80%", "2006-09-30": "23.89%", "2006-06-30": "22.94%", "2006-03-31": "22.87%", "2005-12-31": "23.95%"}, "pre tax profit margin": {"2020-12-31": "-7.52%", "2020-09-30": "-6.79%", "2020-06-30": "10.44%", "2020-03-31": "12.18%", "2019-12-31": "23.19%", "2019-09-30": "23.04%", "2019-06-30": "22.79%", "2019-03-31": "22.81%", "2018-12-31": "23.57%", "2018-09-30": "24.04%", "2018-06-30": "24.51%", "2018-03-31": "25.31%", "2017-12-31": "26.38%", "2017-09-30": "28.10%", "2017-06-30": "27.76%", "2017-03-31": "22.95%", "2016-12-31": "-3.00%", "2016-09-30": "-36.02%", "2016-06-30": "-63.66%", "2016-03-31": "-99.45%", "2015-12-31": "-72.64%", "2015-09-30": "-39.64%", "2015-06-30": "-14.45%", "2015-03-31": "18.27%", "2014-12-31": "23.53%", "2014-09-30": "23.14%", "2014-06-30": "23.07%", "2014-03-31": "22.97%", "2013-12-31": "23.82%", "2013-09-30": "23.61%", "2013-06-30": "24.61%", "2013-03-31": "24.16%", "2012-12-31": "23.07%", "2012-09-30": "22.76%", "2012-06-30": "21.45%", "2012-03-31": "21.32%", "2011-12-31": "24.32%", "2011-09-30": "23.83%", "2011-06-30": "23.44%", "2011-03-31": "23.26%", "2010-12-31": "19.86%", "2010-09-30": "20.23%", "2010-06-30": "19.98%", "2010-03-31": "19.75%", "2009-12-31": "17.85%", "2009-09-30": "7.65%", "2009-06-30": "8.10%", "2009-03-31": "8.75%", "2008-12-31": "9.94%", "2008-09-30": "18.20%", "2008-06-30": "18.53%", "2008-03-31": "18.00%", "2007-12-31": "17.34%", "2007-09-30": "16.32%", "2007-06-30": "18.47%", "2007-03-31": "14.90%", "2006-12-31": "13.92%", "2006-09-30": "13.04%", "2006-06-30": "9.33%", "2006-03-31": "11.64%", "2005-12-31": "11.83%"}, "net profit margin": {"2020-12-31": "-8.62%", "2020-09-30": "-8.02%", "2020-06-30": "4.45%", "2020-03-31": "5.80%", "2019-12-31": "17.55%", "2019-09-30": "18.02%", "2019-06-30": "17.53%", "2019-03-31": "17.61%", "2018-12-31": "17.80%", "2018-09-30": "24.61%", "2018-06-30": "25.14%", "2018-03-31": "24.87%", "2017-12-31": "24.98%", "2017-09-30": "17.97%", "2017-06-30": "17.41%", "2017-03-31": "14.24%", "2016-12-31": "-0.87%", "2016-09-30": "-20.04%", "2016-06-30": "-35.39%", "2016-03-31": "-55.84%", "2015-12-31": "-40.51%", "2015-09-30": "-21.52%", "2015-06-30": "-7.33%", "2015-03-31": "11.62%", "2014-12-31": "14.47%", "2014-09-30": "14.15%", "2014-06-30": "13.91%", "2014-03-31": "13.57%", "2013-12-31": "14.22%", "2013-09-30": "14.21%", "2013-06-30": "14.47%", "2013-03-31": "14.53%", "2012-12-31": "13.78%", "2012-09-30": "13.53%", "2012-06-30": "13.01%", "2012-03-31": "12.84%", "2011-12-31": "14.83%", "2011-09-30": "14.56%", "2011-06-30": "14.61%", "2011-03-31": "14.63%", "2010-12-31": "12.52%", "2010-09-30": "12.78%", "2010-06-30": "12.25%", "2010-03-31": "12.15%", "2009-12-31": "10.90%", "2009-09-30": "4.87%", "2009-06-30": "5.34%", "2009-03-31": "5.65%", "2008-12-31": "6.37%", "2008-09-30": "11.23%", "2008-06-30": "16.67%", "2008-03-31": "16.83%", "2007-12-31": "16.72%", "2007-09-30": "16.57%", "2007-06-30": "9.29%", "2007-03-31": "7.01%", "2006-12-31": "6.74%", "2006-09-30": "6.16%", "2006-06-30": "8.26%", "2006-03-31": "9.16%", "2005-12-31": "9.46%"}, "pe ratio": {"current": "14.07", "2021-02-05": "0.00", "2020-12-31": "0.00", "2020-09-30": "0.00", "2020-06-30": "52.61", "2020-03-31": "34.71", "2019-12-31": "13.46", "2019-09-30": "12.75", "2019-06-30": "14.62", "2019-03-31": "16.75", "2018-12-31": "13.89", "2018-09-30": "11.35", "2018-06-30": "10.44", "2018-03-31": "10.15", "2017-12-31": "10.79", "2017-09-30": "15.26", "2017-06-30": "15.36", "2017-03-31": "19.94", "2016-12-31": "0.00", "2016-09-30": "0.00", "2016-06-30": "0.00", "2016-03-31": "0.00", "2015-12-31": "0.00", "2015-09-30": "0.00", "2015-06-30": "0.00", "2015-03-31": "18.86", "2014-12-31": "16.02", "2014-09-30": "16.17", "2014-06-30": "18.57", "2014-03-31": "16.88", "2013-12-31": "17.64", "2013-09-30": "17.77", "2013-06-30": "14.84", "2013-03-31": "16.52", "2012-12-31": "14.61", "2012-09-30": "15.94", "2012-06-30": "14.48", "2012-03-31": "14.48", "2011-12-31": "13.57", "2011-09-30": "11.92", "2011-06-30": "17.64", "2011-03-31": "18.14", "2010-12-31": "18.49", "2010-09-30": "14.09", "2010-06-30": "13.02", "2010-03-31": "14.13", "2009-12-31": "14.15", "2009-09-30": "26.39", "2009-06-30": "17.91", "2009-03-31": "13.32", "2008-12-31": "12.06", "2008-09-30": "9.22", "2008-06-30": "9.11", "2008-03-31": "7.48", "2007-12-31": "7.68", "2007-09-30": "8.00", "2007-06-30": "13.64", "2007-03-31": "18.23", "2006-12-31": "16.23"}, "price sales": {"2021-02-05": "2.42", "2020-12-31": "2.36", "2020-09-30": "2.27", "2020-06-30": "2.30", "2020-03-31": "1.97", "2019-12-31": "2.35", "2019-09-30": "2.28", "2019-06-30": "2.54", "2019-03-31": "2.94", "2018-12-31": "2.46", "2018-09-30": "2.79", "2018-06-30": "2.62", "2018-03-31": "2.51", "2017-12-31": "2.69", "2017-09-30": "2.74", "2017-06-30": "2.67", "2017-03-31": "2.84", "2016-12-31": "2.80", "2016-09-30": "2.73", "2016-06-30": "2.83", "2016-03-31": "2.47", "2015-12-31": "1.90", "2015-09-30": "2.02", "2015-06-30": "2.28", "2015-03-31": "2.20", "2014-12-31": "2.32", "2014-09-30": "2.29", "2014-06-30": "2.58", "2014-03-31": "2.29", "2013-12-31": "2.51", "2013-09-30": "2.53", "2013-06-30": "2.15", "2013-03-31": "2.40", "2012-12-31": "2.02", "2012-09-30": "2.17", "2012-06-30": "1.90", "2012-03-31": "1.87", "2011-12-31": "2.01", "2011-09-30": "1.73", "2011-06-30": "2.57", "2011-03-31": "2.63", "2010-12-31": "2.30", "2010-09-30": "1.80", "2010-06-30": "1.59", "2010-03-31": "1.71", "2009-12-31": "1.54", "2009-09-30": "1.29", "2009-06-30": "0.96", "2009-03-31": "0.75", "2008-12-31": "0.75", "2008-09-30": "1.04", "2008-06-30": "1.51", "2008-03-31": "1.25", "2007-12-31": "1.28", "2007-09-30": "1.32", "2007-06-30": "1.26", "2007-03-31": "1.27", "2006-12-31": "1.08"}, "price book": {"current": "1.95", "2021-02-05": "1.95", "2020-09-30": "1.85", "2020-06-30": "1.68", "2020-03-31": "1.50", "2019-12-31": "1.77", "2019-09-30": "1.80", "2019-06-30": "2.00", "2019-03-31": "2.34", "2018-12-31": "2.00", "2018-09-30": "2.28", "2018-06-30": "2.15", "2018-03-31": "2.08", "2017-12-31": "2.27", "2017-09-30": "2.53", "2017-06-30": "2.50", "2017-03-31": "2.70", "2016-12-31": "2.68", "2016-09-30": "2.61", "2016-06-30": "2.71", "2016-03-31": "2.23", "2015-12-31": "1.69", "2015-09-30": "1.75", "2015-06-30": "1.84", "2015-03-31": "1.62", "2014-12-31": "1.85", "2014-09-30": "1.99", "2014-06-30": "2.28", "2014-03-31": "2.06", "2013-12-31": "2.13", "2013-09-30": "2.09", "2013-06-30": "1.80", "2013-03-31": "1.98", "2012-12-31": "1.65", "2012-09-30": "1.79", "2012-06-30": "1.52", "2012-03-31": "1.56", "2011-12-31": "1.83", "2011-09-30": "1.61", "2011-06-30": "2.44", "2011-03-31": "2.51", "2010-12-31": "2.29", "2010-09-30": "1.80", "2010-06-30": "1.59", "2010-03-31": "1.75", "2009-12-31": "1.80", "2009-09-30": "1.67", "2009-06-30": "1.26", "2009-03-31": "1.05", "2008-12-31": "1.09", "2008-09-30": "1.44", "2008-06-30": "2.11", "2008-03-31": "1.62", "2007-12-31": "1.57", "2007-09-30": "1.62", "2007-06-30": "1.56", "2007-03-31": "1.59", "2006-12-31": "1.45", "2006-09-30": "1.38", "2006-06-30": "1.42", "2006-03-31": "1.28"}, "price fcf": {"2021-02-05": "", "2020-09-30": "$0.28", "2020-06-30": "$-0.07", "2020-03-31": "$-0.61", "2019-12-31": "$-0.60", "2019-09-30": "$-1.09", "2019-06-30": "$-1.15", "2019-03-31": "$-0.04", "2018-12-31": "$0.68", "2018-09-30": "$1.00", "2018-06-30": "$1.94", "2018-03-31": "$1.56", "2017-12-31": "$2.06", "2017-09-30": "$3.03", "2017-06-30": "$3.67", "2017-03-31": "$2.99", "2016-12-31": "$2.89", "2016-09-30": "$1.71", "2016-06-30": "$-0.78", "2016-03-31": "$-1.42", "2015-12-31": "$-2.02", "2015-09-30": "$-1.95", "2015-06-30": "$-1.50", "2015-03-31": "$-1.49", "2014-12-31": "$-0.50", "2014-09-30": "$-0.06", "2014-06-30": "$0.91", "2014-03-31": "$1.70", "2013-12-31": "$0.40", "2013-09-30": "$0.42", "2013-06-30": "$-0.80", "2013-03-31": "$-2.25", "2012-12-31": "$-2.86", "2012-09-30": "$-4.49", "2012-06-30": "$-4.24", "2012-03-31": "$-2.49", "2011-12-31": "$-1.72", "2011-09-30": "$-1.16", "2011-06-30": "$-0.34", "2011-03-31": "$-0.67", "2010-12-31": "$-0.84", "2010-09-30": "$0.51", "2010-06-30": "$1.40", "2010-03-31": "$2.37", "2009-12-31": "$3.62", "2009-09-30": "$3.74", "2009-06-30": "$2.67", "2009-03-31": "$1.11", "2008-12-31": "$1.19", "2008-09-30": "$1.08", "2008-06-30": "$0.93", "2008-03-31": "$1.66", "2007-12-31": "$1.76", "2007-09-30": "$1.44", "2007-06-30": "$2.21", "2007-03-31": "$2.51", "2006-12-31": "$1.82"}, "net worth": {"value": "$3.85B"}, "current ratio": {"2020-12-31": "0.50", "2020-09-30": "0.68", "2020-06-30": "2.43", "2020-03-31": "0.85", "2019-12-31": "0.79", "2019-09-30": "0.86", "2019-06-30": "1.02", "2019-03-31": "1.17", "2018-12-31": "1.25", "2018-09-30": "1.24", "2018-06-30": "0.89", "2018-03-31": "1.56", "2017-12-31": "1.43", "2017-09-30": "1.27", "2017-06-30": "0.90", "2017-03-31": "1.71", "2016-12-31": "1.53", "2016-09-30": "1.36", "2016-06-30": "1.31", "2016-03-31": "1.07", "2015-12-31": "1.03", "2015-09-30": "0.84", "2015-06-30": "1.46", "2015-03-31": "0.76", "2014-12-31": "0.79", "2014-09-30": "0.77", "2014-06-30": "1.10", "2014-03-31": "1.22", "2013-12-31": "1.26", "2013-09-30": "1.49", "2013-06-30": "1.59", "2013-03-31": "1.31", "2012-12-31": "0.51", "2012-09-30": "0.48", "2012-06-30": "0.58", "2012-03-31": "0.71", "2011-12-31": "1.40", "2011-09-30": "0.76", "2011-06-30": "1.02", "2011-03-31": "1.03", "2010-12-31": "0.99", "2010-09-30": "1.48", "2010-06-30": "1.55", "2010-03-31": "1.45", "2009-12-31": "1.60", "2009-09-30": "2.44", "2009-06-30": "2.13", "2009-03-31": "1.36", "2008-12-31": "1.24", "2008-09-30": "1.33", "2008-06-30": "1.29", "2008-03-31": "1.37", "2007-12-31": "1.34", "2007-09-30": "1.26", "2007-06-30": "0.99", "2007-03-31": "1.34", "2006-12-31": "1.68", "2006-09-30": "1.52", "2006-06-30": "1.48", "2006-03-31": "1.48", "2005-12-31": "1.40", "2005-09-30": "1.24", "2005-06-30": "0.82", "2005-03-31": "0.88"}, "quick ratio": {"2020-12-31": "0.42", "2020-09-30": "0.50", "2020-06-30": "2.24", "2020-03-31": "0.75", "2019-12-31": "0.66", "2019-09-30": "0.68", "2019-06-30": "0.88", "2019-03-31": "1.07", "2018-12-31": "1.09", "2018-09-30": "1.07", "2018-06-30": "0.81", "2018-03-31": "1.45", "2017-12-31": "1.27", "2017-09-30": "1.16", "2017-06-30": "0.81", "2017-03-31": "1.58", "2016-12-31": "1.34", "2016-09-30": "1.14", "2016-06-30": "1.13", "2016-03-31": "0.95", "2015-12-31": "0.88", "2015-09-30": "0.70", "2015-06-30": "1.34", "2015-03-31": "0.70", "2014-12-31": "0.70", "2014-09-30": "0.63", "2014-06-30": "0.99", "2014-03-31": "1.17", "2013-12-31": "1.07", "2013-09-30": "1.22", "2013-06-30": "1.39", "2013-03-31": "1.19", "2012-12-31": "0.41", "2012-09-30": "0.38", "2012-06-30": "0.50", "2012-03-31": "0.65", "2011-12-31": "1.21", "2011-09-30": "0.61", "2011-06-30": "0.91", "2011-03-31": "0.96", "2010-12-31": "0.84", "2010-09-30": "1.34", "2010-06-30": "1.43", "2010-03-31": "1.38", "2009-12-31": "1.45", "2009-09-30": "2.19", "2009-06-30": "1.99", "2009-03-31": "1.27", "2008-12-31": "1.06", "2008-09-30": "1.02", "2008-06-30": "1.16", "2008-03-31": "1.27", "2007-12-31": "1.14", "2007-09-30": "1.03", "2007-06-30": "0.87", "2007-03-31": "1.25", "2006-12-31": "1.41", "2006-09-30": "1.22", "2006-06-30": "1.27", "2006-03-31": "1.35", "2005-12-31": "1.22", "2005-09-30": "1.03", "2005-06-30": "0.68", "2005-03-31": "0.78"}, "debt equity ratio": {"current": "1.33", "2020-12-31": "2.44", "2020-09-30": "2.53", "2020-06-30": "2.20", "2020-03-31": "2.23", "2019-12-31": "2.07", "2019-09-30": "2.02", "2019-06-30": "1.96", "2019-03-31": "2.00", "2018-12-31": "2.02", "2018-09-30": "2.12", "2018-06-30": "2.10", "2018-03-31": "2.08", "2017-12-31": "2.11", "2017-09-30": "2.58", "2017-06-30": "2.48", "2017-03-31": "2.52", "2016-12-31": "2.61", "2016-09-30": "2.69", "2016-06-30": "2.63", "2016-03-31": "2.58", "2015-12-31": "2.42", "2015-09-30": "2.24", "2015-06-30": "2.07", "2015-03-31": "1.78", "2014-12-31": "1.75", "2014-09-30": "1.79", "2014-06-30": "1.82", "2014-03-31": "1.86", "2013-12-31": "1.78", "2013-09-30": "1.83", "2013-06-30": "1.97", "2013-03-31": "2.07", "2012-12-31": "2.03", "2012-09-30": "2.03", "2012-06-30": "1.93", "2012-03-31": "1.97", "2011-12-31": "1.99", "2011-09-30": "1.76", "2011-06-30": "1.77", "2011-03-31": "1.85", "2010-12-31": "1.84", "2010-09-30": "1.92", "2010-06-30": "1.84", "2010-03-31": "1.92", "2009-12-31": "1.95", "2009-09-30": "2.00", "2009-06-30": "1.66", "2009-03-31": "1.56", "2008-12-31": "1.65", "2008-09-30": "1.58", "2008-06-30": "1.71", "2008-03-31": "1.56", "2007-12-31": "1.38", "2007-09-30": "1.39", "2007-06-30": "1.44", "2007-03-31": "1.63", "2006-12-31": "1.61", "2006-09-30": "1.61", "2006-06-30": "1.81", "2006-03-31": "1.83", "2005-12-31": "1.94", "2005-09-30": "2.03", "2005-06-30": "1.88", "2005-03-31": "2.03"}, "return on equity": {"2020-12-31": "-6.39%", "2020-09-30": "-5.86%", "2020-06-30": "3.20%", "2020-03-31": "4.31%", "2019-12-31": "13.51%", "2019-09-30": "14.49%", "2019-06-30": "14.41%", "2019-03-31": "14.75%", "2018-12-31": "15.12%", "2018-09-30": "20.52%", "2018-06-30": "21.59%", "2018-03-31": "22.16%", "2017-12-31": "22.84%", "2017-09-30": "17.19%", "2017-06-30": "17.17%", "2017-03-31": "14.28%", "2016-12-31": "-0.83%", "2016-09-30": "-17.94%", "2016-06-30": "-29.59%", "2016-03-31": "-42.45%", "2015-12-31": "-30.08%", "2015-09-30": "-16.00%", "2015-06-30": "-5.44%", "2015-03-31": "9.00%", "2014-12-31": "12.51%", "2014-09-30": "12.86%", "2014-06-30": "12.77%", "2014-03-31": "12.74%", "2013-12-31": "12.71%", "2013-09-30": "12.40%", "2013-06-30": "12.80%", "2013-03-31": "12.29%", "2012-12-31": "11.45%", "2012-09-30": "11.23%", "2012-06-30": "10.71%", "2012-03-31": "11.11%", "2011-12-31": "13.96%", "2011-09-30": "14.16%", "2011-06-30": "14.51%", "2011-03-31": "14.50%", "2010-12-31": "12.66%", "2010-09-30": "13.17%", "2010-06-30": "12.82%", "2010-03-31": "13.03%", "2009-12-31": "12.75%", "2009-09-30": "6.20%", "2009-06-30": "7.17%", "2009-03-31": "8.29%", "2008-12-31": "9.67%", "2008-09-30": "16.53%", "2008-06-30": "23.51%", "2008-03-31": "22.82%", "2007-12-31": "22.20%", "2007-09-30": "22.01%", "2007-06-30": "12.22%", "2007-03-31": "9.40%", "2006-12-31": "9.67%", "2006-09-30": "10.05%", "2006-06-30": "14.03%", "2006-03-31": "15.51%", "2005-12-31": "15.06%"}, "return on assets": {"2020-12-31": "-1.91%", "2020-09-30": "-1.80%", "2020-06-30": "1.02%", "2020-03-31": "1.40%", "2019-12-31": "4.48%", "2019-09-30": "4.83%", "2019-06-30": "4.77%", "2019-03-31": "4.82%", "2018-12-31": "4.91%", "2018-09-30": "6.61%", "2018-06-30": "6.73%", "2018-03-31": "6.71%", "2017-12-31": "6.69%", "2017-09-30": "4.85%", "2017-06-30": "4.81%", "2017-03-31": "3.96%", "2016-12-31": "-0.23%", "2016-09-30": "-5.02%", "2016-06-30": "-8.58%", "2016-03-31": "-12.86%", "2015-12-31": "-9.72%", "2015-09-30": "-5.45%", "2015-06-30": "-1.91%", "2015-03-31": "3.24%", "2014-12-31": "4.47%", "2014-09-30": "4.57%", "2014-06-30": "4.52%", "2014-03-31": "4.46%", "2013-12-31": "4.37%", "2013-09-30": "4.17%", "2013-06-30": "4.23%", "2013-03-31": "4.07%", "2012-12-31": "3.83%", "2012-09-30": "3.77%", "2012-06-30": "3.67%", "2012-03-31": "3.87%", "2011-12-31": "4.90%", "2011-09-30": "5.05%", "2011-06-30": "5.10%", "2011-03-31": "5.06%", "2010-12-31": "4.39%", "2010-09-30": "4.53%", "2010-06-30": "4.38%", "2010-03-31": "4.52%", "2009-12-31": "4.57%", "2009-09-30": "2.28%", "2009-06-30": "2.74%", "2009-03-31": "3.16%", "2008-12-31": "3.69%", "2008-09-30": "6.47%", "2008-06-30": "9.38%", "2008-03-31": "9.35%", "2007-12-31": "9.03%", "2007-09-30": "8.76%", "2007-06-30": "4.75%", "2007-03-31": "3.53%", "2006-12-31": "3.57%", "2006-09-30": "3.60%", "2006-06-30": "4.84%", "2006-03-31": "5.32%", "2005-12-31": "5.07%"}, "return on investments": {"2020-12-31": "0.56%", "2020-09-30": "0.64%", "2020-06-30": "6.50%", "2020-03-31": "7.49%", "2019-12-31": "11.66%", "2019-09-30": "12.08%", "2019-06-30": "12.25%", "2019-03-31": "12.66%", "2018-12-31": "13.31%", "2018-09-30": "13.18%", "2018-06-30": "14.53%", "2018-03-31": "15.05%", "2017-12-31": "15.26%", "2017-09-30": "16.19%", "2017-06-30": "15.08%", "2017-03-31": "12.80%", "2016-12-31": "1.67%", "2016-09-30": "-11.25%", "2016-06-30": "-21.53%", "2016-03-31": "-33.85%", "2015-12-31": "-25.98%", "2015-09-30": "-14.41%", "2015-06-30": "-4.31%", "2015-03-31": "10.50%", "2014-12-31": "14.04%", "2014-09-30": "14.35%", "2014-06-30": "14.41%", "2014-03-31": "14.60%", "2013-12-31": "14.40%", "2013-09-30": "14.30%", "2013-06-30": "15.36%", "2013-03-31": "14.99%", "2012-12-31": "14.69%", "2012-09-30": "14.10%", "2012-06-30": "13.42%", "2012-03-31": "14.03%", "2011-12-31": "15.27%", "2011-09-30": "16.17%", "2011-06-30": "16.12%", "2011-03-31": "15.85%", "2010-12-31": "15.71%", "2010-09-30": "16.00%", "2010-06-30": "15.75%", "2010-03-31": "15.55%", "2009-12-31": "15.21%", "2009-09-30": "14.98%", "2009-06-30": "15.60%", "2009-03-31": "16.98%", "2008-12-31": "18.40%", "2008-09-30": "18.97%", "2008-06-30": "19.18%", "2008-03-31": "18.53%", "2007-12-31": "17.43%", "2007-09-30": "16.15%", "2007-06-30": "14.44%", "2007-03-31": "13.78%", "2006-12-31": "13.67%", "2006-09-30": "14.34%", "2006-06-30": "13.68%", "2006-03-31": "13.36%", "2005-12-31": "12.67%"}, "return on tangible equity": {"2020-09-30": "-5.88%", "2020-06-30": "3.21%", "2020-03-31": "4.32%", "2019-12-31": "13.55%", "2019-09-30": "14.53%", "2019-06-30": "14.44%", "2019-03-31": "14.79%", "2018-12-31": "15.16%", "2018-09-30": "20.57%", "2018-06-30": "21.66%", "2018-03-31": "22.23%", "2017-12-31": "22.92%", "2017-09-30": "17.25%", "2017-06-30": "17.22%", "2017-03-31": "14.33%", "2016-12-31": "-0.84%", "2016-09-30": "-18.00%", "2016-06-30": "-29.69%", "2016-03-31": "-42.57%", "2015-12-31": "-30.15%", "2015-09-30": "-16.04%", "2015-06-30": "-5.45%", "2015-03-31": "9.02%", "2014-12-31": "12.54%", "2014-09-30": "12.89%", "2014-06-30": "12.80%", "2014-03-31": "12.78%", "2013-12-31": "12.74%", "2013-09-30": "12.43%", "2013-06-30": "12.83%", "2013-03-31": "12.32%", "2012-12-31": "11.48%", "2012-09-30": "11.26%", "2012-06-30": "10.74%", "2012-03-31": "11.15%", "2011-12-31": "14.00%", "2011-09-30": "14.21%", "2011-06-30": "14.56%", "2011-03-31": "14.60%", "2010-12-31": "12.78%", "2010-09-30": "13.34%", "2010-06-30": "13.03%", "2010-03-31": "13.25%", "2009-12-31": "12.98%", "2009-09-30": "6.31%", "2009-06-30": "7.31%", "2009-03-31": "8.46%", "2008-12-31": "9.87%", "2008-09-30": "16.88%", "2008-06-30": "24.00%", "2008-03-31": "23.31%", "2007-12-31": "22.69%", "2007-09-30": "22.53%", "2007-06-30": "12.52%", "2007-03-31": "9.66%", "2006-12-31": "9.97%", "2006-09-30": "10.39%", "2006-06-30": "14.54%", "2006-03-31": "16.10%", "2005-12-31": "15.64%"}, "dividend yield history": {"last payout": "$1.78", "last yield": "4.22%"}}