{"ticker": "NNN", "price": {"title": "National Retail Properties Historical Annual Stock Price Data", "value": 40.5, "historical": {"2021": {"Average Stock Price": "39.8288", "Year Open": "39.3500", "Year High": "41.0000", "Year Low": "38.6500", "Year Close": "40.5000", "Annual % Change": "-1.03%"}, "2020": {"Average Stock Price": "38.9896", "Year Open": "52.3800", "Year High": "58.6500", "Year Low": "26.4000", "Year Close": "40.9200", "Annual % Change": "-23.69%"}, "2019": {"Average Stock Price": "53.8163", "Year Open": "47.2900", "Year High": "58.9100", "Year Low": "47.2900", "Year Close": "53.6200", "Annual % Change": "10.53%"}, "2018": {"Average Stock Price": "43.0175", "Year Open": "42.9200", "Year High": "51.1600", "Year Low": "36.5200", "Year Close": "48.5100", "Annual % Change": "12.47%"}, "2017": {"Average Stock Price": "41.8653", "Year Open": "44.3800", "Year High": "46.1300", "Year Low": "36.7200", "Year Close": "43.1300", "Annual % Change": "-2.42%"}, "2016": {"Average Stock Price": "46.2978", "Year Open": "39.5600", "Year High": "53.4600", "Year Low": "39.0000", "Year Close": "44.2000", "Annual % Change": "10.36%"}, "2015": {"Average Stock Price": "38.4903", "Year Open": "39.9000", "Year High": "44.2400", "Year Low": "33.9900", "Year Close": "40.0500", "Annual % Change": "1.73%"}, "2014": {"Average Stock Price": "35.7652", "Year Open": "30.4000", "Year High": "40.3400", "Year Low": "30.4000", "Year Close": "39.3700", "Annual % Change": "29.81%"}, "2013": {"Average Stock Price": "34.2178", "Year Open": "31.5700", "Year High": "41.8900", "Year Low": "30.0900", "Year Close": "30.3300", "Annual % Change": "-2.79%"}, "2012": {"Average Stock Price": "28.7822", "Year Open": "26.8000", "Year High": "32.2500", "Year Low": "26.1000", "Year Close": "31.2000", "Annual % Change": "18.27%"}, "2011": {"Average Stock Price": "25.5754", "Year Open": "26.7200", "Year High": "27.3000", "Year Low": "22.9200", "Year Close": "26.3800", "Annual % Change": "-0.45%"}, "2010": {"Average Stock Price": "23.6593", "Year Open": "21.3700", "Year High": "27.7300", "Year Low": "19.4500", "Year Close": "26.5000", "Annual % Change": "24.88%"}, "2009": {"Average Stock Price": "18.1193", "Year Open": "16.5000", "Year High": "22.2900", "Year Low": "12.9600", "Year Close": "21.2200", "Annual % Change": "23.44%"}, "2008": {"Average Stock Price": "20.5932", "Year Open": "23.6500", "Year High": "24.5700", "Year Low": "10.5300", "Year Close": "17.1900", "Annual % Change": "-26.48%"}, "2007": {"Average Stock Price": "23.8031", "Year Open": "23.0100", "Year High": "26.1100", "Year Low": "20.7700", "Year Close": "23.3800", "Annual % Change": "1.87%"}, "2006": {"Average Stock Price": "21.6520", "Year Open": "20.9600", "Year High": "23.9700", "Year Low": "18.9000", "Year Close": "22.9500", "Annual % Change": "12.67%"}, "2005": {"Average Stock Price": "19.6620", "Year Open": "20.3100", "Year High": "21.5300", "Year Low": "18.1600", "Year Close": "20.3700", "Annual % Change": "-1.12%"}, "2004": {"Average Stock Price": "18.2858", "Year Open": "17.7800", "Year High": "21.2000", "Year Low": "15.4900", "Year Close": "20.6000", "Annual % Change": "15.73%"}, "2003": {"Average Stock Price": "16.6199", "Year Open": "15.4300", "Year High": "18.3000", "Year Low": "14.3700", "Year Close": "17.8000", "Annual % Change": "16.11%"}, "2002": {"Average Stock Price": "14.9422", "Year Open": "13.1600", "Year High": "16.3400", "Year Low": "13.1000", "Year Close": "15.3300", "Annual % Change": "17.92%"}, "2001": {"Average Stock Price": "12.6387", "Year Open": "10.2500", "Year High": "14.2500", "Year Low": "10.2500", "Year Close": "13.0000", "Annual % Change": "27.58%"}, "2000": {"Average Stock Price": "10.4282", "Year Open": "9.6880", "Year High": "11.3100", "Year Low": "9.6880", "Year Close": "10.1900", "Annual % Change": "2.54%"}, "1999": {"Average Stock Price": "11.9478", "Year Open": "13.2500", "Year High": "13.8800", "Year Low": "9.5000", "Year Close": "9.9380", "Annual % Change": "-25.00%"}, "1998": {"Average Stock Price": "15.5216", "Year Open": "17.6300", "Year High": "18.0000", "Year Low": "12.6300", "Year Close": "13.2500", "Annual % Change": "-25.89%"}, "1997": {"Average Stock Price": "15.6662", "Year Open": "15.6300", "Year High": "18.0600", "Year Low": "14.1300", "Year Close": "17.8800", "Annual % Change": "12.59%"}, "1996": {"Average Stock Price": "13.6102", "Year Open": "12.8800", "Year High": "16.0000", "Year Low": "12.7500", "Year Close": "15.8800", "Annual % Change": "24.55%"}, "1995": {"Average Stock Price": "12.7254", "Year Open": "12.3800", "Year High": "13.5000", "Year Low": "11.7500", "Year Close": "12.7500", "Annual % Change": "4.08%"}, "1994": {"Average Stock Price": "13.4325", "Year Open": "13.7500", "Year High": "14.3800", "Year Low": "11.8800", "Year Close": "12.2500", "Annual % Change": "-10.91%"}, "1993": {"Average Stock Price": "13.4990", "Year Open": "12.1300", "Year High": "14.7500", "Year Low": "11.7500", "Year Close": "13.7500", "Annual % Change": "13.36%"}, "1992": {"Average Stock Price": "10.5419", "Year Open": "9.7500", "Year High": "12.5000", "Year Low": "9.0000", "Year Close": "12.1300", "Annual % Change": "24.41%"}, "1991": {"Average Stock Price": "8.6917", "Year Open": "8.0000", "Year High": "9.7500", "Year Low": "7.5000", "Year Close": "9.7500", "Annual % Change": "14.71%"}}}, "market cap": {"value": "$7.04B"}, "income statement": {"Revenue": {"2019-12-31": "670.48700", "2018-12-31": "622.66100", "2017-12-31": "584.93300", "2016-12-31": "533.64700", "2015-12-31": "482.91600", "2014-12-31": "434.87700", "2013-12-31": "393.52500", "2012-12-31": "351.65400", "2011-12-31": "303.82900", "2010-12-31": "255.04200", "2009-12-31": "244.42200", "2008-12-31": "231.86400", "2007-12-31": "181.16000", "2006-12-31": "172.30500", "2005-12-31": "122.80700"}, "Cost Of Goods Sold": {"2019-12-31": "27.65600", "2018-12-31": "25.09900", "2017-12-31": "23.10500", "2016-12-31": "20.85200", "2015-12-31": "19.77600", "2014-12-31": "18.93500", "2013-12-31": "18.49700", "2012-12-31": "35.96700", "2011-12-31": "60.08500", "2010-12-31": "44.82400", "2009-12-31": "28.67300", "2008-12-31": "15.03100", "2007-12-31": "9.22300", "2006-12-31": "35.21300", "2005-12-31": "17.17200"}, "Gross Profit": {"2019-12-31": "642.83100", "2018-12-31": "597.56200", "2017-12-31": "561.82800", "2016-12-31": "512.79500", "2015-12-31": "463.14000", "2014-12-31": "415.94200", "2013-12-31": "375.02800", "2012-12-31": "315.68700", "2011-12-31": "243.74400", "2010-12-31": "210.21800", "2009-12-31": "215.74900", "2008-12-31": "216.83300", "2007-12-31": "171.93700", "2006-12-31": "137.09200", "2005-12-31": "105.63500"}, "Research And Development Expenses": {"2019-12-31": "", "2018-12-31": "", "2017-12-31": "", "2016-12-31": "", "2015-12-31": "", "2014-12-31": "", "2013-12-31": "", "2012-12-31": "", "2011-12-31": "", "2010-12-31": "", "2009-12-31": "", "2008-12-31": "", "2007-12-31": "", "2006-12-31": "", "2005-12-31": ""}, "SG&A Expenses": {"2019-12-31": "37.65100", "2018-12-31": "34.24800", "2017-12-31": "33.80500", "2016-12-31": "36.50800", "2015-12-31": "34.73600", "2014-12-31": "32.51800", "2013-12-31": "31.09500", "2012-12-31": "31.82800", "2011-12-31": "28.79600", "2010-12-31": "22.76400", "2009-12-31": "21.77400", "2008-12-31": "24.87500", "2007-12-31": "23.56500", "2006-12-31": "24.00700", "2005-12-31": "22.40100"}, "Other Operating Income Or Expenses": {"2019-12-31": "0.47100", "2018-12-31": "35.84600", "2017-12-31": "19.85500", "2016-12-31": "9.06500", "2015-12-31": "-4.95100", "2014-12-31": "-1.01600", "2013-12-31": "-4.76500", "2012-12-31": "-6.71100", "2011-12-31": "0.32500", "2010-12-31": "-11.45300", "2009-12-31": "-36.57800", "2008-12-31": "-1.99200", "2007-12-31": "-1.05400", "2006-12-31": "-8.77900", "2005-12-31": "-4.05500"}, "Operating Expenses": {"2019-12-31": "253.70700", "2018-12-31": "197.89900", "2017-12-31": "210.77500", "2016-12-31": "197.39600", "2015-12-31": "194.26100", "2014-12-31": "168.63100", "2013-12-31": "153.63100", "2012-12-31": "148.31200", "2011-12-31": "145.02200", "2010-12-31": "125.92800", "2009-12-31": "134.01400", "2008-12-31": "85.56600", "2007-12-31": "65.18200", "2006-12-31": "91.29000", "2005-12-31": "59.88000"}, "Operating Income": {"2019-12-31": "416.78000", "2018-12-31": "424.76200", "2017-12-31": "374.15800", "2016-12-31": "336.25100", "2015-12-31": "288.65500", "2014-12-31": "266.24600", "2013-12-31": "239.89400", "2012-12-31": "203.34200", "2011-12-31": "158.80700", "2010-12-31": "129.11400", "2009-12-31": "110.40800", "2008-12-31": "146.29800", "2007-12-31": "115.97800", "2006-12-31": "81.01500", "2005-12-31": "62.92700"}, "Total Non-Operating Income/Expense": {"2019-12-31": "-117.17200", "2018-12-31": "-132.27700", "2017-12-31": "-108.78700", "2016-12-31": "-96.74500", "2015-12-31": "-90.82600", "2014-12-31": "-86.54400", "2013-12-31": "-85.81400", "2012-12-31": "-81.91900", "2011-12-31": "-73.93900", "2010-12-31": "-63.66600", "2009-12-31": "-60.78000", "2008-12-31": "-61.02000", "2007-12-31": "-47.09500", "2006-12-31": "-42.05600", "2005-12-31": "-31.27000"}, "Pre-Tax Income": {"2019-12-31": "299.60800", "2018-12-31": "292.48500", "2017-12-31": "265.37100", "2016-12-31": "239.50600", "2015-12-31": "197.82900", "2014-12-31": "179.70200", "2013-12-31": "154.08000", "2012-12-31": "121.42300", "2011-12-31": "84.86800", "2010-12-31": "65.44800", "2009-12-31": "49.62800", "2008-12-31": "85.27800", "2007-12-31": "68.88300", "2006-12-31": "38.95900", "2005-12-31": "31.65700"}, "Income Taxes": {"2019-12-31": "", "2018-12-31": "", "2017-12-31": "", "2016-12-31": "", "2015-12-31": "10.31800", "2014-12-31": "-0.07500", "2013-12-31": "0.07400", "2012-12-31": "-6.89100", "2011-12-31": "0.89900", "2010-12-31": "0.47500", "2009-12-31": "-1.04900", "2008-12-31": "-7.25500", "2007-12-31": "-8.30000", "2006-12-31": "-11.23100", "2005-12-31": "-2.88200"}, "Income After Taxes": {"2019-12-31": "299.60800", "2018-12-31": "292.48500", "2017-12-31": "265.37100", "2016-12-31": "239.50600", "2015-12-31": "187.51100", "2014-12-31": "179.77700", "2013-12-31": "154.00600", "2012-12-31": "128.31400", "2011-12-31": "83.96900", "2010-12-31": "64.97300", "2009-12-31": "50.67700", "2008-12-31": "92.53300", "2007-12-31": "77.18300", "2006-12-31": "50.19000", "2005-12-31": "34.53900"}, "Other Income": {"2019-12-31": "", "2018-12-31": "", "2017-12-31": "", "2016-12-31": "", "2015-12-31": "10.45000", "2014-12-31": "11.26900", "2013-12-31": "0.10700", "2012-12-31": "", "2011-12-31": "0.29700", "2010-12-31": "0.64100", "2009-12-31": "3.46900", "2008-12-31": "4.96100", "2007-12-31": "", "2006-12-31": "", "2005-12-31": ""}, "Income From Continuous Operations": {"2019-12-31": "299.60800", "2018-12-31": "292.48500", "2017-12-31": "265.37100", "2016-12-31": "239.50600", "2015-12-31": "197.96100", "2014-12-31": "191.04600", "2013-12-31": "154.11300", "2012-12-31": "132.38800", "2011-12-31": "84.74000", "2010-12-31": "66.04200", "2009-12-31": "54.56700", "2008-12-31": "97.85800", "2007-12-31": "77.23200", "2006-12-31": "60.02100", "2005-12-31": "35.61000"}, "Income From Discontinued Operations": {"2019-12-31": "", "2018-12-31": "", "2017-12-31": "", "2016-12-31": "", "2015-12-31": "", "2014-12-31": "0.12400", "2013-12-31": "5.97200", "2012-12-31": "9.54900", "2011-12-31": "7.67600", "2010-12-31": "7.31100", "2009-12-31": "1.83200", "2008-12-31": "22.11300", "2007-12-31": "78.51000", "2006-12-31": "122.48400", "2005-12-31": "39.00400"}, "Net Income": {"2019-12-31": "258.18300", "2018-12-31": "258.12000", "2017-12-31": "217.19300", "2016-12-31": "200.87700", "2015-12-31": "162.40200", "2014-12-31": "155.16700", "2013-12-31": "132.22200", "2012-12-31": "121.48900", "2011-12-31": "85.54000", "2010-12-31": "65.91300", "2009-12-31": "54.81000", "2008-12-31": "110.36800", "2007-12-31": "147.81400", "2006-12-31": "176.78700", "2005-12-31": "85.39200"}, "EBITDA": {"2019-12-31": "612.34200", "2018-12-31": "610.61300", "2017-12-31": "555.01500", "2016-12-31": "492.48700", "2015-12-31": "429.36900", "2014-12-31": "387.46700", "2013-12-31": "346.19800", "2012-12-31": "286.43800", "2011-12-31": "223.82400", "2010-12-31": "184.39200", "2009-12-31": "164.74000", "2008-12-31": "197.15300", "2007-12-31": "151.32000", "2006-12-31": "105.33100", "2005-12-31": "85.05600"}, "EBIT": {"2019-12-31": "416.78000", "2018-12-31": "424.76200", "2017-12-31": "374.15800", "2016-12-31": "336.25100", "2015-12-31": "288.65500", "2014-12-31": "266.24600", "2013-12-31": "239.89400", "2012-12-31": "203.34200", "2011-12-31": "158.80700", "2010-12-31": "129.11400", "2009-12-31": "110.40800", "2008-12-31": "146.29800", "2007-12-31": "115.97800", "2006-12-31": "81.01500", "2005-12-31": "62.92700"}, "Basic Shares Outstanding": {"2019-12-31": "164.68800", "2018-12-31": "155.74500", "2017-12-31": "149.11100", "2016-12-31": "144.17600", "2015-12-31": "133.99900", "2014-12-31": "124.25800", "2013-12-31": "118.20400", "2012-12-31": "106.96500", "2011-12-31": "88.10000", "2010-12-31": "82.71560", "2009-12-31": "79.84600", "2008-12-31": "74.24900", "2007-12-31": "66.15240", "2006-12-31": "57.42800", "2005-12-31": "52.98500"}, "Shares Outstanding": {"2019-12-31": "165.08400", "2018-12-31": "156.29600", "2017-12-31": "149.43300", "2016-12-31": "144.66100", "2015-12-31": "134.48900", "2014-12-31": "124.71000", "2013-12-31": "119.86500", "2012-12-31": "109.11800", "2011-12-31": "88.83700", "2010-12-31": "82.84940", "2009-12-31": "79.95300", "2008-12-31": "74.34400", "2007-12-31": "66.26400", "2006-12-31": "58.08000", "2005-12-31": "54.64000"}, "Basic EPS": {"2019-12-31": "1.56000", "2018-12-31": "1.65000", "2017-12-31": "1.45000", "2016-12-31": "1.39000", "2015-12-31": "1.21000", "2014-12-31": "1.24000", "2013-12-31": "1.11000", "2012-12-31": "1.13000", "2011-12-31": "0.96000", "2010-12-31": "0.80000", "2009-12-31": "0.60000", "2008-12-31": "1.48000", "2007-12-31": "2.23000", "2006-12-31": "3.08000", "2005-12-31": "1.58000"}, "EPS - Earnings Per Share": {"2019-12-31": "1.56000", "2018-12-31": "1.65000", "2017-12-31": "1.45000", "2016-12-31": "1.38000", "2015-12-31": "1.20000", "2014-12-31": "1.24000", "2013-12-31": "1.10000", "2012-12-31": "1.11000", "2011-12-31": "0.96000", "2010-12-31": "0.80000", "2009-12-31": "0.60000", "2008-12-31": "1.48000", "2007-12-31": "2.22000", "2006-12-31": "3.05000", "2005-12-31": "1.56000"}}, "income statement, quarterly": {"Revenue": {"2020-09-30": "158.63300", "2020-06-30": "163.70100", "2020-03-31": "175.06300", "2019-12-31": "173.37600", "2019-09-30": "168.60700", "2019-06-30": "164.79200", "2019-03-31": "163.71200", "2018-12-31": "158.97600", "2018-09-30": "155.33100", "2018-06-30": "155.51800", "2018-03-31": "152.83600", "2017-12-31": "150.24600", "2017-09-30": "147.70500", "2017-06-30": "145.55000", "2017-03-31": "141.43200", "2016-12-31": "141.20000", "2016-09-30": "134.54100", "2016-06-30": "130.92600", "2016-03-31": "126.98000", "2015-12-31": "126.37800", "2015-09-30": "123.14300", "2015-06-30": "117.20800", "2015-03-31": "116.18700", "2014-12-31": "115.34400", "2014-09-30": "109.85600", "2014-06-30": "105.61300", "2014-03-31": "104.06400", "2013-12-31": "103.99100", "2013-09-30": "100.77500", "2013-06-30": "96.29500", "2013-03-31": "92.46400", "2012-12-31": "89.66400", "2012-09-30": "84.39100", "2012-06-30": "88.99000", "2012-03-31": "88.60900", "2011-12-31": "80.10700", "2011-09-30": "79.02800", "2011-06-30": "74.31500", "2011-03-31": "70.37900", "2010-12-31": "55.77600", "2010-09-30": "65.52800", "2010-06-30": "70.70800", "2010-03-31": "63.03000", "2009-12-31": "63.25600", "2009-09-30": "64.79100", "2009-06-30": "58.18500", "2009-03-31": "58.19000", "2008-12-31": "58.09000", "2008-09-30": "58.49600", "2008-06-30": "56.36900", "2008-03-31": "58.90900", "2007-12-31": "48.63900", "2007-09-30": "46.56400", "2007-06-30": "44.99800", "2007-03-31": "40.95900", "2006-12-31": "49.40300", "2006-09-30": "35.54700", "2006-06-30": "35.11000", "2006-03-31": "52.24500", "2005-12-31": "30.85200", "2005-09-30": "33.60300", "2005-06-30": "30.85700", "2005-03-31": "27.49500"}, "Cost Of Goods Sold": {"2020-09-30": "6.34500", "2020-06-30": "6.32300", "2020-03-31": "7.63500", "2019-12-31": "7.25700", "2019-09-30": "6.70600", "2019-06-30": "6.60000", "2019-03-31": "7.09300", "2018-12-31": "7.65000", "2018-09-30": "5.75900", "2018-06-30": "5.82800", "2018-03-31": "5.86200", "2017-12-31": "6.46500", "2017-09-30": "5.55300", "2017-06-30": "5.42400", "2017-03-31": "5.66300", "2016-12-31": "6.55600", "2016-09-30": "4.94200", "2016-06-30": "4.56700", "2016-03-31": "4.78700", "2015-12-31": "5.57700", "2015-09-30": "4.78200", "2015-06-30": "4.65800", "2015-03-31": "4.75900", "2014-12-31": "5.26600", "2014-09-30": "4.58300", "2014-06-30": "4.74600", "2014-03-31": "4.34000", "2013-12-31": "5.62700", "2013-09-30": "4.54300", "2013-06-30": "4.36300", "2013-03-31": "3.96400", "2012-12-31": "4.96700", "2012-09-30": "3.84200", "2012-06-30": "11.52000", "2012-03-31": "15.63800", "2011-12-31": "23.99100", "2011-09-30": "15.99700", "2011-06-30": "15.67900", "2011-03-31": "12.50400", "2010-12-31": "12.88000", "2010-09-30": "11.48700", "2010-06-30": "16.36700", "2010-03-31": "10.14100", "2009-12-31": "7.28400", "2009-09-30": "11.26500", "2009-06-30": "3.10700", "2009-03-31": "3.42000", "2008-12-31": "", "2008-09-30": "2.32600", "2008-06-30": "2.24700", "2008-03-31": "7.26900", "2007-12-31": "0.92500", "2007-09-30": "1.77800", "2007-06-30": "1.93500", "2007-03-31": "2.33800", "2006-12-31": "18.05400", "2006-09-30": "1.90700", "2006-06-30": "1.42900", "2006-03-31": "11.69700", "2005-12-31": "9.52100", "2005-09-30": "3.23400", "2005-06-30": "0.99600", "2005-03-31": "1.27600"}, "Gross Profit": {"2020-09-30": "152.28800", "2020-06-30": "157.37800", "2020-03-31": "167.42800", "2019-12-31": "166.11900", "2019-09-30": "161.90100", "2019-06-30": "158.19200", "2019-03-31": "156.61900", "2018-12-31": "151.32600", "2018-09-30": "149.57200", "2018-06-30": "149.69000", "2018-03-31": "146.97400", "2017-12-31": "143.78100", "2017-09-30": "142.15200", "2017-06-30": "140.12600", "2017-03-31": "135.76900", "2016-12-31": "134.64400", "2016-09-30": "129.59900", "2016-06-30": "126.35900", "2016-03-31": "122.19300", "2015-12-31": "120.80100", "2015-09-30": "118.36100", "2015-06-30": "112.55000", "2015-03-31": "111.42800", "2014-12-31": "110.07800", "2014-09-30": "105.27300", "2014-06-30": "100.86700", "2014-03-31": "99.72400", "2013-12-31": "98.36400", "2013-09-30": "96.23200", "2013-06-30": "91.93200", "2013-03-31": "88.50000", "2012-12-31": "84.69700", "2012-09-30": "80.54900", "2012-06-30": "77.47000", "2012-03-31": "72.97100", "2011-12-31": "56.11600", "2011-09-30": "63.03100", "2011-06-30": "58.63600", "2011-03-31": "57.87500", "2010-12-31": "42.89600", "2010-09-30": "54.04100", "2010-06-30": "54.34100", "2010-03-31": "52.88900", "2009-12-31": "55.97200", "2009-09-30": "53.52600", "2009-06-30": "55.07800", "2009-03-31": "54.77000", "2008-12-31": "58.09000", "2008-09-30": "56.17000", "2008-06-30": "54.12200", "2008-03-31": "51.64000", "2007-12-31": "47.71400", "2007-09-30": "44.78600", "2007-06-30": "43.06300", "2007-03-31": "38.62100", "2006-12-31": "31.34900", "2006-09-30": "33.64000", "2006-06-30": "33.68100", "2006-03-31": "40.54800", "2005-12-31": "21.33100", "2005-09-30": "30.36900", "2005-06-30": "29.86100", "2005-03-31": "26.21900"}, "Research And Development Expenses": {"2020-09-30": "", "2020-06-30": "", "2020-03-31": "", "2019-12-31": "", "2019-09-30": "", "2019-06-30": "", "2019-03-31": "", "2018-12-31": "", "2018-09-30": "", "2018-06-30": "", "2018-03-31": "", "2017-12-31": "", "2017-09-30": "", "2017-06-30": "", "2017-03-31": "", "2016-12-31": "", "2016-09-30": "", "2016-06-30": "", "2016-03-31": "", "2015-12-31": "", "2015-09-30": "", "2015-06-30": "", "2015-03-31": "", "2014-12-31": "", "2014-09-30": "", "2014-06-30": "", "2014-03-31": "", "2013-12-31": "", "2013-09-30": "", "2013-06-30": "", "2013-03-31": "", "2012-12-31": "", "2012-09-30": "", "2012-06-30": "", "2012-03-31": "", "2011-12-31": "", "2011-09-30": "", "2011-06-30": "", "2011-03-31": "", "2010-12-31": "", "2010-09-30": "", "2010-06-30": "", "2010-03-31": "", "2009-12-31": "", "2009-09-30": "", "2009-06-30": "", "2009-03-31": "", "2008-12-31": "", "2008-09-30": "", "2008-06-30": "", "2008-03-31": "", "2007-12-31": "", "2007-09-30": "", "2007-06-30": "", "2007-03-31": "", "2006-12-31": "", "2006-09-30": "", "2006-06-30": "", "2006-03-31": "", "2005-12-31": "", "2005-09-30": "", "2005-06-30": "", "2005-03-31": ""}, "SG&A Expenses": {"2020-09-30": "9.41900", "2020-06-30": "9.39500", "2020-03-31": "10.10000", "2019-12-31": "10.12800", "2019-09-30": "8.72600", "2019-06-30": "9.27600", "2019-03-31": "9.52100", "2018-12-31": "8.00700", "2018-09-30": "8.54300", "2018-06-30": "9.00100", "2018-03-31": "8.69700", "2017-12-31": "8.71200", "2017-09-30": "7.35400", "2017-06-30": "8.82000", "2017-03-31": "8.91900", "2016-12-31": "9.40800", "2016-09-30": "9.11600", "2016-06-30": "8.73500", "2016-03-31": "9.24900", "2015-12-31": "9.65800", "2015-09-30": "8.64300", "2015-06-30": "7.83000", "2015-03-31": "8.60500", "2014-12-31": "7.71100", "2014-09-30": "8.04600", "2014-06-30": "8.05500", "2014-03-31": "8.70600", "2013-12-31": "5.88300", "2013-09-30": "7.53600", "2013-06-30": "9.41200", "2013-03-31": "8.26400", "2012-12-31": "8.54600", "2012-09-30": "8.65300", "2012-06-30": "7.02500", "2012-03-31": "7.60400", "2011-12-31": "8.53500", "2011-09-30": "7.03600", "2011-06-30": "6.56800", "2011-03-31": "6.65700", "2010-12-31": "5.48100", "2010-09-30": "5.92700", "2010-06-30": "5.77500", "2010-03-31": "5.58100", "2009-12-31": "5.74700", "2009-09-30": "4.93700", "2009-06-30": "5.78400", "2009-03-31": "5.30600", "2008-12-31": "6.03200", "2008-09-30": "5.24200", "2008-06-30": "6.04100", "2008-03-31": "7.56000", "2007-12-31": "6.06900", "2007-09-30": "5.22900", "2007-06-30": "5.94600", "2007-03-31": "6.32100", "2006-12-31": "6.03300", "2006-09-30": "4.35600", "2006-06-30": "6.77700", "2006-03-31": "6.84100", "2005-12-31": "5.41900", "2005-09-30": "6.46300", "2005-06-30": "5.73900", "2005-03-31": "4.78000"}, "Other Operating Income Or Expenses": {"2020-09-30": "-5.54700", "2020-06-30": "-21.13500", "2020-03-31": "7.22100", "2019-12-31": "-3.73500", "2019-09-30": "-8.68200", "2019-06-30": "5.74000", "2019-03-31": "7.14800", "2018-12-31": "-11.00300", "2018-09-30": "10.49100", "2018-06-30": "0.27100", "2018-03-31": "36.08700", "2017-12-31": "28.75500", "2017-09-30": "-0.30500", "2017-06-30": "-7.38900", "2017-03-31": "-1.20600", "2016-12-31": "26.84300", "2016-09-30": "-10.89500", "2016-06-30": "-6.09100", "2016-03-31": "-0.79200", "2015-12-31": "-0.75900", "2015-09-30": "-0.05000", "2015-06-30": "-3.11400", "2015-03-31": "-1.02800", "2014-12-31": "-0.19800", "2014-09-30": "-0.09800", "2014-06-30": "-0.16600", "2014-03-31": "-0.55400", "2013-12-31": "-1.20000", "2013-09-30": "-0.45100", "2013-06-30": "-0.26300", "2013-03-31": "-2.85100", "2012-12-31": "-0.90500", "2012-09-30": "-3.22300", "2012-06-30": "-2.54800", "2012-03-31": "-0.03500", "2011-12-31": "0.72100", "2011-09-30": "", "2011-06-30": "-0.26700", "2011-03-31": "-0.12900", "2010-12-31": "-7.60500", "2010-09-30": "", "2010-06-30": "-0.16500", "2010-03-31": "-3.68300", "2009-12-31": "-35.51400", "2009-09-30": "", "2009-06-30": "-1.06400", "2009-03-31": "", "2008-12-31": "-1.23400", "2008-09-30": "", "2008-06-30": "", "2008-03-31": "-0.75800", "2007-12-31": "-0.28800", "2007-09-30": "-0.76600", "2007-06-30": "", "2007-03-31": "", "2006-12-31": "-0.00100", "2006-09-30": "-6.11600", "2006-06-30": "-0.84200", "2006-03-31": "-1.82000", "2005-12-31": "-2.38300", "2005-09-30": "-0.34400", "2005-06-30": "-0.74100", "2005-03-31": "-0.58700"}, "Operating Expenses": {"2020-09-30": "70.71500", "2020-06-30": "85.78900", "2020-03-31": "59.70200", "2019-12-31": "69.22200", "2019-09-30": "72.46200", "2019-06-30": "56.37700", "2019-03-31": "55.64600", "2018-12-31": "70.77700", "2018-09-30": "46.29000", "2018-06-30": "57.86200", "2018-03-31": "22.97000", "2017-12-31": "30.26400", "2017-09-30": "61.62100", "2017-06-30": "62.95900", "2017-03-31": "55.93100", "2016-12-31": "28.10800", "2016-09-30": "63.92300", "2016-06-30": "55.88200", "2016-03-31": "49.48300", "2015-12-31": "50.84200", "2015-09-30": "47.08200", "2015-06-30": "49.80400", "2015-03-31": "46.53300", "2014-12-31": "43.55000", "2014-09-30": "42.49500", "2014-06-30": "40.97400", "2014-03-31": "41.61200", "2013-12-31": "39.89200", "2013-09-30": "38.36100", "2013-06-30": "36.58300", "2013-03-31": "38.79500", "2012-12-31": "34.53900", "2012-09-30": "32.96000", "2012-06-30": "39.77100", "2012-03-31": "41.04200", "2011-12-31": "38.21500", "2011-09-30": "37.81000", "2011-06-30": "36.27900", "2011-03-31": "32.71800", "2010-12-31": "31.25200", "2010-09-30": "29.23100", "2010-06-30": "34.23300", "2010-03-31": "31.21200", "2009-12-31": "64.29200", "2009-09-30": "27.44900", "2009-06-30": "21.12400", "2009-03-31": "21.14900", "2008-12-31": "21.92300", "2008-09-30": "19.01100", "2008-06-30": "19.07500", "2008-03-31": "25.55700", "2007-12-31": "18.45100", "2007-09-30": "15.82100", "2007-06-30": "15.45600", "2007-03-31": "15.45400", "2006-12-31": "31.82400", "2006-09-30": "18.03200", "2006-06-30": "15.83800", "2006-03-31": "25.59600", "2005-12-31": "23.81000", "2005-09-30": "14.45300", "2005-06-30": "11.34800", "2005-03-31": "10.26900"}, "Operating Income": {"2020-09-30": "87.91800", "2020-06-30": "77.91200", "2020-03-31": "115.36100", "2019-12-31": "104.15400", "2019-09-30": "96.14500", "2019-06-30": "108.41500", "2019-03-31": "108.06600", "2018-12-31": "88.19900", "2018-09-30": "109.04100", "2018-06-30": "97.65600", "2018-03-31": "129.86600", "2017-12-31": "119.98200", "2017-09-30": "86.08400", "2017-06-30": "82.59100", "2017-03-31": "85.50100", "2016-12-31": "113.09200", "2016-09-30": "70.61800", "2016-06-30": "75.04400", "2016-03-31": "77.49700", "2015-12-31": "75.53600", "2015-09-30": "76.06100", "2015-06-30": "67.40400", "2015-03-31": "69.65400", "2014-12-31": "71.79400", "2014-09-30": "67.36100", "2014-06-30": "64.63900", "2014-03-31": "62.45200", "2013-12-31": "64.09900", "2013-09-30": "62.41400", "2013-06-30": "59.71200", "2013-03-31": "53.66900", "2012-12-31": "55.12500", "2012-09-30": "51.43100", "2012-06-30": "49.21900", "2012-03-31": "47.56700", "2011-12-31": "41.89200", "2011-09-30": "41.21800", "2011-06-30": "38.03600", "2011-03-31": "37.66100", "2010-12-31": "24.52400", "2010-09-30": "36.29700", "2010-06-30": "36.47500", "2010-03-31": "31.81800", "2009-12-31": "-1.03600", "2009-09-30": "37.34200", "2009-06-30": "37.06100", "2009-03-31": "37.04100", "2008-12-31": "36.16700", "2008-09-30": "39.48500", "2008-06-30": "37.29400", "2008-03-31": "33.35200", "2007-12-31": "30.18800", "2007-09-30": "30.74300", "2007-06-30": "29.54200", "2007-03-31": "25.50500", "2006-12-31": "17.57900", "2006-09-30": "17.51500", "2006-06-30": "19.27200", "2006-03-31": "26.64900", "2005-12-31": "7.04200", "2005-09-30": "19.15000", "2005-06-30": "19.50900", "2005-03-31": "17.22600"}, "Total Non-Operating Income/Expense": {"2020-09-30": "-31.85000", "2020-06-30": "-31.64700", "2020-03-31": "-50.18500", "2019-12-31": "-30.36800", "2019-09-30": "-29.44700", "2019-06-30": "-29.32400", "2019-03-31": "-28.03300", "2018-12-31": "-51.62800", "2018-09-30": "-26.99900", "2018-06-30": "-27.07300", "2018-03-31": "-26.57700", "2017-12-31": "-26.93300", "2017-09-30": "-28.14000", "2017-06-30": "-27.23700", "2017-03-31": "-26.47700", "2016-12-31": "-24.40900", "2016-09-30": "-24.35100", "2016-06-30": "-24.28900", "2016-03-31": "-23.69600", "2015-12-31": "-24.53800", "2015-09-30": "-22.17500", "2015-06-30": "-21.73900", "2015-03-31": "-22.37400", "2014-12-31": "-21.91900", "2014-09-30": "-22.51500", "2014-06-30": "-21.68600", "2014-03-31": "-20.42400", "2013-12-31": "-21.63300", "2013-09-30": "-19.40300", "2013-06-30": "-23.15200", "2013-03-31": "-21.62600", "2012-12-31": "-21.40600", "2012-09-30": "-21.84500", "2012-06-30": "-19.20800", "2012-03-31": "-19.46000", "2011-12-31": "-19.76100", "2011-09-30": "-19.62900", "2011-06-30": "-17.22900", "2011-03-31": "-17.32000", "2010-12-31": "-16.36300", "2010-09-30": "-16.16900", "2010-06-30": "-15.39700", "2010-03-31": "-15.73700", "2009-12-31": "-15.38000", "2009-09-30": "-15.29600", "2009-06-30": "-15.02000", "2009-03-31": "-15.08400", "2008-12-31": "-14.46700", "2008-09-30": "-15.51100", "2008-06-30": "-15.27300", "2008-03-31": "-15.76900", "2007-12-31": "-14.83900", "2007-09-30": "-11.04000", "2007-06-30": "-11.41800", "2007-03-31": "-9.79800", "2006-12-31": "-9.66900", "2006-09-30": "-10.94500", "2006-06-30": "-10.17700", "2006-03-31": "-11.26500", "2005-12-31": "-9.47000", "2005-09-30": "-8.30300", "2005-06-30": "-7.25800", "2005-03-31": "-6.23900"}, "Pre-Tax Income": {"2020-09-30": "56.06800", "2020-06-30": "46.26500", "2020-03-31": "65.17600", "2019-12-31": "73.78600", "2019-09-30": "66.69800", "2019-06-30": "79.09100", "2019-03-31": "80.03300", "2018-12-31": "36.57100", "2018-09-30": "82.04200", "2018-06-30": "70.58300", "2018-03-31": "103.28900", "2017-12-31": "93.04900", "2017-09-30": "57.94400", "2017-06-30": "55.35400", "2017-03-31": "59.02400", "2016-12-31": "88.68300", "2016-09-30": "46.26700", "2016-06-30": "50.75500", "2016-03-31": "53.80100", "2015-12-31": "50.99800", "2015-09-30": "53.88600", "2015-06-30": "45.66500", "2015-03-31": "47.28000", "2014-12-31": "49.87500", "2014-09-30": "44.84600", "2014-06-30": "42.95300", "2014-03-31": "42.02800", "2013-12-31": "42.46600", "2013-09-30": "43.01100", "2013-06-30": "36.56000", "2013-03-31": "32.04300", "2012-12-31": "33.71900", "2012-09-30": "29.58600", "2012-06-30": "30.01100", "2012-03-31": "28.10700", "2011-12-31": "22.13100", "2011-09-30": "21.58900", "2011-06-30": "20.80700", "2011-03-31": "20.34100", "2010-12-31": "8.16100", "2010-09-30": "20.12800", "2010-06-30": "21.07800", "2010-03-31": "16.08100", "2009-12-31": "-16.41600", "2009-09-30": "22.04600", "2009-06-30": "22.04100", "2009-03-31": "21.95700", "2008-12-31": "21.70000", "2008-09-30": "23.97400", "2008-06-30": "22.02100", "2008-03-31": "17.58300", "2007-12-31": "15.34900", "2007-09-30": "19.70300", "2007-06-30": "18.12400", "2007-03-31": "15.70700", "2006-12-31": "7.91000", "2006-09-30": "6.57000", "2006-06-30": "9.09500", "2006-03-31": "15.38400", "2005-12-31": "-2.42800", "2005-09-30": "10.84700", "2005-06-30": "12.25100", "2005-03-31": "10.98700"}, "Income Taxes": {"2020-09-30": "", "2020-06-30": "", "2020-03-31": "", "2019-12-31": "", "2019-09-30": "", "2019-06-30": "", "2019-03-31": "", "2018-12-31": "", "2018-09-30": "", "2018-06-30": "", "2018-03-31": "", "2017-12-31": "", "2017-09-30": "", "2017-06-30": "", "2017-03-31": "", "2016-12-31": "", "2016-09-30": "", "2016-06-30": "", "2016-03-31": "", "2015-12-31": "9.82600", "2015-09-30": "0.54500", "2015-06-30": "-0.49500", "2015-03-31": "0.44200", "2014-12-31": "-0.79500", "2014-09-30": "0.37200", "2014-06-30": "0.44100", "2014-03-31": "-0.09300", "2013-12-31": "0.22500", "2013-09-30": "0.21900", "2013-06-30": "0.46000", "2013-03-31": "-0.83000", "2012-12-31": "0.27600", "2012-09-30": "-7.43800", "2012-06-30": "0.15600", "2012-03-31": "0.11500", "2011-12-31": "0.64000", "2011-09-30": "0.06800", "2011-06-30": "0.21000", "2011-03-31": "-0.01900", "2010-12-31": "-0.02200", "2010-09-30": "0.17000", "2010-06-30": "0.22300", "2010-03-31": "0.10400", "2009-12-31": "0.08100", "2009-09-30": "-0.28100", "2009-06-30": "-0.42400", "2009-03-31": "-0.42500", "2008-12-31": "-1.18300", "2008-09-30": "-1.65300", "2008-06-30": "-1.76700", "2008-03-31": "-2.65200", "2007-12-31": "-1.59800", "2007-09-30": "-1.48800", "2007-06-30": "-2.42100", "2007-03-31": "-2.79300", "2006-12-31": "-2.74200", "2006-09-30": "-3.19500", "2006-06-30": "-3.43500", "2006-03-31": "-1.85900", "2005-12-31": "-1.50400", "2005-09-30": "-0.43200", "2005-06-30": "-0.34300", "2005-03-31": "-0.60300"}, "Income After Taxes": {"2020-09-30": "56.06800", "2020-06-30": "46.26500", "2020-03-31": "65.17600", "2019-12-31": "73.78600", "2019-09-30": "66.69800", "2019-06-30": "79.09100", "2019-03-31": "80.03300", "2018-12-31": "36.57100", "2018-09-30": "82.04200", "2018-06-30": "70.58300", "2018-03-31": "103.28900", "2017-12-31": "93.04900", "2017-09-30": "57.94400", "2017-06-30": "55.35400", "2017-03-31": "59.02400", "2016-12-31": "88.68300", "2016-09-30": "46.26700", "2016-06-30": "50.75500", "2016-03-31": "53.80100", "2015-12-31": "41.17200", "2015-09-30": "53.34100", "2015-06-30": "46.16000", "2015-03-31": "46.83800", "2014-12-31": "50.67000", "2014-09-30": "44.47400", "2014-06-30": "42.51200", "2014-03-31": "42.12100", "2013-12-31": "42.24100", "2013-09-30": "42.79200", "2013-06-30": "36.10000", "2013-03-31": "32.87300", "2012-12-31": "33.44300", "2012-09-30": "37.02400", "2012-06-30": "29.85500", "2012-03-31": "27.99200", "2011-12-31": "21.49100", "2011-09-30": "21.52100", "2011-06-30": "20.59700", "2011-03-31": "20.36000", "2010-12-31": "8.18300", "2010-09-30": "19.95800", "2010-06-30": "20.85500", "2010-03-31": "15.97700", "2009-12-31": "-16.49700", "2009-09-30": "22.32700", "2009-06-30": "22.46500", "2009-03-31": "22.38200", "2008-12-31": "22.88300", "2008-09-30": "25.62700", "2008-06-30": "23.78800", "2008-03-31": "20.23500", "2007-12-31": "16.94700", "2007-09-30": "21.19100", "2007-06-30": "20.54500", "2007-03-31": "18.50000", "2006-12-31": "10.65200", "2006-09-30": "9.76500", "2006-06-30": "12.53000", "2006-03-31": "17.24300", "2005-12-31": "-0.92400", "2005-09-30": "11.27900", "2005-06-30": "12.59400", "2005-03-31": "11.59000"}, "Other Income": {"2020-09-30": "", "2020-06-30": "", "2020-03-31": "", "2019-12-31": "", "2019-09-30": "", "2019-06-30": "", "2019-03-31": "", "2018-12-31": "", "2018-09-30": "", "2018-06-30": "", "2018-03-31": "", "2017-12-31": "", "2017-09-30": "3.18500", "2017-06-30": "3.05500", "2017-03-31": "14.62400", "2016-12-31": "", "2016-09-30": "4.50500", "2016-06-30": "1.17800", "2016-03-31": "16.87500", "2015-12-31": "1.30600", "2015-09-30": "1.91400", "2015-06-30": "0.03000", "2015-03-31": "7.20000", "2014-12-31": "3.10300", "2014-09-30": "3.35600", "2014-06-30": "3.05400", "2014-03-31": "1.75600", "2013-12-31": "", "2013-09-30": "", "2013-06-30": "", "2013-03-31": "", "2012-12-31": "", "2012-09-30": "", "2012-06-30": "", "2012-03-31": "", "2011-12-31": "", "2011-09-30": "", "2011-06-30": "", "2011-03-31": "", "2010-12-31": "", "2010-09-30": "", "2010-06-30": "", "2010-03-31": "", "2009-12-31": "7.85300", "2009-09-30": "", "2009-06-30": "-6.80200", "2009-03-31": "2.41800", "2008-12-31": "", "2008-09-30": "", "2008-06-30": "", "2008-03-31": "", "2007-12-31": "", "2007-09-30": "", "2007-06-30": "", "2007-03-31": "", "2006-12-31": "", "2006-09-30": "", "2006-06-30": "", "2006-03-31": "", "2005-12-31": "", "2005-09-30": "", "2005-06-30": "", "2005-03-31": ""}, "Income From Continuous Operations": {"2020-09-30": "56.06800", "2020-06-30": "46.26500", "2020-03-31": "65.17600", "2019-12-31": "73.78600", "2019-09-30": "66.69800", "2019-06-30": "79.09100", "2019-03-31": "80.03300", "2018-12-31": "36.57100", "2018-09-30": "82.04200", "2018-06-30": "70.58300", "2018-03-31": "103.28900", "2017-12-31": "72.18500", "2017-09-30": "61.12900", "2017-06-30": "58.40900", "2017-03-31": "73.64800", "2016-12-31": "66.12500", "2016-09-30": "50.77200", "2016-06-30": "51.93300", "2016-03-31": "70.67600", "2015-12-31": "42.47800", "2015-09-30": "55.25500", "2015-06-30": "46.19000", "2015-03-31": "54.03800", "2014-12-31": "53.77300", "2014-09-30": "47.83000", "2014-06-30": "45.56600", "2014-03-31": "43.87700", "2013-12-31": "42.34800", "2013-09-30": "42.79200", "2013-06-30": "36.10000", "2013-03-31": "32.87300", "2012-12-31": "33.44300", "2012-09-30": "40.79300", "2012-06-30": "30.01000", "2012-03-31": "28.14200", "2011-12-31": "21.94000", "2011-09-30": "21.63000", "2011-06-30": "20.70100", "2011-03-31": "20.46900", "2010-12-31": "8.93200", "2010-09-30": "20.06500", "2010-06-30": "20.96300", "2010-03-31": "16.08200", "2009-12-31": "-8.53800", "2009-09-30": "22.43200", "2009-06-30": "15.77000", "2009-03-31": "24.90300", "2008-12-31": "27.92800", "2008-09-30": "25.72700", "2008-06-30": "23.88900", "2008-03-31": "20.31400", "2007-12-31": "16.75200", "2007-09-30": "21.09800", "2007-06-30": "20.69300", "2007-03-31": "18.68900", "2006-12-31": "22.11000", "2006-09-30": "11.23500", "2006-06-30": "12.57400", "2006-03-31": "14.10200", "2005-12-31": "-1.38500", "2005-09-30": "11.61300", "2005-06-30": "12.69600", "2005-03-31": "12.68600"}, "Income From Discontinued Operations": {"2020-09-30": "", "2020-06-30": "", "2020-03-31": "", "2019-12-31": "", "2019-09-30": "", "2019-06-30": "", "2019-03-31": "", "2018-12-31": "", "2018-09-30": "", "2018-06-30": "", "2018-03-31": "", "2017-12-31": "", "2017-09-30": "", "2017-06-30": "", "2017-03-31": "", "2016-12-31": "", "2016-09-30": "", "2016-06-30": "", "2016-03-31": "", "2015-12-31": "", "2015-09-30": "", "2015-06-30": "", "2015-03-31": "", "2014-12-31": "0.00000", "2014-09-30": "0.14200", "2014-06-30": "0.01800", "2014-03-31": "-0.03600", "2013-12-31": "1.88600", "2013-09-30": "1.55000", "2013-06-30": "1.50600", "2013-03-31": "1.03000", "2012-12-31": "7.20400", "2012-09-30": "-2.80300", "2012-06-30": "3.46600", "2012-03-31": "1.68200", "2011-12-31": "5.74600", "2011-09-30": "0.97800", "2011-06-30": "0.56800", "2011-03-31": "0.38400", "2010-12-31": "5.27900", "2010-09-30": "1.12900", "2010-06-30": "0.68700", "2010-03-31": "0.21600", "2009-12-31": "-2.89800", "2009-09-30": "0.36400", "2009-06-30": "2.49500", "2009-03-31": "1.87100", "2008-12-31": "2.81600", "2008-09-30": "3.16400", "2008-06-30": "5.22200", "2008-03-31": "10.91100", "2007-12-31": "16.24500", "2007-09-30": "26.28800", "2007-06-30": "27.96200", "2007-03-31": "8.01500", "2006-12-31": "35.29100", "2006-09-30": "10.22000", "2006-06-30": "67.62700", "2006-03-31": "9.34600", "2005-12-31": "16.57700", "2005-09-30": "4.91700", "2005-06-30": "4.19200", "2005-03-31": "13.31800"}, "Net Income": {"2020-09-30": "51.58400", "2020-06-30": "41.78000", "2020-03-31": "60.69300", "2019-12-31": "58.53400", "2019-09-30": "58.11100", "2019-06-30": "70.09700", "2019-03-31": "71.44100", "2018-12-31": "27.98000", "2018-09-30": "73.45000", "2018-06-30": "61.99200", "2018-03-31": "94.69800", "2017-12-31": "63.58600", "2017-09-30": "52.53800", "2017-06-30": "49.44700", "2017-03-31": "51.62200", "2016-12-31": "54.04400", "2016-09-30": "41.92500", "2016-06-30": "43.08400", "2016-03-31": "61.82400", "2015-12-31": "33.61400", "2015-09-30": "46.33900", "2015-06-30": "37.33000", "2015-03-31": "45.11900", "2014-12-31": "44.89900", "2014-09-30": "39.08100", "2014-06-30": "36.71300", "2014-03-31": "34.47400", "2013-12-31": "35.38400", "2013-09-30": "34.81000", "2013-06-30": "32.72400", "2013-03-31": "29.30400", "2012-12-31": "35.90200", "2012-09-30": "33.25300", "2012-06-30": "27.57900", "2012-03-31": "24.75500", "2011-12-31": "26.03400", "2011-09-30": "20.77500", "2011-06-30": "19.60700", "2011-03-31": "19.12400", "2010-12-31": "12.22000", "2010-09-30": "19.51400", "2010-06-30": "19.51000", "2010-03-31": "14.66900", "2009-12-31": "-7.43900", "2009-09-30": "20.74700", "2009-06-30": "16.39400", "2009-03-31": "25.10800", "2008-12-31": "25.18500", "2008-09-30": "27.07000", "2008-06-30": "27.57000", "2008-03-31": "30.54300", "2007-12-31": "30.15700", "2007-09-30": "45.69000", "2007-06-30": "46.95900", "2007-03-31": "25.00800", "2006-12-31": "55.10800", "2006-09-30": "20.45300", "2006-06-30": "79.19900", "2006-03-31": "22.02700", "2005-12-31": "18.42700", "2005-09-30": "15.11000", "2005-06-30": "27.27200", "2005-03-31": "24.58300"}, "EBITDA": {"2020-09-30": "139.40400", "2020-06-30": "128.86800", "2020-03-31": "168.62400", "2019-12-31": "153.95200", "2019-09-30": "146.17300", "2019-06-30": "156.32400", "2019-03-31": "155.89300", "2018-12-31": "138.15700", "2018-09-30": "153.41600", "2018-06-30": "142.82600", "2018-03-31": "176.21400", "2017-12-31": "165.69090", "2017-09-30": "136.29700", "2017-06-30": "125.66100", "2017-03-31": "127.36600", "2016-12-31": "153.91200", "2016-09-30": "111.38100", "2016-06-30": "113.30400", "2016-03-31": "113.89000", "2015-12-31": "112.09400", "2015-09-30": "111.08400", "2015-06-30": "103.00800", "2015-03-31": "103.18300", "2014-12-31": "103.54800", "2014-09-30": "98.52000", "2014-06-30": "93.85700", "2014-03-31": "91.54200", "2013-12-31": "92.36900", "2013-09-30": "89.48300", "2013-06-30": "84.56300", "2013-03-31": "79.78300", "2012-12-31": "76.99100", "2012-09-30": "72.78600", "2012-06-30": "69.59400", "2012-03-31": "67.06700", "2011-12-31": "59.12200", "2011-09-30": "58.07700", "2011-06-30": "53.68300", "2011-03-31": "52.94200", "2010-12-31": "38.96500", "2010-09-30": "49.89400", "2010-06-30": "50.16000", "2010-03-31": "45.37300", "2009-12-31": "13.22600", "2009-09-30": "50.31300", "2009-06-30": "50.71400", "2009-03-31": "50.48700", "2008-12-31": "50.16900", "2008-09-30": "52.64600", "2008-06-30": "49.94300", "2008-03-31": "44.39500", "2007-12-31": "42.65700", "2007-09-30": "38.99600", "2007-06-30": "37.24800", "2007-03-31": "32.41900", "2006-12-31": "24.19800", "2006-09-30": "23.15600", "2006-06-30": "24.77700", "2006-03-31": "33.20000", "2005-12-31": "13.44700", "2005-09-30": "25.57000", "2005-06-30": "24.28200", "2005-03-31": "21.75700"}, "EBIT": {"2020-09-30": "87.91800", "2020-06-30": "77.91200", "2020-03-31": "115.36100", "2019-12-31": "104.15400", "2019-09-30": "96.14500", "2019-06-30": "108.41500", "2019-03-31": "108.06600", "2018-12-31": "88.19900", "2018-09-30": "109.04100", "2018-06-30": "97.65600", "2018-03-31": "129.86600", "2017-12-31": "119.98200", "2017-09-30": "86.08400", "2017-06-30": "82.59100", "2017-03-31": "85.50100", "2016-12-31": "113.09200", "2016-09-30": "70.61800", "2016-06-30": "75.04400", "2016-03-31": "77.49700", "2015-12-31": "75.53600", "2015-09-30": "76.06100", "2015-06-30": "67.40400", "2015-03-31": "69.65400", "2014-12-31": "71.79400", "2014-09-30": "67.36100", "2014-06-30": "64.63900", "2014-03-31": "62.45200", "2013-12-31": "64.09900", "2013-09-30": "62.41400", "2013-06-30": "59.71200", "2013-03-31": "53.66900", "2012-12-31": "55.12500", "2012-09-30": "51.43100", "2012-06-30": "49.21900", "2012-03-31": "47.56700", "2011-12-31": "41.89200", "2011-09-30": "41.21800", "2011-06-30": "38.03600", "2011-03-31": "37.66100", "2010-12-31": "24.52400", "2010-09-30": "36.29700", "2010-06-30": "36.47500", "2010-03-31": "31.81800", "2009-12-31": "-1.03600", "2009-09-30": "37.34200", "2009-06-30": "37.06100", "2009-03-31": "37.04100", "2008-12-31": "36.16700", "2008-09-30": "39.48500", "2008-06-30": "37.29400", "2008-03-31": "33.35200", "2007-12-31": "30.18800", "2007-09-30": "30.74300", "2007-06-30": "29.54200", "2007-03-31": "25.50500", "2006-12-31": "17.57900", "2006-09-30": "17.51500", "2006-06-30": "19.27200", "2006-03-31": "26.64900", "2005-12-31": "7.04200", "2005-09-30": "19.15000", "2005-06-30": "19.50900", "2005-03-31": "17.22600"}, "Basic Shares Outstanding": {"2020-09-30": "172.68100", "2020-06-30": "171.38900", "2020-03-31": "171.03900", "2019-12-31": "164.68800", "2019-09-30": "164.88400", "2019-06-30": "161.89300", "2019-03-31": "161.10500", "2018-12-31": "155.74500", "2018-09-30": "156.85300", "2018-06-30": "153.81100", "2018-03-31": "153.04100", "2017-12-31": "149.11100", "2017-09-30": "149.34100", "2017-06-30": "148.37250", "2017-03-31": "146.93000", "2016-12-31": "144.17600", "2016-09-30": "146.11100", "2016-06-30": "143.44300", "2016-03-31": "140.84000", "2015-12-31": "133.99900", "2015-09-30": "133.89300", "2015-06-30": "133.26700", "2015-03-31": "131.66500", "2014-12-31": "124.25800", "2014-09-30": "124.55400", "2014-06-30": "122.49000", "2014-03-31": "121.57600", "2013-12-31": "118.20400", "2013-09-30": "120.28800", "2013-06-30": "117.81300", "2013-03-31": "113.49100", "2012-12-31": "106.96500", "2012-09-30": "107.48800", "2012-06-30": "105.99200", "2012-03-31": "104.84090", "2011-12-31": "88.10000", "2011-09-30": "87.10940", "2011-06-30": "84.41000", "2011-03-31": "83.12300", "2010-12-31": "82.71560", "2010-09-30": "82.77900", "2010-06-30": "82.69500", "2010-03-31": "82.32100", "2009-12-31": "79.84600", "2009-09-30": "80.34400", "2009-06-30": "79.16300", "2009-03-31": "78.16600", "2008-12-31": "74.24900", "2008-09-30": "73.71700", "2008-06-30": "73.07000", "2008-03-31": "72.31500", "2007-12-31": "66.15240", "2007-09-30": "66.79600", "2007-06-30": "66.43200", "2007-03-31": "60.33300", "2006-12-31": "57.42800", "2006-09-30": "57.99900", "2006-06-30": "57.25900", "2006-03-31": "55.40800", "2005-12-31": "52.98500", "2005-09-30": "53.65200", "2005-06-30": "52.16400", "2005-03-31": "51.86800"}, "Shares Outstanding": {"2020-09-30": "172.78200", "2020-06-30": "171.48500", "2020-03-31": "171.23200", "2019-12-31": "165.08400", "2019-09-30": "165.36200", "2019-06-30": "162.35200", "2019-03-31": "161.61400", "2018-12-31": "156.29600", "2018-09-30": "157.28600", "2018-06-30": "154.20400", "2018-03-31": "153.39300", "2017-12-31": "149.43300", "2017-09-30": "149.66760", "2017-06-30": "148.71950", "2017-03-31": "147.28000", "2016-12-31": "144.66100", "2016-09-30": "146.68200", "2016-06-30": "143.97700", "2016-03-31": "141.32600", "2015-12-31": "134.48900", "2015-09-30": "134.24600", "2015-06-30": "133.60100", "2015-03-31": "132.11000", "2014-12-31": "124.71000", "2014-09-30": "125.04500", "2014-06-30": "122.83300", "2014-03-31": "121.86700", "2013-12-31": "119.86500", "2013-09-30": "121.23000", "2013-06-30": "120.86600", "2013-03-31": "115.85000", "2012-12-31": "109.11800", "2012-09-30": "110.34000", "2012-06-30": "107.45900", "2012-03-31": "106.21140", "2011-12-31": "88.83700", "2011-09-30": "87.78830", "2011-06-30": "84.72600", "2011-03-31": "83.57000", "2010-12-31": "82.84940", "2010-09-30": "82.91500", "2010-06-30": "82.82500", "2010-03-31": "82.44600", "2009-12-31": "79.95300", "2009-09-30": "80.45500", "2009-06-30": "79.26500", "2009-03-31": "78.25400", "2008-12-31": "74.34400", "2008-09-30": "73.81800", "2008-06-30": "73.16900", "2008-03-31": "72.44700", "2007-12-31": "66.26400", "2007-09-30": "67.02900", "2007-06-30": "66.66400", "2007-03-31": "60.47200", "2006-12-31": "58.08000", "2006-09-30": "58.22500", "2006-06-30": "57.78500", "2006-03-31": "56.95700", "2005-12-31": "54.64000", "2005-09-30": "53.90100", "2005-06-30": "53.91400", "2005-03-31": "53.53900"}, "Basic EPS": {"2020-09-30": "0.30000", "2020-06-30": "0.24000", "2020-03-31": "0.35000", "2019-12-31": "0.34000", "2019-09-30": "0.35000", "2019-06-30": "0.43000", "2019-03-31": "0.44000", "2018-12-31": "0.16000", "2018-09-30": "0.47000", "2018-06-30": "0.40000", "2018-03-31": "0.62000", "2017-12-31": "0.42000", "2017-09-30": "0.35000", "2017-06-30": "0.33000", "2017-03-31": "0.35000", "2016-12-31": "0.36000", "2016-09-30": "0.29000", "2016-06-30": "0.30000", "2016-03-31": "0.44000", "2015-12-31": "0.25000", "2015-09-30": "0.34000", "2015-06-30": "0.28000", "2015-03-31": "0.34000", "2014-12-31": "0.35000", "2014-09-30": "0.31000", "2014-06-30": "0.30000", "2014-03-31": "0.28000", "2013-12-31": "0.28000", "2013-09-30": "0.29000", "2013-06-30": "0.28000", "2013-03-31": "0.26000", "2012-12-31": "0.33000", "2012-09-30": "0.31000", "2012-06-30": "0.26000", "2012-03-31": "0.23000", "2011-12-31": "0.26000", "2011-09-30": "0.24000", "2011-06-30": "0.23000", "2011-03-31": "0.23000", "2010-12-31": "0.16000", "2010-09-30": "0.23000", "2010-06-30": "0.23000", "2010-03-31": "0.18000", "2009-12-31": "-0.18000", "2009-09-30": "0.26000", "2009-06-30": "0.20000", "2009-03-31": "0.32000", "2008-12-31": "0.31000", "2008-09-30": "0.37000", "2008-06-30": "0.38000", "2008-03-31": "0.42000", "2007-12-31": "0.43000", "2007-09-30": "0.68000", "2007-06-30": "0.71000", "2007-03-31": "0.41000", "2006-12-31": "0.95000", "2006-09-30": "0.35000", "2006-06-30": "1.38000", "2006-03-31": "0.40000", "2005-12-31": "0.31000", "2005-09-30": "0.28000", "2005-06-30": "0.52000", "2005-03-31": "0.47000"}, "EPS - Earnings Per Share": {"2020-09-30": "0.30000", "2020-06-30": "0.24000", "2020-03-31": "0.35000", "2019-12-31": "0.34000", "2019-09-30": "0.35000", "2019-06-30": "0.43000", "2019-03-31": "0.44000", "2018-12-31": "0.16000", "2018-09-30": "0.47000", "2018-06-30": "0.40000", "2018-03-31": "0.62000", "2017-12-31": "0.42000", "2017-09-30": "0.35000", "2017-06-30": "0.33000", "2017-03-31": "0.35000", "2016-12-31": "0.36000", "2016-09-30": "0.28000", "2016-06-30": "0.30000", "2016-03-31": "0.44000", "2015-12-31": "0.24000", "2015-09-30": "0.34000", "2015-06-30": "0.28000", "2015-03-31": "0.34000", "2014-12-31": "0.35000", "2014-09-30": "0.31000", "2014-06-30": "0.30000", "2014-03-31": "0.28000", "2013-12-31": "0.29000", "2013-09-30": "0.29000", "2013-06-30": "0.27000", "2013-03-31": "0.25000", "2012-12-31": "0.32000", "2012-09-30": "0.30000", "2012-06-30": "0.26000", "2012-03-31": "0.23000", "2011-12-31": "0.26000", "2011-09-30": "0.24000", "2011-06-30": "0.23000", "2011-03-31": "0.23000", "2010-12-31": "0.16000", "2010-09-30": "0.23000", "2010-06-30": "0.23000", "2010-03-31": "0.18000", "2009-12-31": "-0.18000", "2009-09-30": "0.26000", "2009-06-30": "0.20000", "2009-03-31": "0.32000", "2008-12-31": "0.31000", "2008-09-30": "0.37000", "2008-06-30": "0.38000", "2008-03-31": "0.42000", "2007-12-31": "0.43000", "2007-09-30": "0.68000", "2007-06-30": "0.70000", "2007-03-31": "0.41000", "2006-12-31": "0.94000", "2006-09-30": "0.35000", "2006-06-30": "1.37000", "2006-03-31": "0.39000", "2005-12-31": "0.30000", "2005-09-30": "0.28000", "2005-06-30": "0.51000", "2005-03-31": "0.47000"}}, "balance sheet": {"Cash On Hand": {"2019-12-31": "1.11200", "2018-12-31": "114.26700", "2017-12-31": "1.36400", "2016-12-31": "294.54000", "2015-12-31": "14.26000", "2014-12-31": "10.60400", "2013-12-31": "1.48500", "2012-12-31": "2.07600", "2011-12-31": "2.08200", "2010-12-31": "2.04800", "2009-12-31": "15.22500", "2008-12-31": "2.62600", "2007-12-31": "27.49900", "2006-12-31": "38.26200", "2005-12-31": "38.42500"}, "Receivables": {"2019-12-31": "31.77100", "2018-12-31": "29.18400", "2017-12-31": "30.23300", "2016-12-31": "28.51900", "2015-12-31": "28.87300", "2014-12-31": "28.67200", "2013-12-31": "28.90400", "2012-12-31": "28.57000", "2011-12-31": "27.95000", "2010-12-31": "28.93800", "2009-12-31": "27.69100", "2008-12-31": "27.58400", "2007-12-31": "28.47000", "2006-12-31": "34.42500", "2005-12-31": "36.54600"}, "Inventory": {"2019-12-31": "", "2018-12-31": "", "2017-12-31": "", "2016-12-31": "", "2015-12-31": "", "2014-12-31": "", "2013-12-31": "", "2012-12-31": "", "2011-12-31": "", "2010-12-31": "", "2009-12-31": "", "2008-12-31": "", "2007-12-31": "", "2006-12-31": "", "2005-12-31": ""}, "Pre-Paid Expenses": {"2019-12-31": "", "2018-12-31": "", "2017-12-31": "", "2016-12-31": "", "2015-12-31": "", "2014-12-31": "", "2013-12-31": "", "2012-12-31": "", "2011-12-31": "", "2010-12-31": "", "2009-12-31": "", "2008-12-31": "", "2007-12-31": "", "2006-12-31": "", "2005-12-31": ""}, "Other Current Assets": {"2019-12-31": "", "2018-12-31": "", "2017-12-31": "", "2016-12-31": "", "2015-12-31": "", "2014-12-31": "", "2013-12-31": "", "2012-12-31": "", "2011-12-31": "", "2010-12-31": "", "2009-12-31": "", "2008-12-31": "", "2007-12-31": "", "2006-12-31": "", "2005-12-31": ""}, "Total Current Assets": {"2019-12-31": "32.88300", "2018-12-31": "143.45100", "2017-12-31": "31.59700", "2016-12-31": "323.05900", "2015-12-31": "62.93600", "2014-12-31": "61.97700", "2013-12-31": "59.22900", "2012-12-31": "71.51200", "2011-12-31": "78.75900", "2010-12-31": "77.23200", "2009-12-31": "105.04500", "2008-12-31": "112.68200", "2007-12-31": "153.47100", "2006-12-31": "135.14400", "2005-12-31": "181.24100"}, "Property, Plant, And Equipment": {"2019-12-31": "7290.02500", "2018-12-31": "6845.44600", "2017-12-31": "6403.63800", "2016-12-31": "5879.04600", "2015-12-31": "5231.41300", "2014-12-31": "4685.00100", "2013-12-31": "4259.38400", "2012-12-31": "3794.04400", "2011-12-31": "3224.28800", "2010-12-31": "2514.30200", "2009-12-31": "2328.57600", "2008-12-31": "2373.87800", "2007-12-31": "2055.84600", "2006-12-31": "1440.99600", "2005-12-31": "1297.25400"}, "Long-Term Investments": {"2019-12-31": "", "2018-12-31": "", "2017-12-31": "", "2016-12-31": "", "2015-12-31": "", "2014-12-31": "", "2013-12-31": "", "2012-12-31": "", "2011-12-31": "", "2010-12-31": "", "2009-12-31": "", "2008-12-31": "", "2007-12-31": "", "2006-12-31": "", "2005-12-31": ""}, "Goodwill And Intangible Assets": {"2019-12-31": "", "2018-12-31": "", "2017-12-31": "", "2016-12-31": "", "2015-12-31": "", "2014-12-31": "", "2013-12-31": "", "2012-12-31": "", "2011-12-31": "", "2010-12-31": "", "2009-12-31": "", "2008-12-31": "", "2007-12-31": "", "2006-12-31": "", "2005-12-31": ""}, "Other Long-Term Assets": {"2019-12-31": "109.17600", "2018-12-31": "110.46000", "2017-12-31": "119.91900", "2016-12-31": "129.33100", "2015-12-31": "161.69200", "2014-12-31": "163.28300", "2013-12-31": "123.03280", "2012-12-31": "109.68900", "2011-12-31": "121.16400", "2010-12-31": "112.67500", "2009-12-31": "143.45710", "2008-12-31": "151.56910", "2007-12-31": "321.74010", "2006-12-31": "333.17700", "2005-12-31": "248.82500"}, "Total Long-Term Assets": {"2019-12-31": "7401.98400", "2018-12-31": "6959.98700", "2017-12-31": "6528.93700", "2016-12-31": "6011.09200", "2015-12-31": "5397.10800", "2014-12-31": "4853.57400", "2013-12-31": "4395.29300", "2012-12-31": "3916.51400", "2011-12-31": "3356.28400", "2010-12-31": "2636.34300", "2009-12-31": "2485.91700", "2008-12-31": "2536.78900", "2007-12-31": "2386.13400", "2006-12-31": "1782.35300", "2005-12-31": "1552.17500"}, "Total Assets": {"2019-12-31": "7434.86700", "2018-12-31": "7103.43800", "2017-12-31": "6560.53400", "2016-12-31": "6334.15100", "2015-12-31": "5460.04400", "2014-12-31": "4915.55100", "2013-12-31": "4454.52300", "2012-12-31": "3988.02600", "2011-12-31": "3435.04300", "2010-12-31": "2713.57500", "2009-12-31": "2590.96200", "2008-12-31": "2649.47100", "2007-12-31": "2539.60500", "2006-12-31": "1917.49700", "2005-12-31": "1733.41600"}, "Total Current Liabilities": {"2019-12-31": "18.25000", "2018-12-31": "19.51900", "2017-12-31": "20.31100", "2016-12-31": "19.66500", "2015-12-31": "20.11300", "2014-12-31": "17.39600", "2013-12-31": "17.14200", "2012-12-31": "17.52700", "2011-12-31": "15.10800", "2010-12-31": "7.34200", "2009-12-31": "7.47100", "2008-12-31": "7.60800", "2007-12-31": "11.24300", "2006-12-31": "12.32900", "2005-12-31": "19.28700"}, "Long Term Debt": {"2019-12-31": "2988.35700", "2018-12-31": "2851.39500", "2017-12-31": "2580.20700", "2016-12-31": "2311.68900", "2015-12-31": "1975.94400", "2014-12-31": "1729.89100", "2013-12-31": "1570.05900", "2012-12-31": "1586.96400", "2011-12-31": "1339.10900", "2010-12-31": "1133.68500", "2009-12-31": "987.34600", "2008-12-31": "1027.39100", "2007-12-31": "1060.07000", "2006-12-31": "776.73690", "2005-12-31": "861.04500"}, "Other Non-Current Liabilities": {"2019-12-31": "96.57800", "2018-12-31": "77.91900", "2017-12-31": "119.10600", "2016-12-31": "85.86900", "2015-12-31": "121.59400", "2014-12-31": "85.17200", "2013-12-31": "89.03700", "2012-12-31": "85.95000", "2011-12-31": "76.95000", "2010-12-31": "43.77400", "2009-12-31": "29.28300", "2008-12-31": "45.52600", "2007-12-31": "58.67300", "2006-12-31": "30.82800", "2005-12-31": "20.05800"}, "Total Long Term Liabilities": {"2019-12-31": "3084.93500", "2018-12-31": "2929.31400", "2017-12-31": "2699.31300", "2016-12-31": "2397.55800", "2015-12-31": "2097.53800", "2014-12-31": "1815.06300", "2013-12-31": "1659.09600", "2012-12-31": "1672.91400", "2011-12-31": "1416.05900", "2010-12-31": "1177.45900", "2009-12-31": "1016.62900", "2008-12-31": "1072.91700", "2007-12-31": "1121.07700", "2006-12-31": "808.66300", "2005-12-31": "886.04210"}, "Total Liabilities": {"2019-12-31": "3103.18500", "2018-12-31": "2948.83300", "2017-12-31": "2719.62400", "2016-12-31": "2417.22300", "2015-12-31": "2117.65100", "2014-12-31": "1832.45900", "2013-12-31": "1676.23800", "2012-12-31": "1690.44100", "2011-12-31": "1431.16700", "2010-12-31": "1184.80100", "2009-12-31": "1024.10000", "2008-12-31": "1080.52500", "2007-12-31": "1132.32000", "2006-12-31": "820.99200", "2005-12-31": "905.32900"}, "Common Stock Net": {"2019-12-31": "1.71800", "2018-12-31": "1.61600", "2017-12-31": "1.53700", "2016-12-31": "1.47300", "2015-12-31": "1.41200", "2014-12-31": "1.32200", "2013-12-31": "1.22100", "2012-12-31": "1.11700", "2011-12-31": "1.04900", "2010-12-31": "0.83800", "2009-12-31": "0.82500", "2008-12-31": "0.78400", "2007-12-31": "0.72500", "2006-12-31": "0.59800", "2005-12-31": "0.55100"}, "Retained Earnings (Accumulated Deficit)": {"2019-12-31": "-499.22900", "2018-12-31": "-424.22500", "2017-12-31": "-379.18100", "2016-12-31": "-319.25400", "2015-12-31": "-263.12400", "2014-12-31": "-196.82700", "2013-12-31": "-147.83700", "2012-12-31": "-90.95200", "2011-12-31": "-44.94600", "2010-12-31": "3.23400", "2009-12-31": "62.41300", "2008-12-31": "134.64400", "2007-12-31": "137.59900", "2006-12-31": "80.26300", "2005-12-31": "-20.48900"}, "Comprehensive Income": {"2019-12-31": "-11.12800", "2018-12-31": "-5.69600", "2017-12-31": "-13.73800", "2016-12-31": "-8.19100", "2015-12-31": "-20.35200", "2014-12-31": "-8.65800", "2013-12-31": "-4.50500", "2012-12-31": "-2.38200", "2011-12-31": "-3.83000", "2010-12-31": "1.66100", "2009-12-31": "0.51100", "2008-12-31": "2.41400", "2007-12-31": "1.59700", "2006-12-31": "5.21900", "2005-12-31": ""}, "Other Share Holders Equity": {"2019-12-31": "", "2018-12-31": "", "2017-12-31": "", "2016-12-31": "", "2015-12-31": "", "2014-12-31": "", "2013-12-31": "", "2012-12-31": "", "2011-12-31": "", "2010-12-31": "", "2009-12-31": "", "2008-12-31": "", "2007-12-31": "", "2006-12-31": "", "2005-12-31": ""}, "Share Holder Equity": {"2019-12-31": "4331.68200", "2018-12-31": "4154.60500", "2017-12-31": "3840.91000", "2016-12-31": "3916.92800", "2015-12-31": "3342.39300", "2014-12-31": "3083.09200", "2013-12-31": "2778.28500", "2012-12-31": "2297.58500", "2011-12-31": "2003.87600", "2010-12-31": "1528.77400", "2009-12-31": "1566.86200", "2008-12-31": "1568.94600", "2007-12-31": "1407.28500", "2006-12-31": "1096.50500", "2005-12-31": "828.08700"}, "Total Liabilities And Share Holders Equity": {"2019-12-31": "7434.86700", "2018-12-31": "7103.43800", "2017-12-31": "6560.53400", "2016-12-31": "6334.15100", "2015-12-31": "5460.04400", "2014-12-31": "4915.55100", "2013-12-31": "4454.52300", "2012-12-31": "3988.02600", "2011-12-31": "3435.04300", "2010-12-31": "2713.57500", "2009-12-31": "2590.96200", "2008-12-31": "2649.47100", "2007-12-31": "2539.60500", "2006-12-31": "1917.49700", "2005-12-31": "1733.41600"}}, "balance sheet, quarterly": {"Cash On Hand": {"2020-09-30": "294.86000", "2020-06-30": "224.56000", "2020-03-31": "217.38300", "2019-12-31": "1.11200", "2019-09-30": "353.68800", "2019-06-30": "2.20900", "2019-03-31": "80.52100", "2018-12-31": "114.26700", "2018-09-30": "607.67200", "2018-06-30": "1.88500", "2018-03-31": "4.00200", "2017-12-31": "1.36400", "2017-09-30": "254.26300", "2017-06-30": "4.45000", "2017-03-31": "34.41800", "2016-12-31": "294.54000", "2016-09-30": "5.91600", "2016-06-30": "2.61300", "2016-03-31": "51.33900", "2015-12-31": "14.26000", "2015-09-30": "2.61500", "2015-06-30": "2.44800", "2015-03-31": "4.45600", "2014-12-31": "10.60400", "2014-09-30": "4.90400", "2014-06-30": "85.35800", "2014-03-31": "5.92600", "2013-12-31": "1.48500", "2013-09-30": "6.53000", "2013-06-30": "236.91600", "2013-03-31": "3.44200", "2012-12-31": "2.07600", "2012-09-30": "141.44600", "2012-06-30": "2.90700", "2012-03-31": "3.03300", "2011-12-31": "2.08200", "2011-09-30": "19.67800", "2011-06-30": "3.58800", "2011-03-31": "2.55700", "2010-12-31": "2.04800", "2010-09-30": "4.00900", "2010-06-30": "51.83200", "2010-03-31": "31.24300", "2009-12-31": "15.22500", "2009-09-30": "23.25100", "2009-06-30": "1.57300", "2009-03-31": "1.85800", "2008-12-31": "2.62600", "2008-09-30": "2.51400", "2008-06-30": "4.87300", "2008-03-31": "11.83800", "2007-12-31": "27.49900", "2007-09-30": "65.60100", "2007-06-30": "40.22300", "2007-03-31": "92.61500", "2006-12-31": "38.26200", "2006-09-30": "46.19100", "2006-06-30": "38.64100", "2006-03-31": "50.87100", "2005-12-31": "38.42500", "2005-09-30": "38.35600", "2005-06-30": "33.09700", "2005-03-31": "3.14900"}, "Receivables": {"2020-09-30": "65.88000", "2020-06-30": "78.10400", "2020-03-31": "32.80600", "2019-12-31": "31.77100", "2019-09-30": "31.45200", "2019-06-30": "30.70500", "2019-03-31": "31.03000", "2018-12-31": "29.18400", "2018-09-30": "27.85800", "2018-06-30": "28.66600", "2018-03-31": "30.22400", "2017-12-31": "30.23300", "2017-09-30": "29.38100", "2017-06-30": "27.89600", "2017-03-31": "28.66000", "2016-12-31": "28.51900", "2016-09-30": "27.38800", "2016-06-30": "27.42600", "2016-03-31": "30.81100", "2015-12-31": "28.87300", "2015-09-30": "27.10700", "2015-06-30": "27.13700", "2015-03-31": "27.56100", "2014-12-31": "28.67200", "2014-09-30": "28.10700", "2014-06-30": "27.78000", "2014-03-31": "29.03600", "2013-12-31": "28.90400", "2013-09-30": "28.14700", "2013-06-30": "28.66900", "2013-03-31": "29.42100", "2012-12-31": "28.57000", "2012-09-30": "27.02600", "2012-06-30": "26.78600", "2012-03-31": "27.25000", "2011-12-31": "27.95000", "2011-09-30": "26.91100", "2011-06-30": "27.81000", "2011-03-31": "28.31300", "2010-12-31": "28.93800", "2010-09-30": "26.91900", "2010-06-30": "29.41100", "2010-03-31": "27.13400", "2009-12-31": "27.69100", "2009-09-30": "27.30200", "2009-06-30": "27.29900", "2009-03-31": "26.61800", "2008-12-31": "27.58400", "2008-09-30": "28.58700", "2008-06-30": "28.69700", "2008-03-31": "32.06700", "2007-12-31": "28.47000", "2007-09-30": "29.60100", "2007-06-30": "31.84800", "2007-03-31": "35.13800", "2006-12-31": "34.42500", "2006-09-30": "36.88300", "2006-06-30": "35.01200", "2006-03-31": "35.55000", "2005-12-31": "36.54600", "2005-09-30": "40.28700", "2005-06-30": "45.88400", "2005-03-31": "33.89700"}, "Inventory": {"2020-09-30": "", "2020-06-30": "", "2020-03-31": "", "2019-12-31": "", "2019-09-30": "", "2019-06-30": "", "2019-03-31": "", "2018-12-31": "", "2018-09-30": "", "2018-06-30": "", "2018-03-31": "", "2017-12-31": "", "2017-09-30": "", "2017-06-30": "", "2017-03-31": "", "2016-12-31": "", "2016-09-30": "", "2016-06-30": "", "2016-03-31": "", "2015-12-31": "", "2015-09-30": "", "2015-06-30": "", "2015-03-31": "", "2014-12-31": "", "2014-09-30": "", "2014-06-30": "", "2014-03-31": "", "2013-12-31": "", "2013-09-30": "", "2013-06-30": "", "2013-03-31": "", "2012-12-31": "", "2012-09-30": "", "2012-06-30": "", "2012-03-31": "", "2011-12-31": "", "2011-09-30": "", "2011-06-30": "", "2011-03-31": "", "2010-12-31": "", "2010-09-30": "", "2010-06-30": "", "2010-03-31": "", "2009-12-31": "", "2009-09-30": "", "2009-06-30": "", "2009-03-31": "", "2008-12-31": "", "2008-09-30": "", "2008-06-30": "", "2008-03-31": "", "2007-12-31": "", "2007-09-30": "", "2007-06-30": "", "2007-03-31": "", "2006-12-31": "", "2006-09-30": "", "2006-06-30": "", "2006-03-31": "", "2005-12-31": "", "2005-09-30": "", "2005-06-30": "", "2005-03-31": ""}, "Pre-Paid Expenses": {"2020-09-30": "", "2020-06-30": "", "2020-03-31": "", "2019-12-31": "", "2019-09-30": "", "2019-06-30": "", "2019-03-31": "", "2018-12-31": "", "2018-09-30": "", "2018-06-30": "", "2018-03-31": "", "2017-12-31": "", "2017-09-30": "", "2017-06-30": "", "2017-03-31": "", "2016-12-31": "", "2016-09-30": "", "2016-06-30": "", "2016-03-31": "", "2015-12-31": "", "2015-09-30": "", "2015-06-30": "", "2015-03-31": "", "2014-12-31": "", "2014-09-30": "", "2014-06-30": "", "2014-03-31": "", "2013-12-31": "", "2013-09-30": "", "2013-06-30": "", "2013-03-31": "", "2012-12-31": "", "2012-09-30": "", "2012-06-30": "", "2012-03-31": "", "2011-12-31": "", "2011-09-30": "", "2011-06-30": "", "2011-03-31": "", "2010-12-31": "", "2010-09-30": "", "2010-06-30": "", "2010-03-31": "", "2009-12-31": "", "2009-09-30": "", "2009-06-30": "", "2009-03-31": "", "2008-12-31": "", "2008-09-30": "", "2008-06-30": "", "2008-03-31": "", "2007-12-31": "", "2007-09-30": "", "2007-06-30": "", "2007-03-31": "", "2006-12-31": "", "2006-09-30": "", "2006-06-30": "", "2006-03-31": "", "2005-12-31": "", "2005-09-30": "", "2005-06-30": "", "2005-03-31": ""}, "Other Current Assets": {"2020-09-30": "", "2020-06-30": "", "2020-03-31": "", "2019-12-31": "", "2019-09-30": "", "2019-06-30": "", "2019-03-31": "", "2018-12-31": "", "2018-09-30": "", "2018-06-30": "", "2018-03-31": "", "2017-12-31": "", "2017-09-30": "", "2017-06-30": "", "2017-03-31": "", "2016-12-31": "", "2016-09-30": "", "2016-06-30": "", "2016-03-31": "", "2015-12-31": "", "2015-09-30": "", "2015-06-30": "", "2015-03-31": "", "2014-12-31": "", "2014-09-30": "", "2014-06-30": "", "2014-03-31": "", "2013-12-31": "", "2013-09-30": "", "2013-06-30": "", "2013-03-31": "", "2012-12-31": "", "2012-09-30": "", "2012-06-30": "", "2012-03-31": "", "2011-12-31": "", "2011-09-30": "", "2011-06-30": "", "2011-03-31": "", "2010-12-31": "", "2010-09-30": "", "2010-06-30": "", "2010-03-31": "", "2009-12-31": "", "2009-09-30": "", "2009-06-30": "", "2009-03-31": "", "2008-12-31": "", "2008-09-30": "", "2008-06-30": "", "2008-03-31": "", "2007-12-31": "", "2007-09-30": "", "2007-06-30": "", "2007-03-31": "", "2006-12-31": "", "2006-09-30": "", "2006-06-30": "", "2006-03-31": "", "2005-12-31": "", "2005-09-30": "", "2005-06-30": "", "2005-03-31": ""}, "Total Current Assets": {"2020-09-30": "360.74000", "2020-06-30": "302.66400", "2020-03-31": "250.18900", "2019-12-31": "32.88300", "2019-09-30": "385.14000", "2019-06-30": "32.91400", "2019-03-31": "111.55100", "2018-12-31": "143.45100", "2018-09-30": "635.53000", "2018-06-30": "30.55100", "2018-03-31": "34.22600", "2017-12-31": "31.59700", "2017-09-30": "283.64400", "2017-06-30": "32.34600", "2017-03-31": "63.07800", "2016-12-31": "323.05900", "2016-09-30": "38.41800", "2016-06-30": "45.89000", "2016-03-31": "101.50900", "2015-12-31": "62.93600", "2015-09-30": "51.12300", "2015-06-30": "51.04500", "2015-03-31": "54.36900", "2014-12-31": "61.97700", "2014-09-30": "56.36500", "2014-06-30": "144.90500", "2014-03-31": "67.35300", "2013-12-31": "59.22900", "2013-09-30": "66.12500", "2013-06-30": "305.96100", "2013-03-31": "73.46600", "2012-12-31": "71.51200", "2012-09-30": "210.66200", "2012-06-30": "78.82800", "2012-03-31": "81.66500", "2011-12-31": "78.75900", "2011-09-30": "93.84000", "2011-06-30": "80.04500", "2011-03-31": "77.17700", "2010-12-31": "77.23200", "2010-09-30": "84.78900", "2010-06-30": "139.27700", "2010-03-31": "122.29200", "2009-12-31": "105.04500", "2009-09-30": "117.37500", "2009-06-30": "104.17100", "2009-03-31": "111.98000", "2008-12-31": "112.68200", "2008-09-30": "120.24300", "2008-06-30": "145.99800", "2008-03-31": "180.41300", "2007-12-31": "153.47100", "2007-09-30": "187.99900", "2007-06-30": "142.61300", "2007-03-31": "189.92100", "2006-12-31": "135.14400", "2006-09-30": "138.47300", "2006-06-30": "139.90600", "2006-03-31": "185.84000", "2005-12-31": "181.24100", "2005-09-30": "200.16700", "2005-06-30": "200.40600", "2005-03-31": "79.16800"}, "Property, Plant, And Equipment": {"2020-09-30": "7167.99200", "2020-06-30": "7221.41800", "2020-03-31": "7285.23600", "2019-12-31": "7287.37400", "2019-09-30": "7121.15600", "2019-06-30": "7110.59800", "2019-03-31": "6900.74700", "2018-12-31": "6845.44600", "2018-09-30": "6624.16500", "2018-06-30": "6609.36800", "2018-03-31": "6529.91000", "2017-12-31": "6403.63800", "2017-09-30": "6241.66700", "2017-06-30": "6198.34600", "2017-03-31": "5944.22000", "2016-12-31": "5879.04600", "2016-09-30": "5677.88100", "2016-06-30": "5630.11700", "2016-03-31": "5343.43300", "2015-12-31": "5231.41300", "2015-09-30": "5163.12300", "2015-06-30": "4935.47200", "2015-03-31": "4823.15500", "2014-12-31": "4685.00100", "2014-09-30": "4662.77500", "2014-06-30": "4368.47500", "2014-03-31": "4316.98900", "2013-12-31": "4259.38400", "2013-09-30": "4221.89200", "2013-06-30": "4158.94300", "2013-03-31": "3801.51700", "2012-12-31": "3794.04400", "2012-09-30": "3565.78200", "2012-06-30": "3485.81900", "2012-03-31": "3393.90600", "2011-12-31": "3224.28800", "2011-09-30": "2919.94200", "2011-06-30": "2603.82700", "2011-03-31": "2560.21300", "2010-12-31": "2514.30200", "2010-09-30": "2406.98500", "2010-06-30": "2335.01800", "2010-03-31": "2323.51500", "2009-12-31": "2328.57600", "2009-09-30": "2346.19800", "2009-06-30": "2348.77300", "2009-03-31": "2352.29300", "2008-12-31": "2373.87800", "2008-09-30": "2313.29300", "2008-06-30": "2270.49300", "2008-03-31": "2195.70100", "2007-12-31": "2055.84600", "2007-09-30": "1915.47200", "2007-06-30": "1797.93700", "2007-03-31": "1493.31200", "2006-12-31": "1440.99600", "2006-09-30": "1347.43200", "2006-06-30": "1254.07700", "2006-03-31": "1158.63900", "2005-12-31": "1297.25400", "2005-09-30": "1140.48100", "2005-06-30": "1100.52900", "2005-03-31": "1027.09600"}, "Long-Term Investments": {"2020-09-30": "", "2020-06-30": "", "2020-03-31": "", "2019-12-31": "", "2019-09-30": "", "2019-06-30": "", "2019-03-31": "", "2018-12-31": "", "2018-09-30": "", "2018-06-30": "", "2018-03-31": "", "2017-12-31": "", "2017-09-30": "", "2017-06-30": "", "2017-03-31": "", "2016-12-31": "", "2016-09-30": "", "2016-06-30": "", "2016-03-31": "", "2015-12-31": "", "2015-09-30": "", "2015-06-30": "", "2015-03-31": "", "2014-12-31": "", "2014-09-30": "", "2014-06-30": "", "2014-03-31": "", "2013-12-31": "", "2013-09-30": "", "2013-06-30": "", "2013-03-31": "", "2012-12-31": "", "2012-09-30": "", "2012-06-30": "", "2012-03-31": "", "2011-12-31": "", "2011-09-30": "", "2011-06-30": "", "2011-03-31": "", "2010-12-31": "", "2010-09-30": "", "2010-06-30": "", "2010-03-31": "", "2009-12-31": "", "2009-09-30": "", "2009-06-30": "", "2009-03-31": "", "2008-12-31": "", "2008-09-30": "", "2008-06-30": "", "2008-03-31": "", "2007-12-31": "", "2007-09-30": "", "2007-06-30": "", "2007-03-31": "", "2006-12-31": "", "2006-09-30": "", "2006-06-30": "", "2006-03-31": "", "2005-12-31": "", "2005-09-30": "", "2005-06-30": "", "2005-03-31": ""}, "Goodwill And Intangible Assets": {"2020-09-30": "", "2020-06-30": "", "2020-03-31": "", "2019-12-31": "", "2019-09-30": "", "2019-06-30": "", "2019-03-31": "", "2018-12-31": "", "2018-09-30": "", "2018-06-30": "", "2018-03-31": "", "2017-12-31": "", "2017-09-30": "", "2017-06-30": "", "2017-03-31": "", "2016-12-31": "", "2016-09-30": "", "2016-06-30": "", "2016-03-31": "", "2015-12-31": "", "2015-09-30": "", "2015-06-30": "", "2015-03-31": "", "2014-12-31": "", "2014-09-30": "", "2014-06-30": "", "2014-03-31": "", "2013-12-31": "", "2013-09-30": "", "2013-06-30": "", "2013-03-31": "", "2012-12-31": "", "2012-09-30": "", "2012-06-30": "", "2012-03-31": "", "2011-12-31": "", "2011-09-30": "", "2011-06-30": "", "2011-03-31": "", "2010-12-31": "", "2010-09-30": "", "2010-06-30": "", "2010-03-31": "", "2009-12-31": "", "2009-09-30": "", "2009-06-30": "", "2009-03-31": "", "2008-12-31": "", "2008-09-30": "", "2008-06-30": "", "2008-03-31": "", "2007-12-31": "", "2007-09-30": "", "2007-06-30": "", "2007-03-31": "", "2006-12-31": "", "2006-09-30": "", "2006-06-30": "", "2006-03-31": "", "2005-12-31": "", "2005-09-30": "", "2005-06-30": "", "2005-03-31": ""}, "Other Long-Term Assets": {"2020-09-30": "103.62500", "2020-06-30": "106.03700", "2020-03-31": "109.16400", "2019-12-31": "111.82700", "2019-09-30": "118.28400", "2019-06-30": "105.82100", "2019-03-31": "120.93300", "2018-12-31": "110.46000", "2018-09-30": "94.60200", "2018-06-30": "100.24100", "2018-03-31": "91.45800", "2017-12-31": "119.91900", "2017-09-30": "99.13400", "2017-06-30": "104.31200", "2017-03-31": "105.08000", "2016-12-31": "129.33100", "2016-09-30": "137.00900", "2016-06-30": "105.88700", "2016-03-31": "104.29900", "2015-12-31": "161.69200", "2015-09-30": "120.60300", "2015-06-30": "130.34300", "2015-03-31": "127.56810", "2014-12-31": "163.28300", "2014-09-30": "133.32610", "2014-06-30": "122.64980", "2014-03-31": "121.89920", "2013-12-31": "123.03280", "2013-09-30": "135.30790", "2013-06-30": "170.25920", "2013-03-31": "114.93280", "2012-12-31": "109.68900", "2012-09-30": "146.43620", "2012-06-30": "130.19510", "2012-03-31": "126.99200", "2011-12-31": "121.16400", "2011-09-30": "121.42810", "2011-06-30": "105.26610", "2011-03-31": "108.11500", "2010-12-31": "112.67500", "2010-09-30": "107.52820", "2010-06-30": "101.49510", "2010-03-31": "143.24110", "2009-12-31": "143.45710", "2009-09-30": "179.27100", "2009-06-30": "175.78800", "2009-03-31": "164.26880", "2008-12-31": "151.56910", "2008-09-30": "192.58290", "2008-06-30": "243.32400", "2008-03-31": "273.27210", "2007-12-31": "321.74010", "2007-09-30": "228.35600", "2007-06-30": "271.25400", "2007-03-31": "296.61200", "2006-12-31": "333.17700", "2006-09-30": "324.83000", "2006-06-30": "301.40100", "2006-03-31": "426.26000", "2005-12-31": "248.82500", "2005-09-30": "205.11400", "2005-06-30": "196.50090", "2005-03-31": "211.21900"}, "Total Long-Term Assets": {"2020-09-30": "7273.95700", "2020-06-30": "7330.26400", "2020-03-31": "7396.86100", "2019-12-31": "7401.98400", "2019-09-30": "7242.54400", "2019-06-30": "7219.88700", "2019-03-31": "7025.43700", "2018-12-31": "6959.98700", "2018-09-30": "6723.19300", "2018-06-30": "6714.39000", "2018-03-31": "6626.43000", "2017-12-31": "6528.93700", "2017-09-30": "6342.57600", "2017-06-30": "6304.78200", "2017-03-31": "6051.69400", "2016-12-31": "6011.09200", "2016-09-30": "5817.94500", "2016-06-30": "5739.40000", "2016-03-31": "5451.39400", "2015-12-31": "5397.10800", "2015-09-30": "5298.11200", "2015-06-30": "5080.92000", "2015-03-31": "4966.46700", "2014-12-31": "4853.57400", "2014-09-30": "4810.21200", "2014-06-30": "4505.94900", "2014-03-31": "4451.10900", "2013-12-31": "4395.29300", "2013-09-30": "4370.73500", "2013-06-30": "4343.39100", "2013-03-31": "3928.32400", "2012-12-31": "3916.51400", "2012-09-30": "3723.53600", "2012-06-30": "3625.16200", "2012-03-31": "3530.87300", "2011-12-31": "3356.28400", "2011-09-30": "3052.52100", "2011-06-30": "2718.76200", "2011-03-31": "2676.52000", "2010-12-31": "2636.34300", "2010-09-30": "2524.96600", "2010-06-30": "2448.12100", "2010-03-31": "2479.50900", "2009-12-31": "2485.91700", "2009-09-30": "2534.22900", "2009-06-30": "2533.98800", "2009-03-31": "2526.78500", "2008-12-31": "2536.78900", "2008-09-30": "2517.72700", "2008-06-30": "2526.43300", "2008-03-31": "2482.34700", "2007-12-31": "2386.13400", "2007-09-30": "2152.69100", "2007-06-30": "2076.43000", "2007-03-31": "1797.64700", "2006-12-31": "1782.35300", "2006-09-30": "1680.94300", "2006-06-30": "1560.61600", "2006-03-31": "1590.50500", "2005-12-31": "1552.17500", "2005-09-30": "1349.21000", "2005-06-30": "1300.96300", "2005-03-31": "1242.23800"}, "Total Assets": {"2020-09-30": "7634.69700", "2020-06-30": "7632.92800", "2020-03-31": "7647.05000", "2019-12-31": "7434.86700", "2019-09-30": "7627.68400", "2019-06-30": "7252.80100", "2019-03-31": "7136.98800", "2018-12-31": "7103.43800", "2018-09-30": "7358.72300", "2018-06-30": "6744.94100", "2018-03-31": "6660.65600", "2017-12-31": "6560.53400", "2017-09-30": "6626.22000", "2017-06-30": "6337.12800", "2017-03-31": "6114.77200", "2016-12-31": "6334.15100", "2016-09-30": "5856.36300", "2016-06-30": "5785.29000", "2016-03-31": "5552.90300", "2015-12-31": "5460.04400", "2015-09-30": "5349.23500", "2015-06-30": "5131.96500", "2015-03-31": "5020.83600", "2014-12-31": "4915.55100", "2014-09-30": "4866.57700", "2014-06-30": "4650.85400", "2014-03-31": "4518.46200", "2013-12-31": "4454.52300", "2013-09-30": "4436.86000", "2013-06-30": "4649.35200", "2013-03-31": "4001.79000", "2012-12-31": "3988.02600", "2012-09-30": "3934.19800", "2012-06-30": "3703.99000", "2012-03-31": "3612.53800", "2011-12-31": "3435.04300", "2011-09-30": "3146.36100", "2011-06-30": "2798.80700", "2011-03-31": "2753.69700", "2010-12-31": "2713.57500", "2010-09-30": "2609.75500", "2010-06-30": "2587.39800", "2010-03-31": "2601.80100", "2009-12-31": "2590.96200", "2009-09-30": "2651.60400", "2009-06-30": "2638.15900", "2009-03-31": "2638.76500", "2008-12-31": "2649.47100", "2008-09-30": "2637.97000", "2008-06-30": "2672.43100", "2008-03-31": "2662.76000", "2007-12-31": "2539.60500", "2007-09-30": "2340.69000", "2007-06-30": "2219.04300", "2007-03-31": "1987.56800", "2006-12-31": "1917.49700", "2006-09-30": "1819.41600", "2006-06-30": "1700.52200", "2006-03-31": "1776.34500", "2005-12-31": "1733.41600", "2005-09-30": "1549.37700", "2005-06-30": "1501.36900", "2005-03-31": "1321.40600"}, "Total Current Liabilities": {"2020-09-30": "51.32700", "2020-06-30": "21.65200", "2020-03-31": "41.69800", "2019-12-31": "18.25000", "2019-09-30": "45.88600", "2019-06-30": "17.98400", "2019-03-31": "47.45600", "2018-12-31": "19.51900", "2018-09-30": "35.29800", "2018-06-30": "19.40100", "2018-03-31": "36.37900", "2017-12-31": "20.31100", "2017-09-30": "37.05500", "2017-06-30": "19.92100", "2017-03-31": "36.37900", "2016-12-31": "19.66500", "2016-09-30": "32.79200", "2016-06-30": "19.13800", "2016-03-31": "33.63700", "2015-12-31": "20.11300", "2015-09-30": "29.51300", "2015-06-30": "17.44800", "2015-03-31": "29.30300", "2014-12-31": "17.39600", "2014-09-30": "30.53700", "2014-06-30": "18.53200", "2014-03-31": "27.99600", "2013-12-31": "17.14200", "2013-09-30": "27.91300", "2013-06-30": "17.27700", "2013-03-31": "28.13000", "2012-12-31": "17.52700", "2012-09-30": "22.11200", "2012-06-30": "14.44000", "2012-03-31": "21.88500", "2011-12-31": "15.10800", "2011-09-30": "22.37100", "2011-06-30": "7.28500", "2011-03-31": "19.01500", "2010-12-31": "7.34200", "2010-09-30": "18.40000", "2010-06-30": "7.46400", "2010-03-31": "18.48600", "2009-12-31": "7.47100", "2009-09-30": "18.44800", "2009-06-30": "7.47500", "2009-03-31": "18.49500", "2008-12-31": "7.60800", "2008-09-30": "18.72700", "2008-06-30": "8.03500", "2008-03-31": "19.07200", "2007-12-31": "11.24300", "2007-09-30": "11.76500", "2007-06-30": "9.61100", "2007-03-31": "12.63200", "2006-12-31": "12.32900", "2006-09-30": "15.77500", "2006-06-30": "15.69500", "2006-03-31": "22.20200", "2005-12-31": "19.28700", "2005-09-30": "30.29900", "2005-06-30": "29.61900", "2005-03-31": "5.31300"}, "Long Term Debt": {"2020-09-30": "3220.09800", "2020-06-30": "3219.27600", "2020-03-31": "3218.45800", "2019-12-31": "2988.35700", "2019-09-30": "2853.90100", "2019-06-30": "2916.25300", "2019-03-31": "2852.21400", "2018-12-31": "2851.39500", "2018-09-30": "3148.16000", "2018-06-30": "2628.09000", "2018-03-31": "2636.94200", "2017-12-31": "2580.20700", "2017-09-30": "2708.86100", "2017-06-30": "2528.80100", "2017-03-31": "2312.48900", "2016-12-31": "2311.68900", "2016-09-30": "2155.17600", "2016-06-30": "2117.67900", "2016-03-31": "1969.78900", "2015-12-31": "1975.94400", "2015-09-30": "2022.60600", "2015-06-30": "1867.96300", "2015-03-31": "1782.81000", "2014-12-31": "1729.89100", "2014-09-30": "1860.85900", "2014-06-30": "1722.98300", "2014-03-31": "1615.16700", "2013-12-31": "1570.05900", "2013-09-30": "1523.64800", "2013-06-30": "1746.57900", "2013-03-31": "1457.70900", "2012-12-31": "1586.96400", "2012-09-30": "1534.86300", "2012-06-30": "1374.65700", "2012-03-31": "1300.60200", "2011-12-31": "1339.10900", "2011-09-30": "1272.63200", "2011-06-30": "1194.67900", "2011-03-31": "1158.26700", "2010-12-31": "1133.68500", "2010-09-30": "1008.42200", "2010-06-30": "995.37510", "2010-03-31": "994.07700", "2009-12-31": "987.34600", "2009-09-30": "986.07790", "2009-06-30": "1006.82600", "2009-03-31": "1008.80500", "2008-12-31": "1027.39100", "2008-09-30": "1104.56500", "2008-06-30": "1179.01600", "2008-03-31": "1175.56400", "2007-12-31": "1060.07000", "2007-09-30": "1007.24500", "2007-06-30": "918.50800", "2007-03-31": "748.32300", "2006-12-31": "776.73690", "2006-09-30": "829.69000", "2006-06-30": "728.48210", "2006-03-31": "867.66700", "2005-12-31": "861.04500", "2005-09-30": "672.64900", "2005-06-30": "629.90890", "2005-03-31": "536.93500"}, "Other Non-Current Liabilities": {"2020-09-30": "76.06300", "2020-06-30": "81.20000", "2020-03-31": "85.95900", "2019-12-31": "96.57800", "2019-09-30": "101.39300", "2019-06-30": "96.11300", "2019-03-31": "84.43100", "2018-12-31": "77.91900", "2018-09-30": "98.04500", "2018-06-30": "108.33900", "2018-03-31": "122.82900", "2017-12-31": "119.10600", "2017-09-30": "114.54100", "2017-06-30": "99.72000", "2017-03-31": "90.97300", "2016-12-31": "85.86900", "2016-09-30": "89.31500", "2016-06-30": "100.97700", "2016-03-31": "115.31500", "2015-12-31": "121.59400", "2015-09-30": "131.93000", "2015-06-30": "100.40000", "2015-03-31": "84.89200", "2014-12-31": "85.17200", "2014-09-30": "91.85200", "2014-06-30": "84.88900", "2014-03-31": "91.82100", "2013-12-31": "89.03700", "2013-09-30": "97.36900", "2013-06-30": "87.92500", "2013-03-31": "73.19100", "2012-12-31": "85.95000", "2012-09-30": "99.14500", "2012-06-30": "87.48300", "2012-03-31": "73.87900", "2011-12-31": "76.95000", "2011-09-30": "72.50200", "2011-06-30": "40.39500", "2011-03-31": "39.54400", "2010-12-31": "43.77400", "2010-09-30": "40.20700", "2010-06-30": "32.84500", "2010-03-31": "29.16800", "2009-12-31": "29.28300", "2009-09-30": "35.89600", "2009-06-30": "37.44000", "2009-03-31": "35.71000", "2008-12-31": "45.52600", "2008-09-30": "45.99400", "2008-06-30": "39.65900", "2008-03-31": "42.08800", "2007-12-31": "58.67300", "2007-09-30": "41.78600", "2007-06-30": "40.31500", "2007-03-31": "32.67400", "2006-12-31": "30.82800", "2006-09-30": "26.24700", "2006-06-30": "20.90400", "2006-03-31": "20.66800", "2005-12-31": "20.05800", "2005-09-30": "23.35300", "2005-06-30": "23.52300", "2005-03-31": "12.21100"}, "Total Long Term Liabilities": {"2020-09-30": "3296.16100", "2020-06-30": "3300.47600", "2020-03-31": "3304.41700", "2019-12-31": "3084.93500", "2019-09-30": "2955.29400", "2019-06-30": "3012.36600", "2019-03-31": "2936.64500", "2018-12-31": "2929.31400", "2018-09-30": "3246.20500", "2018-06-30": "2736.42900", "2018-03-31": "2759.77100", "2017-12-31": "2699.31300", "2017-09-30": "2823.40200", "2017-06-30": "2628.52100", "2017-03-31": "2403.46200", "2016-12-31": "2397.55800", "2016-09-30": "2244.49100", "2016-06-30": "2218.65600", "2016-03-31": "2085.10400", "2015-12-31": "2097.53800", "2015-09-30": "2154.53600", "2015-06-30": "1968.36300", "2015-03-31": "1867.70200", "2014-12-31": "1815.06300", "2014-09-30": "1952.71100", "2014-06-30": "1807.87200", "2014-03-31": "1706.98800", "2013-12-31": "1659.09600", "2013-09-30": "1621.01700", "2013-06-30": "1834.50400", "2013-03-31": "1530.90000", "2012-12-31": "1672.91400", "2012-09-30": "1634.00800", "2012-06-30": "1462.14000", "2012-03-31": "1374.48100", "2011-12-31": "1416.05900", "2011-09-30": "1345.13400", "2011-06-30": "1235.07400", "2011-03-31": "1197.81100", "2010-12-31": "1177.45900", "2010-09-30": "1048.62900", "2010-06-30": "1028.22000", "2010-03-31": "1023.24500", "2009-12-31": "1016.62900", "2009-09-30": "1021.97400", "2009-06-30": "1044.26600", "2009-03-31": "1044.51500", "2008-12-31": "1072.91700", "2008-09-30": "1151.66000", "2008-06-30": "1219.95500", "2008-03-31": "1222.89300", "2007-12-31": "1121.07700", "2007-09-30": "1051.18500", "2007-06-30": "960.20500", "2007-03-31": "782.06400", "2006-12-31": "808.66300", "2006-09-30": "859.18400", "2006-06-30": "754.36510", "2006-03-31": "893.50310", "2005-12-31": "886.04210", "2005-09-30": "705.36210", "2005-06-30": "662.46690", "2005-03-31": "550.71300"}, "Total Liabilities": {"2020-09-30": "3347.48800", "2020-06-30": "3322.12800", "2020-03-31": "3346.11500", "2019-12-31": "3103.18500", "2019-09-30": "3001.18000", "2019-06-30": "3030.35000", "2019-03-31": "2984.10100", "2018-12-31": "2948.83300", "2018-09-30": "3281.50300", "2018-06-30": "2755.83000", "2018-03-31": "2796.15000", "2017-12-31": "2719.62400", "2017-09-30": "2860.45700", "2017-06-30": "2648.44200", "2017-03-31": "2439.84100", "2016-12-31": "2417.22300", "2016-09-30": "2277.28300", "2016-06-30": "2237.79400", "2016-03-31": "2118.74100", "2015-12-31": "2117.65100", "2015-09-30": "2184.04900", "2015-06-30": "1985.81100", "2015-03-31": "1897.00500", "2014-12-31": "1832.45900", "2014-09-30": "1983.24800", "2014-06-30": "1826.40400", "2014-03-31": "1734.98400", "2013-12-31": "1676.23800", "2013-09-30": "1648.93000", "2013-06-30": "1851.78100", "2013-03-31": "1559.03000", "2012-12-31": "1690.44100", "2012-09-30": "1656.12000", "2012-06-30": "1476.58000", "2012-03-31": "1396.36600", "2011-12-31": "1431.16700", "2011-09-30": "1367.50500", "2011-06-30": "1242.35900", "2011-03-31": "1216.82600", "2010-12-31": "1184.80100", "2010-09-30": "1067.02900", "2010-06-30": "1035.68400", "2010-03-31": "1041.73100", "2009-12-31": "1024.10000", "2009-09-30": "1040.42200", "2009-06-30": "1051.74100", "2009-03-31": "1063.01000", "2008-12-31": "1080.52500", "2008-09-30": "1170.38700", "2008-06-30": "1227.99000", "2008-03-31": "1241.96500", "2007-12-31": "1132.32000", "2007-09-30": "1062.95000", "2007-06-30": "969.81600", "2007-03-31": "794.69600", "2006-12-31": "820.99200", "2006-09-30": "874.95900", "2006-06-30": "770.06000", "2006-03-31": "915.70500", "2005-12-31": "905.32900", "2005-09-30": "735.66100", "2005-06-30": "692.08600", "2005-03-31": "556.02600"}, "Common Stock Net": {"2020-09-30": "1.73900", "2020-06-30": "1.73500", "2020-03-31": "1.72100", "2019-12-31": "1.71800", "2019-09-30": "1.71700", "2019-06-30": "1.63600", "2019-03-31": "1.62000", "2018-12-31": "1.61600", "2018-09-30": "1.59100", "2018-06-30": "1.57100", "2018-03-31": "1.54000", "2017-12-31": "1.53700", "2017-09-30": "1.51800", "2017-06-30": "1.49300", "2017-03-31": "1.48700", "2016-12-31": "1.47300", "2016-09-30": "1.47300", "2016-06-30": "1.46200", "2016-03-31": "1.43400", "2015-12-31": "1.41200", "2015-09-30": "1.35700", "2015-06-30": "1.34600", "2015-03-31": "1.33600", "2014-12-31": "1.32200", "2014-09-30": "1.26600", "2014-06-30": "1.24700", "2014-03-31": "1.23100", "2013-12-31": "1.22100", "2013-09-30": "1.22000", "2013-06-30": "1.19400", "2013-03-31": "1.17100", "2012-12-31": "1.11700", "2012-09-30": "1.09600", "2012-06-30": "1.07600", "2012-03-31": "1.06700", "2011-12-31": "1.04900", "2011-09-30": "0.95500", "2011-06-30": "0.86200", "2011-03-31": "0.84700", "2010-12-31": "0.83800", "2010-09-30": "0.83600", "2010-06-30": "0.83500", "2010-03-31": "0.83400", "2009-12-31": "0.82500", "2009-09-30": "0.82000", "2009-06-30": "0.80100", "2009-03-31": "0.79300", "2008-12-31": "0.78400", "2008-09-30": "0.74900", "2008-06-30": "0.74000", "2008-03-31": "0.73000", "2007-12-31": "0.72500", "2007-09-30": "0.67600", "2007-06-30": "0.67100", "2007-03-31": "0.65700", "2006-12-31": "0.59800", "2006-09-30": "0.58600", "2006-06-30": "0.58000", "2006-03-31": "0.56300", "2005-12-31": "0.55100", "2005-09-30": "0.54200", "2005-06-30": "0.53900", "2005-03-31": "0.52200"}, "Retained Earnings (Accumulated Deficit)": {"2020-09-30": "-611.53700", "2020-06-30": "-573.17400", "2020-03-31": "-526.68400", "2019-12-31": "-499.22900", "2019-09-30": "-469.64600", "2019-06-30": "-443.82200", "2019-03-31": "-432.84500", "2018-12-31": "-424.22500", "2018-09-30": "-372.87700", "2018-06-30": "-368.07400", "2018-03-31": "-357.21600", "2017-12-31": "-379.18100", "2017-09-30": "-370.75800", "2017-06-30": "-352.62600", "2017-03-31": "-334.41300", "2016-12-31": "-319.25400", "2016-09-30": "-306.56800", "2016-06-30": "-281.81800", "2016-03-31": "-262.45100", "2015-12-31": "-263.12400", "2015-09-30": "-237.71200", "2015-06-30": "-225.77700", "2015-03-31": "-207.02200", "2014-12-31": "-196.82700", "2014-09-30": "-188.84300", "2014-06-30": "-175.60800", "2014-03-31": "-162.63600", "2013-12-31": "-147.83700", "2013-09-30": "-134.00300", "2013-06-30": "-119.86600", "2013-03-31": "-105.96900", "2012-12-31": "-90.95200", "2012-09-30": "-83.49700", "2012-06-30": "-74.12300", "2012-03-31": "-60.62300", "2011-12-31": "-44.94600", "2011-09-30": "-34.01400", "2011-06-30": "-21.92200", "2011-03-31": "-9.31900", "2010-12-31": "3.23400", "2010-09-30": "22.34300", "2010-06-30": "34.41800", "2010-03-31": "46.05600", "2009-12-31": "62.41300", "2009-09-30": "116.33300", "2009-06-30": "125.78900", "2009-03-31": "129.67100", "2008-12-31": "134.64400", "2008-09-30": "145.91800", "2008-06-30": "144.99500", "2008-03-31": "143.25800", "2007-12-31": "137.59900", "2007-09-30": "130.40000", "2007-06-30": "108.47500", "2007-03-31": "85.15600", "2006-12-31": "80.26300", "2006-09-30": "44.91200", "2006-06-30": "43.92900", "2006-03-31": "-16.47300", "2005-12-31": "-20.48900", "2005-09-30": "-19.62300", "2005-06-30": "-17.22200", "2005-03-31": "-27.53100"}, "Comprehensive Income": {"2020-09-30": "-17.08200", "2020-06-30": "-17.72400", "2020-03-31": "-18.36200", "2019-12-31": "-11.12800", "2019-09-30": "-17.67400", "2019-06-30": "-10.18300", "2019-03-31": "-6.58800", "2018-12-31": "-5.69600", "2018-09-30": "-8.01200", "2018-06-30": "-11.53500", "2018-03-31": "-15.50900", "2017-12-31": "-13.73800", "2017-09-30": "-14.36700", "2017-06-30": "-8.98900", "2017-03-31": "-8.22400", "2016-12-31": "-8.19100", "2016-09-30": "-21.07100", "2016-06-30": "-17.97800", "2016-03-31": "-19.65800", "2015-12-31": "-20.35200", "2015-09-30": "-18.01500", "2015-06-30": "-8.28400", "2015-03-31": "-8.51700", "2014-12-31": "-8.65800", "2014-09-30": "-9.49100", "2014-06-30": "-9.45000", "2014-03-31": "-6.94400", "2013-12-31": "-4.50500", "2013-09-30": "-2.54800", "2013-06-30": "-3.08800", "2013-03-31": "-1.56700", "2012-12-31": "-2.38200", "2012-09-30": "-3.44800", "2012-06-30": "-3.50400", "2012-03-31": "-3.77500", "2011-12-31": "-3.83000", "2011-09-30": "-3.03900", "2011-06-30": "-3.06900", "2011-03-31": "3.32200", "2010-12-31": "1.66100", "2010-09-30": "1.19800", "2010-06-30": "0.56900", "2010-03-31": "0.66000", "2009-12-31": "0.51100", "2009-09-30": "2.43200", "2009-06-30": "4.86600", "2009-03-31": "3.32100", "2008-12-31": "2.41400", "2008-09-30": "3.84800", "2008-06-30": "3.21500", "2008-03-31": "2.81800", "2007-12-31": "1.59700", "2007-09-30": "1.63000", "2007-06-30": "6.73100", "2007-03-31": "5.59300", "2006-12-31": "5.21900", "2006-09-30": "3.63100", "2006-06-30": "3.78300", "2006-03-31": "3.59600", "2005-12-31": "", "2005-09-30": "1.25400", "2005-06-30": "1.25400", "2005-03-31": ""}, "Other Share Holders Equity": {"2020-09-30": "", "2020-06-30": "", "2020-03-31": "", "2019-12-31": "", "2019-09-30": "", "2019-06-30": "", "2019-03-31": "", "2018-12-31": "", "2018-09-30": "", "2018-06-30": "", "2018-03-31": "", "2017-12-31": "", "2017-09-30": "", "2017-06-30": "", "2017-03-31": "", "2016-12-31": "", "2016-09-30": "", "2016-06-30": "", "2016-03-31": "", "2015-12-31": "", "2015-09-30": "", "2015-06-30": "", "2015-03-31": "", "2014-12-31": "", "2014-09-30": "", "2014-06-30": "", "2014-03-31": "", "2013-12-31": "", "2013-09-30": "", "2013-06-30": "", "2013-03-31": "", "2012-12-31": "", "2012-09-30": "", "2012-06-30": "", "2012-03-31": "", "2011-12-31": "", "2011-09-30": "", "2011-06-30": "", "2011-03-31": "", "2010-12-31": "", "2010-09-30": "", "2010-06-30": "", "2010-03-31": "", "2009-12-31": "", "2009-09-30": "", "2009-06-30": "", "2009-03-31": "", "2008-12-31": "", "2008-09-30": "", "2008-06-30": "", "2008-03-31": "", "2007-12-31": "", "2007-09-30": "", "2007-06-30": "", "2007-03-31": "", "2006-12-31": "", "2006-09-30": "", "2006-06-30": "", "2006-03-31": "", "2005-12-31": "", "2005-09-30": "", "2005-06-30": "", "2005-03-31": ""}, "Share Holder Equity": {"2020-09-30": "4287.20900", "2020-06-30": "4310.80000", "2020-03-31": "4300.93500", "2019-12-31": "4331.68200", "2019-09-30": "4626.50400", "2019-06-30": "4222.45100", "2019-03-31": "4152.88700", "2018-12-31": "4154.60500", "2018-09-30": "4077.22000", "2018-06-30": "3989.11100", "2018-03-31": "3864.50600", "2017-12-31": "3840.91000", "2017-09-30": "3765.76300", "2017-06-30": "3688.68600", "2017-03-31": "3674.93100", "2016-12-31": "3916.92800", "2016-09-30": "3579.08000", "2016-06-30": "3547.49600", "2016-03-31": "3434.16200", "2015-12-31": "3342.39300", "2015-09-30": "3165.18600", "2015-06-30": "3146.15400", "2015-03-31": "3123.83100", "2014-12-31": "3083.09200", "2014-09-30": "2883.32900", "2014-06-30": "2824.45000", "2014-03-31": "2783.47800", "2013-12-31": "2778.28500", "2013-09-30": "2787.93000", "2013-06-30": "2797.57100", "2013-03-31": "2442.76000", "2012-12-31": "2297.58500", "2012-09-30": "2278.07800", "2012-06-30": "2227.41000", "2012-03-31": "2216.17200", "2011-12-31": "2003.87600", "2011-09-30": "1778.85600", "2011-06-30": "1556.44800", "2011-03-31": "1536.87100", "2010-12-31": "1528.77400", "2010-09-30": "1542.72600", "2010-06-30": "1551.71400", "2010-03-31": "1560.07000", "2009-12-31": "1566.86200", "2009-09-30": "1611.18200", "2009-06-30": "1586.41800", "2009-03-31": "1575.75500", "2008-12-31": "1568.94600", "2008-09-30": "1467.58300", "2008-06-30": "1444.44100", "2008-03-31": "1420.79500", "2007-12-31": "1407.28500", "2007-09-30": "1277.74000", "2007-06-30": "1249.22700", "2007-03-31": "1192.87200", "2006-12-31": "1096.50500", "2006-09-30": "944.45700", "2006-06-30": "930.46200", "2006-03-31": "860.64000", "2005-12-31": "828.08700", "2005-09-30": "813.71600", "2005-06-30": "809.28300", "2005-03-31": "765.38000"}, "Total Liabilities And Share Holders Equity": {"2020-09-30": "7634.69700", "2020-06-30": "7632.92800", "2020-03-31": "7647.05000", "2019-12-31": "7434.86700", "2019-09-30": "7627.68400", "2019-06-30": "7252.80100", "2019-03-31": "7136.98800", "2018-12-31": "7103.43800", "2018-09-30": "7358.72300", "2018-06-30": "6744.94100", "2018-03-31": "6660.65600", "2017-12-31": "6560.53400", "2017-09-30": "6626.22000", "2017-06-30": "6337.12800", "2017-03-31": "6114.77200", "2016-12-31": "6334.15100", "2016-09-30": "5856.36300", "2016-06-30": "5785.29000", "2016-03-31": "5552.90300", "2015-12-31": "5460.04400", "2015-09-30": "5349.23500", "2015-06-30": "5131.96500", "2015-03-31": "5020.83600", "2014-12-31": "4915.55100", "2014-09-30": "4866.57700", "2014-06-30": "4650.85400", "2014-03-31": "4518.46200", "2013-12-31": "4454.52300", "2013-09-30": "4436.86000", "2013-06-30": "4649.35200", "2013-03-31": "4001.79000", "2012-12-31": "3988.02600", "2012-09-30": "3934.19800", "2012-06-30": "3703.99000", "2012-03-31": "3612.53800", "2011-12-31": "3435.04300", "2011-09-30": "3146.36100", "2011-06-30": "2798.80700", "2011-03-31": "2753.69700", "2010-12-31": "2713.57500", "2010-09-30": "2609.75500", "2010-06-30": "2587.39800", "2010-03-31": "2601.80100", "2009-12-31": "2590.96200", "2009-09-30": "2651.60400", "2009-06-30": "2638.15900", "2009-03-31": "2638.76500", "2008-12-31": "2649.47100", "2008-09-30": "2637.97000", "2008-06-30": "2672.43100", "2008-03-31": "2662.76000", "2007-12-31": "2539.60500", "2007-09-30": "2340.69000", "2007-06-30": "2219.04300", "2007-03-31": "1987.56800", "2006-12-31": "1917.49700", "2006-09-30": "1819.41600", "2006-06-30": "1700.52200", "2006-03-31": "1776.34500", "2005-12-31": "1733.41600", "2005-09-30": "1549.37700", "2005-06-30": "1501.36900", "2005-03-31": "1321.40600"}}, "cash flow statement": {"Net Income/Loss": {"2019-12-31": "299.60800", "2018-12-31": "292.48500", "2017-12-31": "265.37100", "2016-12-31": "239.50600", "2015-12-31": "197.96100", "2014-12-31": "191.17000", "2013-12-31": "160.08500", "2012-12-31": "141.93700", "2011-12-31": "92.41600", "2010-12-31": "73.35300", "2009-12-31": "56.39900", "2008-12-31": "119.97100", "2007-12-31": "155.74200", "2006-12-31": "182.50500", "2005-12-31": "89.40000"}, "Total Depreciation And Amortization - Cash Flow": {"2019-12-31": "195.56200", "2018-12-31": "185.85100", "2017-12-31": "180.85700", "2016-12-31": "156.23600", "2015-12-31": "140.71400", "2014-12-31": "121.22100", "2013-12-31": "106.30400", "2012-12-31": "83.09600", "2011-12-31": "65.01700", "2010-12-31": "55.27800", "2009-12-31": "54.33200", "2008-12-31": "50.85500", "2007-12-31": "35.34200", "2006-12-31": "24.31600", "2005-12-31": "22.12900"}, "Other Non-Cash Items": {"2019-12-31": "10.30100", "2018-12-31": "-4.55400", "2017-12-31": "-26.02900", "2016-12-31": "15.10700", "2015-12-31": "1.06100", "2014-12-31": "-9.88400", "2013-12-31": "2.88500", "2012-12-31": "8.01700", "2011-12-31": "6.39800", "2010-12-31": "15.98300", "2009-12-31": "38.58800", "2008-12-31": "-23.40700", "2007-12-31": "-68.15500", "2006-12-31": "-108.67900", "2005-12-31": "-43.62600"}, "Total Non-Cash Items": {"2019-12-31": "205.86300", "2018-12-31": "181.29700", "2017-12-31": "154.82800", "2016-12-31": "171.34300", "2015-12-31": "141.77500", "2014-12-31": "111.33700", "2013-12-31": "109.18900", "2012-12-31": "91.11300", "2011-12-31": "71.41500", "2010-12-31": "71.26100", "2009-12-31": "92.92000", "2008-12-31": "27.44800", "2007-12-31": "-32.81300", "2006-12-31": "-84.36300", "2005-12-31": "-21.49700"}, "Change In Accounts Receivable": {"2019-12-31": "-1.41000", "2018-12-31": "-0.95000", "2017-12-31": "-1.92700", "2016-12-31": "-0.32600", "2015-12-31": "-0.70300", "2014-12-31": "-1.63900", "2013-12-31": "0.22700", "2012-12-31": "-0.90700", "2011-12-31": "1.26500", "2010-12-31": "-0.56200", "2009-12-31": "-1.13000", "2008-12-31": "-0.95200", "2007-12-31": "0.99200", "2006-12-31": "-4.34000", "2005-12-31": "8.32300"}, "Change In Inventories": {"2019-12-31": "0.60200", "2018-12-31": "0.87400", "2017-12-31": "0.88400", "2016-12-31": "1.36400", "2015-12-31": "1.27700", "2014-12-31": "1.36800", "2013-12-31": "0.54400", "2012-12-31": "-4.99200", "2011-12-31": "2.56300", "2010-12-31": "43.12800", "2009-12-31": "4.41100", "2008-12-31": "96.28200", "2007-12-31": "-7.07400", "2006-12-31": "-94.96500", "2005-12-31": "-59.66100"}, "Change In Accounts Payable": {"2019-12-31": "", "2018-12-31": "", "2017-12-31": "", "2016-12-31": "", "2015-12-31": "", "2014-12-31": "", "2013-12-31": "", "2012-12-31": "", "2011-12-31": "", "2010-12-31": "", "2009-12-31": "", "2008-12-31": "", "2007-12-31": "", "2006-12-31": "", "2005-12-31": ""}, "Change In Assets/Liabilities": {"2019-12-31": "-1.47500", "2018-12-31": "-0.72300", "2017-12-31": "1.87000", "2016-12-31": "4.29900", "2015-12-31": "-1.61400", "2014-12-31": "-7.00200", "2013-12-31": "4.88200", "2012-12-31": "-0.34500", "2011-12-31": "3.42800", "2010-12-31": "1.03200", "2009-12-31": "-3.39300", "2008-12-31": "-0.51200", "2007-12-31": "8.12500", "2006-12-31": "1.43100", "2005-12-31": "2.97700"}, "Total Change In Assets/Liabilities": {"2019-12-31": "-3.55200", "2018-12-31": "-1.59100", "2017-12-31": "1.47300", "2016-12-31": "4.88900", "2015-12-31": "1.67700", "2014-12-31": "-7.01900", "2013-12-31": "5.26800", "2012-12-31": "-3.82500", "2011-12-31": "15.02200", "2010-12-31": "43.30000", "2009-12-31": "0.18300", "2008-12-31": "90.04000", "2007-12-31": "7.21800", "2006-12-31": "-96.46600", "2005-12-31": "-48.67700"}, "Cash Flow From Operating Activities": {"2019-12-31": "501.72700", "2018-12-31": "471.90900", "2017-12-31": "421.55700", "2016-12-31": "415.33700", "2015-12-31": "341.09500", "2014-12-31": "296.73300", "2013-12-31": "274.42100", "2012-12-31": "228.13000", "2011-12-31": "177.72800", "2010-12-31": "187.91400", "2009-12-31": "149.50200", "2008-12-31": "237.45900", "2007-12-31": "130.14700", "2006-12-31": "1.67600", "2005-12-31": "19.22600"}, "Net Change In Property, Plant, And Equipment": {"2019-12-31": "-623.52400", "2018-12-31": "-608.49500", "2017-12-31": "-624.64800", "2016-12-31": "-781.84900", "2015-12-31": "-644.74100", "2014-12-31": "-543.92700", "2013-12-31": "-576.79100", "2012-12-31": "-603.52300", "2011-12-31": "-745.93700", "2010-12-31": "-220.61600", "2009-12-31": "-29.84500", "2008-12-31": "-292.59100", "2007-12-31": "-540.80600", "2006-12-31": "-128.32200", "2005-12-31": "-228.50600"}, "Net Change In Intangible Assets": {"2019-12-31": "", "2018-12-31": "", "2017-12-31": "", "2016-12-31": "", "2015-12-31": "", "2014-12-31": "", "2013-12-31": "", "2012-12-31": "", "2011-12-31": "", "2010-12-31": "", "2009-12-31": "", "2008-12-31": "", "2007-12-31": "", "2006-12-31": "", "2005-12-31": ""}, "Net Acquisitions/Divestitures": {"2019-12-31": "", "2018-12-31": "", "2017-12-31": "", "2016-12-31": "", "2015-12-31": "", "2014-12-31": "", "2013-12-31": "", "2012-12-31": "", "2011-12-31": "", "2010-12-31": "", "2009-12-31": "", "2008-12-31": "", "2007-12-31": "", "2006-12-31": "", "2005-12-31": "1.35400"}, "Net Change In Short-term Investments": {"2019-12-31": "", "2018-12-31": "", "2017-12-31": "", "2016-12-31": "", "2015-12-31": "", "2014-12-31": "", "2013-12-31": "", "2012-12-31": "", "2011-12-31": "", "2010-12-31": "", "2009-12-31": "", "2008-12-31": "", "2007-12-31": "", "2006-12-31": "10.23900", "2005-12-31": ""}, "Net Change In Long-Term Investments": {"2019-12-31": "", "2018-12-31": "", "2017-12-31": "", "2016-12-31": "", "2015-12-31": "", "2014-12-31": "", "2013-12-31": "", "2012-12-31": "", "2011-12-31": "", "2010-12-31": "", "2009-12-31": "", "2008-12-31": "-0.90100", "2007-12-31": "-4.15600", "2006-12-31": "", "2005-12-31": ""}, "Net Change In Investments - Total": {"2019-12-31": "", "2018-12-31": "", "2017-12-31": "", "2016-12-31": "", "2015-12-31": "", "2014-12-31": "", "2013-12-31": "", "2012-12-31": "", "2011-12-31": "", "2010-12-31": "", "2009-12-31": "", "2008-12-31": "-0.90100", "2007-12-31": "-4.15600", "2006-12-31": "10.23900", "2005-12-31": ""}, "Investing Activities - Other": {"2019-12-31": "4.11600", "2018-12-31": "-0.87600", "2017-12-31": "-0.90900", "2016-12-31": "1.90600", "2015-12-31": "0.19700", "2014-12-31": "2.36900", "2013-12-31": "8.75100", "2012-12-31": "1.76400", "2011-12-31": "-6.13100", "2010-12-31": "0.35600", "2009-12-31": "1.78200", "2008-12-31": "37.18800", "2007-12-31": "8.24500", "2006-12-31": "27.98400", "2005-12-31": "-3.63100"}, "Cash Flow From Investing Activities": {"2019-12-31": "-619.40800", "2018-12-31": "-609.37100", "2017-12-31": "-625.55700", "2016-12-31": "-779.94300", "2015-12-31": "-644.54400", "2014-12-31": "-541.55800", "2013-12-31": "-568.04000", "2012-12-31": "-601.75900", "2011-12-31": "-752.06800", "2010-12-31": "-220.26000", "2009-12-31": "-28.06300", "2008-12-31": "-256.30400", "2007-12-31": "-536.71700", "2006-12-31": "-90.09900", "2005-12-31": "-230.78300"}, "Net Long-Term Debt": {"2019-12-31": "-0.56700", "2018-12-31": "392.37500", "2017-12-31": "147.86200", "2016-12-31": "336.17800", "2015-12-31": "247.00100", "2014-12-31": "198.14200", "2013-12-31": "99.53900", "2012-12-31": "85.97200", "2011-12-31": "294.63300", "2010-12-31": "-26.45300", "2009-12-31": "-16.58000", "2008-12-31": "101.65700", "2007-12-31": "181.40300", "2006-12-31": "148.50900", "2005-12-31": "131.81600"}, "Net Current Debt": {"2019-12-31": "133.60000", "2018-12-31": "-120.50000", "2017-12-31": "120.50000", "2016-12-31": "", "2015-12-31": "", "2014-12-31": "-46.40000", "2013-12-31": "-127.80000", "2012-12-31": "108.60000", "2011-12-31": "-95.40000", "2010-12-31": "161.00000", "2009-12-31": "-26.50000", "2008-12-31": "-103.30000", "2007-12-31": "101.80000", "2006-12-31": "-134.30000", "2005-12-31": "144.40000"}, "Debt Issuance/Retirement Net - Total": {"2019-12-31": "133.03300", "2018-12-31": "271.87500", "2017-12-31": "268.36200", "2016-12-31": "336.17800", "2015-12-31": "247.00100", "2014-12-31": "151.74200", "2013-12-31": "-28.26100", "2012-12-31": "194.57200", "2011-12-31": "199.23300", "2010-12-31": "134.54700", "2009-12-31": "-43.08000", "2008-12-31": "-1.64300", "2007-12-31": "283.20300", "2006-12-31": "14.20900", "2005-12-31": "276.21600"}, "Net Common Equity Issued/Repurchased": {"2019-12-31": "542.28000", "2018-12-31": "345.32400", "2017-12-31": "256.76400", "2016-12-31": "278.04000", "2015-12-31": "332.11700", "2014-12-31": "360.07200", "2013-12-31": "267.61300", "2012-12-31": "185.22300", "2011-12-31": "540.56000", "2010-12-31": "17.69200", "2009-12-31": "68.06000", "2008-12-31": "127.32800", "2007-12-31": "310.20800", "2006-12-31": "70.39200", "2005-12-31": "23.26800"}, "Net Total Equity Issued/Repurchased": {"2019-12-31": "254.78000", "2018-12-31": "345.32400", "2017-12-31": "-30.73600", "2016-12-31": "623.04000", "2015-12-31": "332.11700", "2014-12-31": "360.07200", "2013-12-31": "555.11300", "2012-12-31": "380.72300", "2011-12-31": "540.56000", "2010-12-31": "17.69200", "2009-12-31": "68.06000", "2008-12-31": "127.32800", "2007-12-31": "265.66800", "2006-12-31": "159.29400", "2005-12-31": "23.26800"}, "Total Common And Preferred Stock Dividends Paid": {"2019-12-31": "-364.83300", "2018-12-31": "-337.49100", "2017-12-31": "-315.04500", "2016-12-31": "-295.63000", "2015-12-31": "-264.13300", "2014-12-31": "-239.59100", "2013-12-31": "-217.03000", "2012-12-31": "-184.92300", "2011-12-31": "-140.50500", "2010-12-31": "-132.17600", "2009-12-31": "-127.04100", "2008-12-31": "-116.89200", "2007-12-31": "-99.77400", "2006-12-31": "-87.57400", "2005-12-31": "-78.55900"}, "Financial Activities - Other": {"2019-12-31": "-18.45400", "2018-12-31": "-29.34300", "2017-12-31": "-11.75700", "2016-12-31": "-18.70200", "2015-12-31": "-7.88000", "2014-12-31": "-18.27900", "2013-12-31": "-16.79400", "2012-12-31": "-16.74900", "2011-12-31": "-24.91400", "2010-12-31": "-0.89400", "2009-12-31": "-6.77900", "2008-12-31": "-14.82100", "2007-12-31": "-16.70300", "2006-12-31": "-4.06500", "2005-12-31": "-3.08100"}, "Cash Flow From Financial Activities": {"2019-12-31": "4.52600", "2018-12-31": "250.36500", "2017-12-31": "-89.17600", "2016-12-31": "644.88600", "2015-12-31": "307.10500", "2014-12-31": "253.94400", "2013-12-31": "293.02800", "2012-12-31": "373.62300", "2011-12-31": "574.37400", "2010-12-31": "19.16900", "2009-12-31": "-108.84000", "2008-12-31": "-6.02800", "2007-12-31": "432.39400", "2006-12-31": "81.86400", "2005-12-31": "217.84400"}, "Net Cash Flow": {"2019-12-31": "-113.15500", "2018-12-31": "112.90300", "2017-12-31": "-293.17600", "2016-12-31": "280.28000", "2015-12-31": "3.65600", "2014-12-31": "9.11900", "2013-12-31": "-0.59100", "2012-12-31": "-0.00600", "2011-12-31": "0.03400", "2010-12-31": "-13.17700", "2009-12-31": "12.59900", "2008-12-31": "-24.87300", "2007-12-31": "25.82400", "2006-12-31": "-6.55900", "2005-12-31": "6.28700"}, "Stock-Based Compensation": {"2019-12-31": "", "2018-12-31": "", "2017-12-31": "", "2016-12-31": "", "2015-12-31": "", "2014-12-31": "", "2013-12-31": "", "2012-12-31": "", "2011-12-31": "", "2010-12-31": "", "2009-12-31": "", "2008-12-31": "", "2007-12-31": "2.60400", "2006-12-31": "3.17000", "2005-12-31": "1.97100"}, "Common Stock Dividends Paid": {"2019-12-31": "-333.69200", "2018-12-31": "-303.16400", "2017-12-31": "-277.12000", "2016-12-31": "", "2015-12-31": "-228.69900", "2014-12-31": "-204.15700", "2013-12-31": "-189.10700", "2012-12-31": "-167.49500", "2011-12-31": "-133.72000", "2010-12-31": "-125.39100", "2009-12-31": "-120.25600", "2008-12-31": "-110.10700", "2007-12-31": "-92.98900", "2006-12-31": "-81.85600", "2005-12-31": "-72.87600"}}, "cash flow statement, quarterly": {"Net Income/Loss": {"2020-09-30": 56.068, "2020-06-30": 46.265, "2020-03-31": "65.17600", "2019-12-31": 73.786, "2019-09-30": 66.698, "2019-06-30": 79.091, "2019-03-31": "80.03300", "2018-12-31": 36.57, "2018-09-30": 82.042, "2018-06-30": 70.584, "2018-03-31": "103.28900", "2017-12-31": 72.185, "2017-09-30": 61.129, "2017-06-30": 58.409, "2017-03-31": "73.64800", "2016-12-31": 66.125, "2016-09-30": 50.772, "2016-06-30": 51.933, "2016-03-31": "70.67600", "2015-12-31": 42.476, "2015-09-30": 55.256, "2015-06-30": 46.191, "2015-03-31": "54.03800", "2014-12-31": 53.774, "2014-09-30": 47.972, "2014-06-30": 45.583, "2014-03-31": "43.84100", "2013-12-31": 44.234, "2013-09-30": 44.342, "2013-06-30": 37.606, "2013-03-31": "33.90300", "2012-12-31": 40.647, "2012-09-30": 37.991, "2012-06-30": 33.475, "2012-03-31": "29.82400", "2011-12-31": 27.685, "2011-09-30": 22.608, "2011-06-30": 21.27, "2011-03-31": "20.85300", "2010-12-31": 14.21, "2010-09-30": 21.195, "2010-06-30": 21.65, "2010-03-31": "16.29800", "2009-12-31": -11.436, "2009-09-30": 22.796, "2009-06-30": 18.265, "2009-03-31": "26.77400", "2008-12-31": 27.065, "2008-09-30": 28.891, "2008-06-30": 31.776, "2008-03-31": "32.23900", "2007-12-31": 32.997, "2007-09-30": 47.386, "2007-06-30": 48.655, "2007-03-31": "26.70400", "2006-12-31": 57.401, "2006-09-30": 21.455, "2006-06-30": 80.201, "2006-03-31": "23.44800", "2005-12-31": 18.172, "2005-09-30": 16.531, "2005-06-30": 28.693, "2005-03-31": "26.00400"}, "Total Depreciation And Amortization - Cash Flow": {"2020-09-30": 51.486, "2020-06-30": 50.956, "2020-03-31": "53.26300", "2019-12-31": 49.798, "2019-09-30": 50.028, "2019-06-30": 47.909, "2019-03-31": "47.82700", "2018-12-31": 49.958, "2018-09-30": 44.375, "2018-06-30": 45.17, "2018-03-31": "46.34800", "2017-12-31": 45.709, "2017-09-30": 50.213, "2017-06-30": 43.07, "2017-03-31": "41.86500", "2016-12-31": 40.82, "2016-09-30": 40.763, "2016-06-30": 38.26, "2016-03-31": "36.39300", "2015-12-31": 36.558, "2015-09-30": 35.023, "2015-06-30": 35.604, "2015-03-31": "33.52900", "2014-12-31": 31.754, "2014-09-30": 31.159, "2014-06-30": 29.218, "2014-03-31": "29.09000", "2013-12-31": 28.27, "2013-09-30": 27.069, "2013-06-30": 24.851, "2013-03-31": "26.11400", "2012-12-31": 21.866, "2012-09-30": 21.355, "2012-06-30": 20.375, "2012-03-31": "19.50000", "2011-12-31": 17.23, "2011-09-30": 16.859, "2011-06-30": 15.647, "2011-03-31": "15.28100", "2010-12-31": 14.441, "2010-09-30": 13.597, "2010-06-30": 13.685, "2010-03-31": "13.55500", "2009-12-31": 14.262, "2009-09-30": 12.971, "2009-06-30": 13.653, "2009-03-31": "13.44600", "2008-12-31": 14.002, "2008-09-30": 13.161, "2008-06-30": 12.649, "2008-03-31": "11.04300", "2007-12-31": 12.469, "2007-09-30": 8.253, "2007-06-30": 7.706, "2007-03-31": "6.91400", "2006-12-31": 6.619, "2006-09-30": 5.641, "2006-06-30": 5.505, "2006-03-31": "6.55100", "2005-12-31": 6.405, "2005-09-30": 6.42, "2005-06-30": 4.773, "2005-03-31": "4.53100"}, "Other Non-Cash Items": {"2020-09-30": 8.941, "2020-06-30": 24.332, "2020-03-31": "-1.48700", "2019-12-31": 6.879, "2019-09-30": 11.632, "2019-06-30": -3.022, "2019-03-31": "-5.18800", "2018-12-31": 31.899, "2018-09-30": -4.245, "2018-06-30": 2.297, "2018-03-31": "-34.50500", "2017-12-31": -9.96, "2017-09-30": -8.899, "2017-06-30": 4.355, "2017-03-31": "-11.52500", "2016-12-31": 11.753, "2016-09-30": 9.301, "2016-06-30": 7.837, "2016-03-31": "-13.78400", "2015-12-31": -0.748, "2015-09-30": 0.635, "2015-06-30": 5.477, "2015-03-31": "-4.30300", "2014-12-31": -0.352, "2014-09-30": -0.887, "2014-06-30": -6.829, "2014-03-31": "-1.81600", "2013-12-31": 2.017, "2013-09-30": 0.475, "2013-06-30": -2.124, "2013-03-31": "2.51700", "2012-12-31": -9.055, "2012-09-30": 12.978, "2012-06-30": 2.107, "2012-03-31": "1.98700", "2011-12-31": 0.543, "2011-09-30": 2.221, "2011-06-30": 1.858, "2011-03-31": "1.77600", "2010-12-31": 9.283, "2010-09-30": 1.331, "2010-06-30": 0.538, "2010-03-31": "4.83100", "2009-12-31": 34.068, "2009-09-30": -0.064, "2009-06-30": 7.794, "2009-03-31": "-3.21000", "2008-12-31": -4.727, "2008-09-30": -2.186, "2008-06-30": -5.923, "2008-03-31": "-10.57100", "2007-12-31": -12.032, "2007-09-30": -24.566, "2007-06-30": -24.533, "2007-03-31": "-7.02400", "2006-12-31": -37.771, "2006-09-30": -1.303, "2006-06-30": -60.7, "2006-03-31": "-8.90500", "2005-12-31": -17.245, "2005-09-30": -5.003, "2005-06-30": -9.715, "2005-03-31": "-11.66300"}, "Total Non-Cash Items": {"2020-09-30": 60.427, "2020-06-30": 75.288, "2020-03-31": "51.77600", "2019-12-31": 56.677, "2019-09-30": 61.66, "2019-06-30": 44.887, "2019-03-31": "42.63900", "2018-12-31": 81.857, "2018-09-30": 40.13, "2018-06-30": 47.467, "2018-03-31": "11.84300", "2017-12-31": 35.749, "2017-09-30": 41.314, "2017-06-30": 47.425, "2017-03-31": "30.34000", "2016-12-31": 52.573, "2016-09-30": 50.064, "2016-06-30": 46.097, "2016-03-31": "22.60900", "2015-12-31": 35.81, "2015-09-30": 35.658, "2015-06-30": 41.081, "2015-03-31": "29.22600", "2014-12-31": 31.402, "2014-09-30": 30.272, "2014-06-30": 22.389, "2014-03-31": "27.27400", "2013-12-31": 30.287, "2013-09-30": 27.544, "2013-06-30": 22.727, "2013-03-31": "28.63100", "2012-12-31": 12.811, "2012-09-30": 34.333, "2012-06-30": 22.482, "2012-03-31": "21.48700", "2011-12-31": 17.773, "2011-09-30": 19.08, "2011-06-30": 17.505, "2011-03-31": "17.05700", "2010-12-31": 23.724, "2010-09-30": 14.928, "2010-06-30": 14.223, "2010-03-31": "18.38600", "2009-12-31": 48.33, "2009-09-30": 12.907, "2009-06-30": 21.447, "2009-03-31": "10.23600", "2008-12-31": 9.275, "2008-09-30": 10.975, "2008-06-30": 6.726, "2008-03-31": "0.47200", "2007-12-31": 0.437, "2007-09-30": -16.313, "2007-06-30": -16.827, "2007-03-31": "-0.11000", "2006-12-31": -31.152, "2006-09-30": 4.338, "2006-06-30": -55.195, "2006-03-31": "-2.35400", "2005-12-31": -10.84, "2005-09-30": 1.417, "2005-06-30": -4.942, "2005-03-31": "-7.13200"}, "Change In Accounts Receivable": {"2020-09-30": 12.1, "2020-06-30": -45.415, "2020-03-31": "-1.40100", "2019-12-31": -0.623, "2019-09-30": -0.917, "2019-06-30": -0.01, "2019-03-31": "0.14000", "2018-12-31": -1.633, "2018-09-30": 0.384, "2018-06-30": 1.172, "2018-03-31": "-0.87300", "2017-12-31": -0.651, "2017-09-30": -1.582, "2017-06-30": 0.674, "2017-03-31": "-0.36800", "2016-12-31": -1.218, "2016-09-30": -0.09, "2016-06-30": 0.753, "2016-03-31": "0.22900", "2015-12-31": -1.93, "2015-09-30": -0.061, "2015-06-30": 0.449, "2015-03-31": "0.83900", "2014-12-31": -1.179, "2014-09-30": -0.375, "2014-06-30": 0.099, "2014-03-31": "-0.18400", "2013-12-31": -1.728, "2013-09-30": 2.158, "2013-06-30": 0.672, "2013-03-31": "-0.87500", "2012-12-31": -1.263, "2012-09-30": -0.059, "2012-06-30": 0.385, "2012-03-31": "0.03000", "2011-12-31": -0.732, "2011-09-30": 0.938, "2011-06-30": 0.425, "2011-03-31": "0.63400", "2010-12-31": -1.012, "2010-09-30": 2.26, "2010-06-30": -2.153, "2010-03-31": "0.34300", "2009-12-31": -0.783, "2009-09-30": -0.196, "2009-06-30": -0.836, "2009-03-31": "0.68500", "2008-12-31": 1.253, "2008-09-30": -0.473, "2008-06-30": 2.69, "2008-03-31": "-4.42200", "2007-12-31": 1.057, "2007-09-30": -0.508, "2007-06-30": 1.576, "2007-03-31": "-1.13300", "2006-12-31": 0.001, "2006-09-30": -2.179, "2006-06-30": -2.153, "2006-03-31": "-0.00900", "2005-12-31": 2.773, "2005-09-30": 4.033, "2005-06-30": 0.194, "2005-03-31": "1.32300"}, "Change In Inventories": {"2020-09-30": 0.061, "2020-06-30": 0.022, "2020-03-31": "0.06100", "2019-12-31": 0.094, "2019-09-30": 0.17, "2019-06-30": 0.166, "2019-03-31": "0.17200", "2018-12-31": 0.219, "2018-09-30": 0.193, "2018-06-30": 0.234, "2018-03-31": "0.22800", "2017-12-31": 0.223, "2017-09-30": 0.218, "2017-06-30": 0.212, "2017-03-31": "0.23100", "2016-12-31": 0.31, "2016-09-30": 0.362, "2016-06-30": 0.352, "2016-03-31": "0.34000", "2015-12-31": 0.332, "2015-09-30": 0.269, "2015-06-30": 0.342, "2015-03-31": "0.33400", "2014-12-31": 0.355, "2014-09-30": 0.347, "2014-06-30": 0.338, "2014-03-31": "0.32800", "2013-12-31": 0.343, "2013-09-30": 0.42, "2013-06-30": 0.41, "2013-03-31": "-0.62900", "2012-12-31": -1.273, "2012-09-30": -0.054, "2012-06-30": 0.748, "2012-03-31": "-4.41300", "2011-12-31": 1.96, "2011-09-30": -0.47, "2011-06-30": 0.016, "2011-03-31": "1.05700", "2010-12-31": 0.063, "2010-09-30": 0.154, "2010-06-30": 41.924, "2010-03-31": "0.98700", "2009-12-31": 1.528, "2009-09-30": 0.06, "2009-06-30": 0.231, "2009-03-31": "2.59200", "2008-12-31": -0.623, "2008-09-30": 47.553, "2008-06-30": 14.864, "2008-03-31": "34.48800", "2007-12-31": -110.509, "2007-09-30": 36.888, "2007-06-30": 23.75, "2007-03-31": "42.79700", "2006-12-31": -26.057, "2006-09-30": -17.82, "2006-06-30": -38.751, "2006-03-31": "-12.33700", "2005-12-31": -49.515, "2005-09-30": 2.237, "2005-06-30": -8.88, "2005-03-31": "-3.50300"}, "Change In Accounts Payable": {"2020-09-30": 0, "2020-06-30": 0, "2020-03-31": "", "2019-12-31": 0, "2019-09-30": 0, "2019-06-30": 0, "2019-03-31": "", "2018-12-31": 0, "2018-09-30": 0, "2018-06-30": 0, "2018-03-31": "", "2017-12-31": 0, "2017-09-30": 0, "2017-06-30": 0, "2017-03-31": "", "2016-12-31": 0, "2016-09-30": 0, "2016-06-30": 0, "2016-03-31": "", "2015-12-31": 0, "2015-09-30": 0, "2015-06-30": 0, "2015-03-31": "", "2014-12-31": 0, "2014-09-30": 0, "2014-06-30": 0, "2014-03-31": "", "2013-12-31": 0, "2013-09-30": 0, "2013-06-30": 0, "2013-03-31": "", "2012-12-31": 0, "2012-09-30": 0, "2012-06-30": 0, "2012-03-31": "", "2011-12-31": 0, "2011-09-30": 0, "2011-06-30": 0, "2011-03-31": "", "2010-12-31": 0, "2010-09-30": 0, "2010-06-30": 0, "2010-03-31": "", "2009-12-31": 0, "2009-09-30": 0, "2009-06-30": 0, "2009-03-31": "", "2008-12-31": 0, "2008-09-30": 0, "2008-06-30": 0, "2008-03-31": "", "2007-12-31": 0, "2007-09-30": 0, "2007-06-30": 0, "2007-03-31": "", "2006-12-31": 0, "2006-09-30": 0, "2006-06-30": 0, "2006-03-31": "", "2005-12-31": 0, "2005-09-30": 0, "2005-06-30": 0, "2005-03-31": ""}, "Change In Assets/Liabilities": {"2020-09-30": 3.08, "2020-06-30": 3.556, "2020-03-31": "-11.11600", "2019-12-31": 0.4, "2019-09-30": 8.199, "2019-06-30": -2.747, "2019-03-31": "-7.32700", "2018-12-31": 5.177, "2018-09-30": -1.062, "2018-06-30": -4.17, "2018-03-31": "-0.66800", "2017-12-31": 0.564, "2017-09-30": -2.98, "2017-06-30": 7.534, "2017-03-31": "-3.24800", "2016-12-31": -3.789, "2016-09-30": 11.923, "2016-06-30": 0.807, "2016-03-31": "-4.64200", "2015-12-31": -3.59, "2015-09-30": 6.468, "2015-06-30": -4.779, "2015-03-31": "0.28700", "2014-12-31": -6.31, "2014-09-30": 2.9, "2014-06-30": -0.992, "2014-03-31": "-2.60000", "2013-12-31": 0.739, "2013-09-30": 5.188, "2013-06-30": 0.872, "2013-03-31": "-1.91700", "2012-12-31": 3.183, "2012-09-30": -0.18, "2012-06-30": -0.125, "2012-03-31": "-3.22300", "2011-12-31": 1.513, "2011-09-30": 3.692, "2011-06-30": 1.2, "2011-03-31": "-2.97700", "2010-12-31": 0.378, "2010-09-30": 2.463, "2010-06-30": -1.296, "2010-03-31": "-0.51300", "2009-12-31": -3.465, "2009-09-30": 1.652, "2009-06-30": 0.857, "2009-03-31": "-2.43700", "2008-12-31": 1.41, "2008-09-30": 1.686, "2008-06-30": -4.047, "2008-03-31": "0.43900", "2007-12-31": 5.99, "2007-09-30": 0.402, "2007-06-30": 3.853, "2007-03-31": "-2.12000", "2006-12-31": -2.681, "2006-09-30": 3.756, "2006-06-30": 0.591, "2006-03-31": "-0.23500", "2005-12-31": -3.86, "2005-09-30": 3.38, "2005-06-30": 3.797, "2005-03-31": "-0.34000"}, "Total Change In Assets/Liabilities": {"2020-09-30": 44.916, "2020-06-30": -61.883, "2020-03-31": "10.99200", "2019-12-31": -27.765, "2019-09-30": 35.354, "2019-06-30": -32.063, "2019-03-31": "20.92200", "2018-12-31": -12.016, "2018-09-30": 15.412, "2018-06-30": -19.742, "2018-03-31": "14.75500", "2017-12-31": -16.608, "2017-09-30": 12.79, "2017-06-30": -8.038, "2017-03-31": "13.32900", "2016-12-31": -17.824, "2016-09-30": 25.849, "2016-06-30": -12.587, "2016-03-31": "9.45100", "2015-12-31": -14.588, "2015-09-30": 18.741, "2015-06-30": -15.843, "2015-03-31": "13.36700", "2014-12-31": -20.275, "2014-09-30": 14.877, "2014-06-30": -10.019, "2014-03-31": "8.39800", "2013-12-31": -11.417, "2013-09-30": 18.402, "2013-06-30": -8.899, "2013-03-31": "7.18200", "2012-12-31": 3.254, "2012-09-30": -0.068, "2012-06-30": -6.3, "2012-03-31": "-0.71100", "2011-12-31": -5.484, "2011-09-30": 19.414, "2011-06-30": -9.864, "2011-03-31": "10.95600", "2010-12-31": -11.978, "2010-09-30": 15.777, "2010-06-30": 27.739, "2010-03-31": "11.76200", "2009-12-31": -13.366, "2009-09-30": 12.545, "2009-06-30": -10.77, "2009-03-31": "11.77400", "2008-12-31": -9.663, "2008-09-30": 59.017, "2008-06-30": 2.436, "2008-03-31": "38.25000", "2007-12-31": -100.403, "2007-09-30": 39.575, "2007-06-30": 27.053, "2007-03-31": "40.99300", "2006-12-31": -30.592, "2006-09-30": -13.858, "2006-06-30": -44.31, "2006-03-31": "-7.70600", "2005-12-31": -50.807, "2005-09-30": 10.021, "2005-06-30": -5.391, "2005-03-31": "-2.50000"}, "Cash Flow From Operating Activities": {"2020-09-30": 161.107, "2020-06-30": 59.633, "2020-03-31": "128.08400", "2019-12-31": 102.695, "2019-09-30": 163.691, "2019-06-30": 91.965, "2019-03-31": "143.37600", "2018-12-31": 106.401, "2018-09-30": 137.277, "2018-06-30": 98.234, "2018-03-31": "129.99700", "2017-12-31": 91.342, "2017-09-30": 115.144, "2017-06-30": 97.879, "2017-03-31": "117.19200", "2016-12-31": 101.131, "2016-09-30": 126.558, "2016-06-30": 85.225, "2016-03-31": "102.42300", "2015-12-31": 63.113, "2015-09-30": 110.153, "2015-06-30": 70.691, "2015-03-31": "97.13800", "2014-12-31": 64.98, "2014-09-30": 93.502, "2014-06-30": 58.439, "2014-03-31": "79.81200", "2013-12-31": 62.483, "2013-09-30": 90.748, "2013-06-30": 52.367, "2013-03-31": "68.82300", "2012-12-31": 55.617, "2012-09-30": 72.256, "2012-06-30": 49.657, "2012-03-31": "50.60000", "2011-12-31": 38.583, "2011-09-30": 61.286, "2011-06-30": 28.993, "2011-03-31": "48.86600", "2010-12-31": 26.023, "2010-09-30": 51.568, "2010-06-30": 63.877, "2010-03-31": "46.44600", "2009-12-31": 23.528, "2009-09-30": 48.248, "2009-06-30": 28.942, "2009-03-31": "48.78400", "2008-12-31": 26.677, "2008-09-30": 98.883, "2008-06-30": 40.938, "2008-03-31": "70.96100", "2007-12-31": -66.969, "2007-09-30": 70.648, "2007-06-30": 58.881, "2007-03-31": "67.58700", "2006-12-31": 1.594, "2006-09-30": 10.242, "2006-06-30": -21.251, "2006-03-31": "11.09100", "2005-12-31": -43.475, "2005-09-30": 27.969, "2005-06-30": 18.36, "2005-03-31": "16.37200"}, "Net Change In Property, Plant, And Equipment": {"2020-09-30": -6.854, "2020-06-30": -10.81, "2020-03-31": "-30.81300", "2019-12-31": -210.417, "2019-09-30": -93.42, "2019-06-30": -224.466, "2019-03-31": "-95.22100", "2018-12-31": -315.187, "2018-09-30": -51.95, "2018-06-30": -137.999, "2018-03-31": "-103.35900", "2017-12-31": -209.531, "2017-09-30": -64.749, "2017-06-30": -291.561, "2017-03-31": "-58.80700", "2016-12-31": -227.968, "2016-09-30": -141.374, "2016-06-30": -336.832, "2016-03-31": "-75.67500", "2015-12-31": -149.987, "2015-09-30": -235.046, "2015-06-30": -131.086, "2015-03-31": "-128.62200", "2014-12-31": -63.304, "2014-09-30": -323.743, "2014-06-30": -79.319, "2014-03-31": "-77.56100", "2013-12-31": -59.113, "2013-09-30": -49.536, "2013-06-30": -421.338, "2013-03-31": "-46.80400", "2012-12-31": -219.826, "2012-09-30": -106.909, "2012-06-30": -90.236, "2012-03-31": "-186.55200", "2011-12-31": -319.543, "2011-09-30": -315.528, "2011-06-30": -54.127, "2011-03-31": "-56.73900", "2010-12-31": -121.194, "2010-09-30": -105.126, "2010-06-30": 10.776, "2010-03-31": "-5.07200", "2009-12-31": -3.216, "2009-09-30": -9.601, "2009-06-30": -6.806, "2009-03-31": "-10.22200", "2008-12-31": -30.89, "2008-09-30": -4.928, "2008-06-30": -101.571, "2008-03-31": "-155.20200", "2007-12-31": -118.511, "2007-09-30": -88.684, "2007-06-30": -279.903, "2007-03-31": "-53.70800", "2006-12-31": 123.064, "2006-09-30": -266.267, "2006-06-30": 33.666, "2006-03-31": "-18.78500", "2005-12-31": -152.245, "2005-09-30": -42.543, "2005-06-30": -19.729, "2005-03-31": "-13.98900"}, "Net Change In Intangible Assets": {"2020-09-30": 0, "2020-06-30": 0, "2020-03-31": "", "2019-12-31": 0, "2019-09-30": 0, "2019-06-30": 0, "2019-03-31": "", "2018-12-31": 0, "2018-09-30": 0, "2018-06-30": 0, "2018-03-31": "", "2017-12-31": 0, "2017-09-30": 0, "2017-06-30": 0, "2017-03-31": "", "2016-12-31": 0, "2016-09-30": 0, "2016-06-30": 0, "2016-03-31": "", "2015-12-31": 0, "2015-09-30": 0, "2015-06-30": 0, "2015-03-31": "", "2014-12-31": 0, "2014-09-30": 0, "2014-06-30": 0, "2014-03-31": "", "2013-12-31": 0, "2013-09-30": 0, "2013-06-30": 0, "2013-03-31": "", "2012-12-31": 0, "2012-09-30": 0, "2012-06-30": 0, "2012-03-31": "", "2011-12-31": 0, "2011-09-30": 0, "2011-06-30": 0, "2011-03-31": "", "2010-12-31": 0, "2010-09-30": 0, "2010-06-30": 0, "2010-03-31": "", "2009-12-31": 0, "2009-09-30": 0, "2009-06-30": 0, "2009-03-31": "", "2008-12-31": 0, "2008-09-30": 0, "2008-06-30": 0, "2008-03-31": "", "2007-12-31": 0, "2007-09-30": 0, "2007-06-30": 0, "2007-03-31": "", "2006-12-31": 0, "2006-09-30": 0, "2006-06-30": 0, "2006-03-31": "", "2005-12-31": 0, "2005-09-30": 0, "2005-06-30": 0, "2005-03-31": ""}, "Net Acquisitions/Divestitures": {"2020-09-30": 0, "2020-06-30": 0, "2020-03-31": "", "2019-12-31": 0, "2019-09-30": 0, "2019-06-30": 0, "2019-03-31": "", "2018-12-31": 0, "2018-09-30": 0, "2018-06-30": 0, "2018-03-31": "", "2017-12-31": 0, "2017-09-30": 0, "2017-06-30": 0, "2017-03-31": "", "2016-12-31": 0, "2016-09-30": 0, "2016-06-30": 0, "2016-03-31": "", "2015-12-31": 0, "2015-09-30": 0, "2015-06-30": 0, "2015-03-31": "", "2014-12-31": 0, "2014-09-30": 0, "2014-06-30": 0, "2014-03-31": "", "2013-12-31": 0, "2013-09-30": 0, "2013-06-30": 0, "2013-03-31": "", "2012-12-31": 0, "2012-09-30": 0, "2012-06-30": 0, "2012-03-31": "", "2011-12-31": 0, "2011-09-30": 0, "2011-06-30": 0, "2011-03-31": "", "2010-12-31": 1.603, "2010-09-30": -1.603, "2010-06-30": 0, "2010-03-31": "", "2009-12-31": 0, "2009-09-30": 0, "2009-06-30": 0, "2009-03-31": "", "2008-12-31": 0, "2008-09-30": 0, "2008-06-30": 0, "2008-03-31": "", "2007-12-31": 0, "2007-09-30": 0, "2007-06-30": 0, "2007-03-31": "", "2006-12-31": 0, "2006-09-30": 0, "2006-06-30": 0, "2006-03-31": "", "2005-12-31": -18.256, "2005-09-30": 0.829, "2005-06-30": 19.61, "2005-03-31": "-0.82900"}, "Net Change In Short-term Investments": {"2020-09-30": 0, "2020-06-30": 0, "2020-03-31": "", "2019-12-31": 0, "2019-09-30": 0, "2019-06-30": 0, "2019-03-31": "", "2018-12-31": 0, "2018-09-30": 0, "2018-06-30": 0, "2018-03-31": "", "2017-12-31": 0, "2017-09-30": 0, "2017-06-30": 0, "2017-03-31": "", "2016-12-31": 0, "2016-09-30": 0, "2016-06-30": 0, "2016-03-31": "", "2015-12-31": 0, "2015-09-30": 0, "2015-06-30": 0, "2015-03-31": "", "2014-12-31": 0, "2014-09-30": 0, "2014-06-30": 0, "2014-03-31": "", "2013-12-31": 0, "2013-09-30": 0, "2013-06-30": 0, "2013-03-31": "", "2012-12-31": 0, "2012-09-30": 0, "2012-06-30": 0, "2012-03-31": "", "2011-12-31": 0, "2011-09-30": 0, "2011-06-30": 0, "2011-03-31": "", "2010-12-31": 0, "2010-09-30": 0, "2010-06-30": 0, "2010-03-31": "", "2009-12-31": 0, "2009-09-30": 0, "2009-06-30": 0, "2009-03-31": "", "2008-12-31": 0, "2008-09-30": -36.979, "2008-06-30": 36.979, "2008-03-31": "", "2007-12-31": 0, "2007-09-30": 0, "2007-06-30": 0, "2007-03-31": "", "2006-12-31": -159.82, "2006-09-30": 170.059, "2006-06-30": 0, "2006-03-31": "", "2005-12-31": 0, "2005-09-30": 0, "2005-06-30": 0, "2005-03-31": ""}, "Net Change In Long-Term Investments": {"2020-09-30": 0, "2020-06-30": 0, "2020-03-31": "", "2019-12-31": 0, "2019-09-30": 0, "2019-06-30": 0, "2019-03-31": "", "2018-12-31": 0, "2018-09-30": 0, "2018-06-30": 0, "2018-03-31": "", "2017-12-31": 0, "2017-09-30": 0, "2017-06-30": 0, "2017-03-31": "", "2016-12-31": 0, "2016-09-30": 0, "2016-06-30": 0, "2016-03-31": "", "2015-12-31": 0, "2015-09-30": 0, "2015-06-30": 0, "2015-03-31": "", "2014-12-31": 0, "2014-09-30": 0, "2014-06-30": 0, "2014-03-31": "", "2013-12-31": 0, "2013-09-30": 0, "2013-06-30": 0, "2013-03-31": "", "2012-12-31": -1.22, "2012-09-30": 1.22, "2012-06-30": 0, "2012-03-31": "", "2011-12-31": 0, "2011-09-30": 0, "2011-06-30": 0, "2011-03-31": "", "2010-12-31": 0, "2010-09-30": 0, "2010-06-30": 0, "2010-03-31": "", "2009-12-31": 0, "2009-09-30": 0, "2009-06-30": 0, "2009-03-31": "", "2008-12-31": -0.055, "2008-09-30": 0, "2008-06-30": -0.068, "2008-03-31": "-0.77800", "2007-12-31": 0.409, "2007-09-30": -4.565, "2007-06-30": 0, "2007-03-31": "", "2006-12-31": 1.449, "2006-09-30": -1.449, "2006-06-30": 0, "2006-03-31": "", "2005-12-31": 0.31, "2005-09-30": -0.31, "2005-06-30": -2.275, "2005-03-31": "2.27500"}, "Net Change In Investments - Total": {"2020-09-30": 0, "2020-06-30": 0, "2020-03-31": "", "2019-12-31": 0, "2019-09-30": 0, "2019-06-30": 0, "2019-03-31": "", "2018-12-31": 0, "2018-09-30": 0, "2018-06-30": 0, "2018-03-31": "", "2017-12-31": 0, "2017-09-30": 0, "2017-06-30": 0, "2017-03-31": "", "2016-12-31": 0, "2016-09-30": 0, "2016-06-30": 0, "2016-03-31": "", "2015-12-31": 0, "2015-09-30": 0, "2015-06-30": 0, "2015-03-31": "", "2014-12-31": 0, "2014-09-30": 0, "2014-06-30": 0, "2014-03-31": "", "2013-12-31": 0, "2013-09-30": 0, "2013-06-30": 0, "2013-03-31": "", "2012-12-31": -1.22, "2012-09-30": 1.22, "2012-06-30": 0, "2012-03-31": "", "2011-12-31": 0, "2011-09-30": 0, "2011-06-30": 0, "2011-03-31": "", "2010-12-31": 0, "2010-09-30": 0, "2010-06-30": 0, "2010-03-31": "", "2009-12-31": 0, "2009-09-30": 0, "2009-06-30": 0, "2009-03-31": "", "2008-12-31": -0.055, "2008-09-30": -36.979, "2008-06-30": 36.911, "2008-03-31": "-0.77800", "2007-12-31": 0.409, "2007-09-30": -4.565, "2007-06-30": 0, "2007-03-31": "", "2006-12-31": -158.371, "2006-09-30": 168.61, "2006-06-30": 0, "2006-03-31": "", "2005-12-31": 0.31, "2005-09-30": -0.31, "2005-06-30": -2.275, "2005-03-31": "2.27500"}, "Investing Activities - Other": {"2020-09-30": -0.243, "2020-06-30": -0.008, "2020-03-31": "0.15900", "2019-12-31": 0.031, "2019-09-30": 2.234, "2019-06-30": -0.34, "2019-03-31": "2.19100", "2018-12-31": -0.443, "2018-09-30": -0.555, "2018-06-30": -0.085, "2018-03-31": "0.20700", "2017-12-31": -0.851, "2017-09-30": 0.373, "2017-06-30": -0.391, "2017-03-31": "-0.04000", "2016-12-31": 3.448, "2016-09-30": 0.147, "2016-06-30": -1.132, "2016-03-31": "-0.55700", "2015-12-31": 1.419, "2015-09-30": -0.984, "2015-06-30": 0.059, "2015-03-31": "-0.29700", "2014-12-31": -0.511, "2014-09-30": 6.42, "2014-06-30": 0.591, "2014-03-31": "-4.13100", "2013-12-31": -0.638, "2013-09-30": 8.141, "2013-06-30": 0.996, "2013-03-31": "0.25200", "2012-12-31": 1.474, "2012-09-30": 5.264, "2012-06-30": -0.848, "2012-03-31": "-4.12600", "2011-12-31": -0.563, "2011-09-30": -1.568, "2011-06-30": -2.795, "2011-03-31": "-1.20500", "2010-12-31": -2.116, "2010-09-30": 26.775, "2010-06-30": -23.575, "2010-03-31": "-0.72800", "2009-12-31": 0.41, "2009-09-30": 1.532, "2009-06-30": -0.373, "2009-03-31": "0.21300", "2008-12-31": 5.623, "2008-09-30": 24.184, "2008-06-30": 25.611, "2008-03-31": "-18.23000", "2007-12-31": 39.364, "2007-09-30": -22.549, "2007-06-30": -9.244, "2007-03-31": "0.67400", "2006-12-31": -11.137, "2006-09-30": 2.644, "2006-06-30": 29.01, "2006-03-31": "7.46700", "2005-12-31": 26.075, "2005-09-30": -8.703, "2005-06-30": -24.147, "2005-03-31": "3.14400"}, "Cash Flow From Investing Activities": {"2020-09-30": -7.097, "2020-06-30": -10.818, "2020-03-31": "-30.65400", "2019-12-31": -210.386, "2019-09-30": -91.186, "2019-06-30": -224.806, "2019-03-31": "-93.03000", "2018-12-31": -315.63, "2018-09-30": -52.505, "2018-06-30": -138.084, "2018-03-31": "-103.15200", "2017-12-31": -210.382, "2017-09-30": -64.376, "2017-06-30": -291.952, "2017-03-31": "-58.84700", "2016-12-31": -224.52, "2016-09-30": -141.227, "2016-06-30": -337.964, "2016-03-31": "-76.23200", "2015-12-31": -148.568, "2015-09-30": -236.03, "2015-06-30": -131.027, "2015-03-31": "-128.91900", "2014-12-31": -63.815, "2014-09-30": -317.323, "2014-06-30": -78.728, "2014-03-31": "-81.69200", "2013-12-31": -59.751, "2013-09-30": -41.395, "2013-06-30": -420.342, "2013-03-31": "-46.55200", "2012-12-31": -219.572, "2012-09-30": -100.425, "2012-06-30": -91.084, "2012-03-31": "-190.67800", "2011-12-31": -320.106, "2011-09-30": -317.096, "2011-06-30": -56.922, "2011-03-31": "-57.94400", "2010-12-31": -121.707, "2010-09-30": -79.954, "2010-06-30": -12.799, "2010-03-31": "-5.80000", "2009-12-31": -2.806, "2009-09-30": -8.069, "2009-06-30": -7.179, "2009-03-31": "-10.00900", "2008-12-31": -25.322, "2008-09-30": -17.723, "2008-06-30": -39.049, "2008-03-31": "-174.21000", "2007-12-31": -78.738, "2007-09-30": -115.798, "2007-06-30": -289.147, "2007-03-31": "-53.03400", "2006-12-31": -46.444, "2006-09-30": -95.013, "2006-06-30": 62.676, "2006-03-31": "-11.31800", "2005-12-31": -144.116, "2005-09-30": -50.727, "2005-06-30": -26.541, "2005-03-31": "-9.39900"}, "Net Long-Term Debt": {"2020-09-30": -0.149, "2020-06-30": -0.147, "2020-03-31": "367.49900", "2019-12-31": -0.145, "2019-09-30": -0.141, "2019-06-30": -0.14, "2019-03-31": "-0.14100", "2018-12-31": -300.138, "2018-09-30": 692.779, "2018-06-30": -0.132, "2018-03-31": "-0.13400", "2017-12-31": -250.131, "2017-09-30": 398.246, "2017-06-30": -0.126, "2017-03-31": "-0.12700", "2016-12-31": 343.303, "2016-09-30": -0.135, "2016-06-30": -0.133, "2016-03-31": "-6.85700", "2015-12-31": 248.658, "2015-09-30": -0.531, "2015-06-30": -0.717, "2015-03-31": "-0.40900", "2014-12-31": -0.326, "2014-09-30": -0.271, "2014-06-30": 199.018, "2014-03-31": "-0.27900", "2013-12-31": -0.275, "2013-09-30": -226.41, "2013-06-30": 347.049, "2013-03-31": "-20.82500", "2012-12-31": -164.905, "2012-09-30": 301.557, "2012-06-30": -50.392, "2012-03-31": "-0.28800", "2011-12-31": -0.282, "2011-09-30": 295.456, "2011-06-30": -0.269, "2011-03-31": "-0.27200", "2010-12-31": -0.263, "2010-09-30": -25.657, "2010-06-30": -0.28, "2010-03-31": "-0.25300", "2009-12-31": -0.257, "2009-09-30": -0.25, "2009-06-30": -2.293, "2009-03-31": "-13.78000", "2008-12-31": -19.496, "2008-09-30": -0.298, "2008-06-30": -0.293, "2008-03-31": "121.74400", "2007-12-31": -57.593, "2007-09-30": 241.897, "2007-06-30": -2.451, "2007-03-31": "-0.45000", "2006-12-31": -2.189, "2006-09-30": 172.074, "2006-06-30": -2.419, "2006-03-31": "-18.95700", "2005-12-31": 146.95, "2005-09-30": -1.804, "2005-06-30": -10.37, "2005-03-31": "-2.96000"}, "Net Current Debt": {"2020-09-30": 0, "2020-06-30": 0, "2020-03-31": "-133.60000", "2019-12-31": 133.6, "2019-09-30": -63.2, "2019-06-30": 63.2, "2019-03-31": "", "2018-12-31": 0, "2018-09-30": -166.7, "2018-06-30": -9.7, "2018-03-31": "55.90000", "2017-12-31": 120.5, "2017-09-30": -215.5, "2017-06-30": 215.5, "2017-03-31": "", "2016-12-31": -184.2, "2016-09-30": 36.9, "2016-06-30": 147.3, "2016-03-31": "", "2015-12-31": -282.4, "2015-09-30": 154.9, "2015-06-30": 85.6, "2015-03-31": "41.90000", "2014-12-31": -134.9, "2014-09-30": 134.9, "2014-06-30": -91.5, "2014-03-31": "45.10000", "2013-12-31": 46.4, "2013-09-30": 0, "2013-06-30": -59.4, "2013-03-31": "-114.80000", "2012-12-31": 174.2, "2012-09-30": -142.6, "2012-06-30": 116.4, "2012-03-31": "-39.40000", "2011-12-31": 65.6, "2011-09-30": -219.2, "2011-06-30": 35, "2011-03-31": "23.20000", "2010-12-31": 123.9, "2010-09-30": 37.1, "2010-06-30": 0, "2010-03-31": "", "2009-12-31": 0, "2009-09-30": -22, "2009-06-30": -0.9, "2009-03-31": "-3.60000", "2008-12-31": -26.5, "2008-09-30": -74.2, "2008-06-30": 3.7, "2008-03-31": "-6.30000", "2007-12-31": 110.4, "2007-09-30": -153.2, "2007-06-30": 172.6, "2007-03-31": "-28.00000", "2006-12-31": -50.8, "2006-09-30": -70.9, "2006-06-30": -41.8, "2006-03-31": "29.20000", "2005-12-31": 41.5, "2005-09-30": 44.6, "2005-06-30": 43.2, "2005-03-31": "15.10000"}, "Debt Issuance/Retirement Net - Total": {"2020-09-30": -0.149, "2020-06-30": -0.147, "2020-03-31": "233.89900", "2019-12-31": 133.455, "2019-09-30": -63.341, "2019-06-30": 63.06, "2019-03-31": "-0.14100", "2018-12-31": -300.138, "2018-09-30": 526.079, "2018-06-30": -9.832, "2018-03-31": "55.76600", "2017-12-31": -129.631, "2017-09-30": 182.746, "2017-06-30": 215.374, "2017-03-31": "-0.12700", "2016-12-31": 159.103, "2016-09-30": 36.765, "2016-06-30": 147.167, "2016-03-31": "-6.85700", "2015-12-31": -33.742, "2015-09-30": 154.369, "2015-06-30": 84.883, "2015-03-31": "41.49100", "2014-12-31": -135.226, "2014-09-30": 134.629, "2014-06-30": 107.518, "2014-03-31": "44.82100", "2013-12-31": 46.125, "2013-09-30": -226.41, "2013-06-30": 287.649, "2013-03-31": "-135.62500", "2012-12-31": 9.295, "2012-09-30": 158.957, "2012-06-30": 66.008, "2012-03-31": "-39.68800", "2011-12-31": 65.318, "2011-09-30": 76.256, "2011-06-30": 34.731, "2011-03-31": "22.92800", "2010-12-31": 123.637, "2010-09-30": 11.443, "2010-06-30": -0.28, "2010-03-31": "-0.25300", "2009-12-31": -0.257, "2009-09-30": -22.25, "2009-06-30": -3.193, "2009-03-31": "-17.38000", "2008-12-31": -45.996, "2008-09-30": -74.498, "2008-06-30": 3.407, "2008-03-31": "115.44400", "2007-12-31": 52.807, "2007-09-30": 88.697, "2007-06-30": 170.149, "2007-03-31": "-28.45000", "2006-12-31": -52.989, "2006-09-30": 101.174, "2006-06-30": -44.219, "2006-03-31": "10.24300", "2005-12-31": 188.45, "2005-09-30": 42.796, "2005-06-30": 32.83, "2005-03-31": "12.14000"}, "Net Common Equity Issued/Repurchased": {"2020-09-30": 11.356, "2020-06-30": 53.388, "2020-03-31": "0.69600", "2019-12-31": 2.962, "2019-09-30": 451.34, "2019-06-30": 82.699, "2019-03-31": "5.27900", "2018-12-31": 124.8, "2018-09-30": 88.333, "2018-06-30": 130.637, "2018-03-31": "1.55400", "2017-12-31": 82.265, "2017-09-30": 99.996, "2017-06-30": 25.492, "2017-03-31": "49.01100", "2016-12-31": 0.964, "2016-09-30": 57.628, "2016-06-30": 130.313, "2016-03-31": "89.13500", "2015-12-31": 204.632, "2015-09-30": 38.791, "2015-06-30": 39.324, "2015-03-31": "49.37000", "2014-12-31": 213.094, "2014-09-30": 70.88, "2014-06-30": 54.954, "2014-03-31": "21.14400", "2013-12-31": 4.247, "2013-09-30": 5.281, "2013-06-30": 92.018, "2013-03-31": "166.06700", "2012-12-31": 65.964, "2012-09-30": 58.94, "2012-06-30": 22.769, "2012-03-31": "37.55000", "2011-12-31": 241.032, "2011-09-30": 243.137, "2011-06-30": 36.366, "2011-03-31": "20.02500", "2010-12-31": 3.472, "2010-09-30": 2.388, "2010-06-30": 3.475, "2010-03-31": "8.35700", "2009-12-31": 10.541, "2009-09-30": 35.725, "2009-06-30": 12.819, "2009-03-31": "8.97500", "2008-12-31": 79.973, "2008-09-30": 20.672, "2008-06-30": 20.7, "2008-03-31": "5.98300", "2007-12-31": 126.218, "2007-09-30": 11.159, "2007-06-30": 32.158, "2007-03-31": "140.67300", "2006-12-31": 25.785, "2006-09-30": 12.72, "2006-06-30": 7.346, "2006-03-31": "24.54100", "2005-12-31": 15.544, "2005-09-30": 6.548, "2005-06-30": 0.741, "2005-03-31": "0.43500"}, "Net Total Equity Issued/Repurchased": {"2020-09-30": 11.356, "2020-06-30": 53.388, "2020-03-31": "0.69600", "2019-12-31": -284.538, "2019-09-30": 451.34, "2019-06-30": 82.699, "2019-03-31": "5.27900", "2018-12-31": 124.8, "2018-09-30": 88.333, "2018-06-30": 130.637, "2018-03-31": "1.55400", "2017-12-31": 82.265, "2017-09-30": 99.996, "2017-06-30": 25.492, "2017-03-31": "-238.48900", "2016-12-31": 345.964, "2016-09-30": 57.628, "2016-06-30": 130.313, "2016-03-31": "89.13500", "2015-12-31": 204.632, "2015-09-30": 38.791, "2015-06-30": 39.324, "2015-03-31": "49.37000", "2014-12-31": 213.094, "2014-09-30": 70.88, "2014-06-30": 54.954, "2014-03-31": "21.14400", "2013-12-31": 4.247, "2013-09-30": 5.281, "2013-06-30": 379.518, "2013-03-31": "166.06700", "2012-12-31": 65.964, "2012-09-30": 58.94, "2012-06-30": 22.769, "2012-03-31": "233.05000", "2011-12-31": 241.032, "2011-09-30": 243.137, "2011-06-30": 36.366, "2011-03-31": "20.02500", "2010-12-31": 3.472, "2010-09-30": 2.388, "2010-06-30": 3.475, "2010-03-31": "8.35700", "2009-12-31": 10.541, "2009-09-30": 35.725, "2009-06-30": 12.819, "2009-03-31": "8.97500", "2008-12-31": 79.973, "2008-09-30": 20.672, "2008-06-30": 20.7, "2008-03-31": "5.98300", "2007-12-31": 126.218, "2007-09-30": 11.159, "2007-06-30": 32.158, "2007-03-31": "96.13300", "2006-12-31": 114.687, "2006-09-30": 12.72, "2006-06-30": 7.346, "2006-03-31": "24.54100", "2005-12-31": 15.544, "2005-09-30": 6.548, "2005-06-30": 0.741, "2005-03-31": "0.43500"}, "Total Common And Preferred Stock Dividends Paid": {"2020-09-30": -94.432, "2020-06-30": -92.755, "2020-03-31": "-92.63300", "2019-12-31": -93.513, "2019-09-30": -92.517, "2019-06-30": -89.655, "2019-03-31": "-89.14800", "2018-12-31": -87.909, "2018-09-30": -86.835, "2018-06-30": -81.432, "2018-03-31": "-81.31500", "2017-12-31": -80.591, "2017-09-30": -79.252, "2017-06-30": -76.241, "2017-03-31": "-78.96100", "2016-12-31": -78.777, "2016-09-30": -75.534, "2016-06-30": -71.309, "2016-03-31": "-70.01000", "2015-12-31": -67.883, "2015-09-30": -67.133, "2015-06-30": -64.944, "2015-03-31": "-64.17300", "2014-12-31": -61.741, "2014-09-30": -61.175, "2014-06-30": -58.543, "2014-03-31": "-58.13200", "2013-12-31": -58.075, "2013-09-30": -58.489, "2013-06-30": -51.383, "2013-03-31": "-49.08300", "2012-12-31": -48.117, "2012-09-30": -47.39, "2012-06-30": -47.005, "2012-03-31": "-42.41100", "2011-12-31": -38.501, "2011-09-30": -34.725, "2011-06-30": -33.905, "2011-03-31": "-33.37400", "2010-12-31": -33.325, "2010-09-30": -33.285, "2010-06-30": -32.844, "2010-03-31": "-32.72200", "2009-12-31": -32.53, "2009-09-30": -31.899, "2009-06-30": -31.603, "2009-03-31": "-31.00900", "2008-12-31": -30.996, "2008-09-30": -29.352, "2008-06-30": -29.15, "2008-03-31": "-27.39400", "2007-12-31": -27.113, "2007-09-30": -25.516, "2007-06-30": -25.334, "2007-03-31": "-21.81100", "2006-12-31": -24.284, "2006-09-30": -20.743, "2006-06-30": -23.112, "2006-03-31": "-19.43500", "2005-12-31": -16.95, "2005-09-30": -24.076, "2005-06-30": -19.187, "2005-03-31": "-18.34600"}, "Financial Activities - Other": {"2020-09-30": -0.485, "2020-06-30": -2.124, "2020-03-31": "-23.12100", "2019-12-31": -0.289, "2019-09-30": -16.508, "2019-06-30": -1.575, "2019-03-31": "-0.08200", "2018-12-31": -20.929, "2018-09-30": -6.562, "2018-06-30": -1.64, "2018-03-31": "-0.21200", "2017-12-31": -5.902, "2017-09-30": -4.445, "2017-06-30": -0.52, "2017-03-31": "-0.89000", "2016-12-31": -14.277, "2016-09-30": -0.887, "2016-06-30": -2.158, "2016-03-31": "-1.38000", "2015-12-31": -5.307, "2015-09-30": -0.583, "2015-06-30": -0.935, "2015-03-31": "-1.05500", "2014-12-31": -11.592, "2014-09-30": -0.967, "2014-06-30": -4.208, "2014-03-31": "-1.51200", "2013-12-31": -0.074, "2013-09-30": -0.121, "2013-06-30": -14.335, "2013-03-31": "-2.26400", "2012-12-31": -2.557, "2012-09-30": -3.799, "2012-06-30": -0.471, "2012-03-31": "-9.92200", "2011-12-31": -3.922, "2011-09-30": -12.768, "2011-06-30": -8.232, "2011-03-31": "0.00800", "2010-12-31": -0.061, "2010-09-30": 0.017, "2010-06-30": -0.84, "2010-03-31": "-0.01000", "2009-12-31": -6.502, "2009-09-30": -0.077, "2009-06-30": -0.071, "2009-03-31": "-0.12900", "2008-12-31": -4.224, "2008-09-30": -0.341, "2008-06-30": -3.811, "2008-03-31": "-6.44500", "2007-12-31": -5.149, "2007-09-30": -5.263, "2007-06-30": -0.752, "2007-03-31": "-5.53900", "2006-12-31": -0.1, "2006-09-30": -3.851, "2006-06-30": 2.92, "2006-03-31": "-3.03400", "2005-12-31": -3.075, "2005-09-30": 0, "2005-06-30": -0.006, "2005-03-31": ""}, "Cash Flow From Financial Activities": {"2020-09-30": -83.71, "2020-06-30": -41.638, "2020-03-31": "118.84100", "2019-12-31": -244.885, "2019-09-30": 278.974, "2019-06-30": 54.529, "2019-03-31": "-84.09200", "2018-12-31": -284.176, "2018-09-30": 521.015, "2018-06-30": 37.733, "2018-03-31": "-24.20700", "2017-12-31": -133.859, "2017-09-30": 199.045, "2017-06-30": 164.105, "2017-03-31": "-318.46700", "2016-12-31": 412.013, "2016-09-30": 17.972, "2016-06-30": 204.013, "2016-03-31": "10.88800", "2015-12-31": 97.7, "2015-09-30": 125.444, "2015-06-30": 58.328, "2015-03-31": "25.63300", "2014-12-31": 4.535, "2014-09-30": 143.367, "2014-06-30": 99.721, "2014-03-31": "6.32100", "2013-12-31": -7.777, "2013-09-30": -279.739, "2013-06-30": 601.449, "2013-03-31": "-20.90500", "2012-12-31": 24.585, "2012-09-30": 166.708, "2012-06-30": 41.301, "2012-03-31": "141.02900", "2011-12-31": 263.927, "2011-09-30": 271.9, "2011-06-30": 28.96, "2011-03-31": "9.58700", "2010-12-31": 93.723, "2010-09-30": -19.437, "2010-06-30": -30.489, "2010-03-31": "-24.62800", "2009-12-31": -28.748, "2009-09-30": -18.501, "2009-06-30": -22.048, "2009-03-31": "-39.54300", "2008-12-31": -1.243, "2008-09-30": -83.519, "2008-06-30": -8.854, "2008-03-31": "87.58800", "2007-12-31": 146.763, "2007-09-30": 69.077, "2007-06-30": 176.221, "2007-03-31": "40.33300", "2006-12-31": 37.314, "2006-09-30": 89.3, "2006-06-30": -57.065, "2006-03-31": "12.31500", "2005-12-31": 183.969, "2005-09-30": 25.268, "2005-06-30": 14.378, "2005-03-31": "-5.77100"}, "Net Cash Flow": {"2020-09-30": 70.3, "2020-06-30": 7.177, "2020-03-31": "216.27100", "2019-12-31": -352.576, "2019-09-30": 351.479, "2019-06-30": -78.312, "2019-03-31": "-33.74600", "2018-12-31": -493.405, "2018-09-30": 605.787, "2018-06-30": -2.117, "2018-03-31": "2.63800", "2017-12-31": -252.899, "2017-09-30": 249.813, "2017-06-30": -29.968, "2017-03-31": "-260.12200", "2016-12-31": 288.624, "2016-09-30": 3.303, "2016-06-30": -48.726, "2016-03-31": "37.07900", "2015-12-31": 12.245, "2015-09-30": -0.433, "2015-06-30": -2.008, "2015-03-31": "-6.14800", "2014-12-31": 5.7, "2014-09-30": -80.454, "2014-06-30": 79.432, "2014-03-31": "4.44100", "2013-12-31": -5.045, "2013-09-30": -230.386, "2013-06-30": 233.474, "2013-03-31": "1.36600", "2012-12-31": -139.37, "2012-09-30": 138.539, "2012-06-30": -0.126, "2012-03-31": "0.95100", "2011-12-31": -17.596, "2011-09-30": 16.09, "2011-06-30": 1.031, "2011-03-31": "0.50900", "2010-12-31": -1.961, "2010-09-30": -47.823, "2010-06-30": 20.589, "2010-03-31": "16.01800", "2009-12-31": -8.026, "2009-09-30": 21.678, "2009-06-30": -0.285, "2009-03-31": "-0.76800", "2008-12-31": 0.112, "2008-09-30": -2.359, "2008-06-30": -6.965, "2008-03-31": "-15.66100", "2007-12-31": 1.056, "2007-09-30": 23.927, "2007-06-30": -54.045, "2007-03-31": "54.88600", "2006-12-31": -7.536, "2006-09-30": 4.529, "2006-06-30": -15.64, "2006-03-31": "12.08800", "2005-12-31": -3.622, "2005-09-30": 2.51, "2005-06-30": 6.197, "2005-03-31": "1.20200"}, "Stock-Based Compensation": {"2020-09-30": 0, "2020-06-30": 0, "2020-03-31": "", "2019-12-31": 0, "2019-09-30": 0, "2019-06-30": 0, "2019-03-31": "", "2018-12-31": 0, "2018-09-30": 0, "2018-06-30": 0, "2018-03-31": "", "2017-12-31": 0, "2017-09-30": 0, "2017-06-30": 0, "2017-03-31": "", "2016-12-31": 0, "2016-09-30": 0, "2016-06-30": 0, "2016-03-31": "", "2015-12-31": 0, "2015-09-30": 0, "2015-06-30": 0, "2015-03-31": "", "2014-12-31": 0, "2014-09-30": 0, "2014-06-30": 0, "2014-03-31": "", "2013-12-31": 0, "2013-09-30": 0, "2013-06-30": 0, "2013-03-31": "", "2012-12-31": 0, "2012-09-30": 0, "2012-06-30": 0, "2012-03-31": "", "2011-12-31": 0, "2011-09-30": 0, "2011-06-30": 0, "2011-03-31": "", "2010-12-31": 0, "2010-09-30": 0, "2010-06-30": 0, "2010-03-31": "", "2009-12-31": -3.152, "2009-09-30": 1.016, "2009-06-30": 1.017, "2009-03-31": "1.11900", "2008-12-31": -2.388, "2008-09-30": 0.917, "2008-06-30": 0.817, "2008-03-31": "0.65400", "2007-12-31": 1.044, "2007-09-30": 0.538, "2007-06-30": 0.532, "2007-03-31": "0.49000", "2006-12-31": 0.436, "2006-09-30": 0.437, "2006-06-30": 1.89, "2006-03-31": "0.40700", "2005-12-31": 0.954, "2005-09-30": 0.285, "2005-06-30": 0.441, "2005-03-31": "0.29100"}, "Common Stock Dividends Paid": {"2020-09-30": -89.947, "2020-06-30": -88.27, "2020-03-31": "-88.14800", "2019-12-31": -88.118, "2019-09-30": -83.935, "2019-06-30": -81.073, "2019-03-31": "-80.56600", "2018-12-31": -79.328, "2018-09-30": -78.253, "2018-06-30": -72.85, "2018-03-31": "-72.73300", "2017-12-31": -72.01, "2017-09-30": -70.67, "2017-06-30": -67.659, "2017-03-31": "-66.78100", "2016-12-31": 190.277, "2016-09-30": -66.675, "2016-06-30": -62.451, "2016-03-31": "-61.15100", "2015-12-31": -59.025, "2015-09-30": -58.274, "2015-06-30": -56.086, "2015-03-31": "-55.31400", "2014-12-31": -52.883, "2014-09-30": -52.316, "2014-06-30": -49.685, "2014-03-31": "-49.27300", "2013-12-31": -49.217, "2013-09-30": -48.947, "2013-06-30": -46.622, "2013-03-31": "-44.32100", "2012-12-31": -43.356, "2012-09-30": -42.628, "2012-06-30": -41.079, "2012-03-31": "-40.43200", "2011-12-31": -36.805, "2011-09-30": -33.028, "2011-06-30": -32.209, "2011-03-31": "-31.67800", "2010-12-31": -31.629, "2010-09-30": -31.588, "2010-06-30": -31.148, "2010-03-31": "-31.02600", "2009-12-31": -30.834, "2009-09-30": -30.202, "2009-06-30": -29.907, "2009-03-31": "-29.31300", "2008-12-31": -29.3, "2008-09-30": -27.655, "2008-06-30": -27.454, "2008-03-31": "-25.69800", "2007-12-31": -25.417, "2007-09-30": -23.819, "2007-06-30": -23.638, "2007-03-31": "-20.11500", "2006-12-31": -21.991, "2006-09-30": -19.741, "2006-06-30": -22.11, "2006-03-31": "-18.01400", "2005-12-31": -15.529, "2005-09-30": -22.656, "2005-06-30": -17.766, "2005-03-31": "-16.92500"}}, "financial ratios": {"Current Ratio": {"2019-12-31": "", "2018-12-31": "", "2017-12-31": "", "2016-12-31": "", "2015-12-31": "", "2014-12-31": "", "2013-12-31": "", "2012-12-31": "", "2011-12-31": "", "2010-12-31": "", "2009-12-31": "", "2008-12-31": "", "2007-12-31": "", "2006-12-31": "", "2005-12-31": ""}, "Long-term Debt / Capital": {"2019-12-31": "0.40820", "2018-12-31": "0.40700", "2017-12-31": "0.40180", "2016-12-31": "0.37110", "2015-12-31": "0.37150", "2014-12-31": "0.35940", "2013-12-31": "0.36110", "2012-12-31": "0.40850", "2011-12-31": "0.40060", "2010-12-31": "0.42580", "2009-12-31": "0.38660", "2008-12-31": "0.39570", "2007-12-31": "0.42960", "2006-12-31": "0.41460", "2005-12-31": "0.50980"}, "Debt/Equity Ratio": {"2019-12-31": "0.68990", "2018-12-31": "0.68630", "2017-12-31": "0.67180", "2016-12-31": "0.59020", "2015-12-31": "0.59120", "2014-12-31": "0.56110", "2013-12-31": "0.56510", "2012-12-31": "0.69070", "2011-12-31": "0.66830", "2010-12-31": "0.74160", "2009-12-31": "0.63010", "2008-12-31": "0.65480", "2007-12-31": "0.75330", "2006-12-31": "0.70840", "2005-12-31": "1.03980"}, "Gross Margin": {"2019-12-31": "", "2018-12-31": "", "2017-12-31": "", "2016-12-31": "", "2015-12-31": "", "2014-12-31": "", "2013-12-31": "", "2012-12-31": "", "2011-12-31": "", "2010-12-31": "", "2009-12-31": "", "2008-12-31": "", "2007-12-31": "", "2006-12-31": "", "2005-12-31": ""}, "Operating Margin": {"2019-12-31": "62.16080", "2018-12-31": "68.21720", "2017-12-31": "63.96600", "2016-12-31": "63.01000", "2015-12-31": "59.77330", "2014-12-31": "61.22330", "2013-12-31": "60.96030", "2012-12-31": "57.82450", "2011-12-31": "52.26860", "2010-12-31": "50.62460", "2009-12-31": "45.17110", "2008-12-31": "63.09650", "2007-12-31": "64.01970", "2006-12-31": "47.01840", "2005-12-31": "51.24060"}, "EBIT Margin": {"2019-12-31": "62.16080", "2018-12-31": "68.21720", "2017-12-31": "63.96600", "2016-12-31": "63.01000", "2015-12-31": "59.77330", "2014-12-31": "61.22330", "2013-12-31": "60.96030", "2012-12-31": "57.82450", "2011-12-31": "52.26860", "2010-12-31": "50.62460", "2009-12-31": "45.17110", "2008-12-31": "63.09650", "2007-12-31": "64.01970", "2006-12-31": "47.01840", "2005-12-31": "51.24060"}, "EBITDA Margin": {"2019-12-31": "91.32790", "2018-12-31": "98.06510", "2017-12-31": "94.88520", "2016-12-31": "92.28700", "2015-12-31": "88.91170", "2014-12-31": "89.09810", "2013-12-31": "87.97360", "2012-12-31": "81.45450", "2011-12-31": "73.66780", "2010-12-31": "72.29870", "2009-12-31": "67.39980", "2008-12-31": "85.02960", "2007-12-31": "83.52840", "2006-12-31": "61.13060", "2005-12-31": "69.25990"}, "Pre-Tax Profit Margin": {"2019-12-31": "44.68510", "2018-12-31": "46.97340", "2017-12-31": "45.36780", "2016-12-31": "44.88100", "2015-12-31": "40.96550", "2014-12-31": "41.32250", "2013-12-31": "39.15380", "2012-12-31": "34.52910", "2011-12-31": "27.93280", "2010-12-31": "25.66170", "2009-12-31": "20.30420", "2008-12-31": "36.77930", "2007-12-31": "38.02330", "2006-12-31": "22.61050", "2005-12-31": "25.77790"}, "Net Profit Margin": {"2019-12-31": "38.50680", "2018-12-31": "41.45430", "2017-12-31": "37.13130", "2016-12-31": "37.64230", "2015-12-31": "33.62950", "2014-12-31": "35.68070", "2013-12-31": "33.59940", "2012-12-31": "34.54790", "2011-12-31": "28.15400", "2010-12-31": "25.84400", "2009-12-31": "22.42430", "2008-12-31": "47.60030", "2007-12-31": "81.59310", "2006-12-31": "102.60120", "2005-12-31": "69.53350"}, "Asset Turnover": {"2019-12-31": "0.09020", "2018-12-31": "0.08770", "2017-12-31": "0.08920", "2016-12-31": "0.08420", "2015-12-31": "0.08840", "2014-12-31": "0.08850", "2013-12-31": "0.08830", "2012-12-31": "0.08820", "2011-12-31": "0.08840", "2010-12-31": "0.09400", "2009-12-31": "0.09430", "2008-12-31": "0.08750", "2007-12-31": "0.07130", "2006-12-31": "0.08990", "2005-12-31": "0.07080"}, "Inventory Turnover Ratio": {"2019-12-31": "", "2018-12-31": "", "2017-12-31": "", "2016-12-31": "", "2015-12-31": "", "2014-12-31": "", "2013-12-31": "", "2012-12-31": "", "2011-12-31": "", "2010-12-31": "", "2009-12-31": "", "2008-12-31": "", "2007-12-31": "", "2006-12-31": "", "2005-12-31": ""}, "Receiveable Turnover": {"2019-12-31": "", "2018-12-31": "", "2017-12-31": "", "2016-12-31": "", "2015-12-31": "", "2014-12-31": "", "2013-12-31": "", "2012-12-31": "", "2011-12-31": "", "2010-12-31": "", "2009-12-31": "", "2008-12-31": "", "2007-12-31": "", "2006-12-31": "", "2005-12-31": ""}, "Days Sales In Receivables": {"2019-12-31": "", "2018-12-31": "", "2017-12-31": "", "2016-12-31": "", "2015-12-31": "", "2014-12-31": "", "2013-12-31": "", "2012-12-31": "", "2011-12-31": "", "2010-12-31": "", "2009-12-31": "", "2008-12-31": "", "2007-12-31": "", "2006-12-31": "", "2005-12-31": ""}, "ROE - Return On Equity": {"2019-12-31": "7.51520", "2018-12-31": "8.30430", "2017-12-31": "8.27110", "2016-12-31": "7.99170", "2015-12-31": "7.15330", "2014-12-31": "7.61720", "2013-12-31": "6.99470", "2012-12-31": "6.58620", "2011-12-31": "4.43230", "2010-12-31": "4.59650", "2009-12-31": "3.69980", "2008-12-31": "6.62570", "2007-12-31": "5.87190", "2006-12-31": "6.25240", "2005-12-31": "4.69450"}, "Return On Tangible Equity": {"2019-12-31": "6.91670", "2018-12-31": "7.04000", "2017-12-31": "6.90910", "2016-12-31": "6.11460", "2015-12-31": "5.92270", "2014-12-31": "6.19660", "2013-12-31": "5.54710", "2012-12-31": "5.76210", "2011-12-31": "4.22880", "2010-12-31": "4.31990", "2009-12-31": "3.48260", "2008-12-31": "6.23720", "2007-12-31": "5.48800", "2006-12-31": "5.47380", "2005-12-31": "4.30030"}, "ROA - Return On Assets": {"2019-12-31": "4.02980", "2018-12-31": "4.11750", "2017-12-31": "4.04500", "2016-12-31": "3.78120", "2015-12-31": "3.62560", "2014-12-31": "3.88660", "2013-12-31": "3.45970", "2012-12-31": "3.31960", "2011-12-31": "2.46690", "2010-12-31": "2.43380", "2009-12-31": "2.10610", "2008-12-31": "3.69350", "2007-12-31": "3.04110", "2006-12-31": "3.13020", "2005-12-31": "2.05430"}, "ROI - Return On Investment": {"2019-12-31": "4.09300", "2018-12-31": "4.17480", "2017-12-31": "4.13280", "2016-12-31": "3.84530", "2015-12-31": "3.72220", "2014-12-31": "3.96940", "2013-12-31": "3.54420", "2012-12-31": "3.40810", "2011-12-31": "2.53490", "2010-12-31": "2.48050", "2009-12-31": "2.13640", "2008-12-31": "3.76910", "2007-12-31": "3.13020", "2006-12-31": "3.20410", "2005-12-31": "2.10820"}, "Book Value Per Share": {"2019-12-31": "25.22910", "2018-12-31": "25.72450", "2017-12-31": "25.00970", "2016-12-31": "26.61860", "2015-12-31": "23.70360", "2014-12-31": "23.35500", "2013-12-31": "22.77430", "2012-12-31": "20.59600", "2011-12-31": "19.12920", "2010-12-31": "18.28390", "2009-12-31": "19.00890", "2008-12-31": "20.02740", "2007-12-31": "19.40330", "2006-12-31": "18.32920", "2005-12-31": "15.02040"}, "Operating Cash Flow Per Share": {"2019-12-31": 0.0199, "2018-12-31": 0.1983, "2017-12-31": -0.0501, "2016-12-31": 0.3349, "2015-12-31": 0.1568, "2014-12-31": 0.09, "2013-12-31": 0.1987, "2012-12-31": 0.0901, "2011-12-31": -0.2675, "2010-12-31": 0.3982, "2009-12-31": -1.3242, "2008-12-31": 1.23, "2007-12-31": 1.9352, "2006-12-31": -0.323, "2005-12-31": 0.3519}, "Free Cash Flow Per Share": {"2019-12-31": 0.1361, "2018-12-31": 0.4852, "2017-12-31": 1.1745, "2016-12-31": -0.2758, "2015-12-31": -0.2756, "2014-12-31": 0.5404, "2013-12-31": 0.9176, "2012-12-31": 2.9559, "2011-12-31": -6.0014, "2010-12-31": -1.8913, "2009-12-31": 2.2382, "2008-12-31": 5.4557, "2007-12-31": -4.0168, "2006-12-31": 1.6497, "2005-12-31": -3.8302}}, "financial ratios, quarterly": {"Current Ratio": {"2020-09-30": "", "2020-06-30": "", "2020-03-31": "", "2019-12-31": "", "2019-09-30": "", "2019-06-30": "", "2019-03-31": "", "2018-12-31": "", "2018-09-30": "", "2018-06-30": "", "2018-03-31": "", "2017-12-31": "", "2017-09-30": "", "2017-06-30": "", "2017-03-31": "", "2016-12-31": "", "2016-09-30": "", "2016-06-30": "", "2016-03-31": "", "2015-12-31": "", "2015-09-30": "", "2015-06-30": "", "2015-03-31": "", "2014-12-31": "", "2014-09-30": "", "2014-06-30": "", "2014-03-31": "", "2013-12-31": "", "2013-09-30": "", "2013-06-30": "", "2013-03-31": "", "2012-12-31": "", "2012-09-30": "", "2012-06-30": "", "2012-03-31": "", "2011-12-31": "", "2011-09-30": "", "2011-06-30": "", "2011-03-31": "", "2010-12-31": "", "2010-09-30": "", "2010-06-30": "", "2010-03-31": "", "2009-12-31": "", "2009-09-30": "", "2009-06-30": "", "2009-03-31": "", "2008-12-31": "", "2008-09-30": "", "2008-06-30": "", "2008-03-31": "", "2007-12-31": "", "2007-09-30": "", "2007-06-30": "", "2007-03-31": "", "2006-12-31": "", "2006-09-30": "", "2006-06-30": "", "2006-03-31": "", "2005-12-31": "", "2005-09-30": "", "2005-06-30": "", "2005-03-31": ""}, "Long-term Debt / Capital": {"2020-09-30": "0.42890", "2020-06-30": "0.42750", "2020-03-31": "0.42800", "2019-12-31": "0.40820", "2019-09-30": "0.38150", "2019-06-30": "0.40850", "2019-03-31": "0.40720", "2018-12-31": "0.40700", "2018-09-30": "0.43570", "2018-06-30": "0.39720", "2018-03-31": "0.40560", "2017-12-31": "0.40180", "2017-09-30": "0.41840", "2017-06-30": "0.40670", "2017-03-31": "0.38620", "2016-12-31": "0.37110", "2016-09-30": "0.37580", "2016-06-30": "0.37380", "2016-03-31": "0.36450", "2015-12-31": "0.37150", "2015-09-30": "0.38990", "2015-06-30": "0.37250", "2015-03-31": "0.36330", "2014-12-31": "0.35940", "2014-09-30": "0.39220", "2014-06-30": "0.37890", "2014-03-31": "0.36720", "2013-12-31": "0.36110", "2013-09-30": "0.35340", "2013-06-30": "0.38440", "2013-03-31": "0.37370", "2012-12-31": "0.40850", "2012-09-30": "0.40250", "2012-06-30": "0.38160", "2012-03-31": "0.36980", "2011-12-31": "0.40060", "2011-09-30": "0.41710", "2011-06-30": "0.43430", "2011-03-31": "0.42980", "2010-12-31": "0.42580", "2010-09-30": "0.39530", "2010-06-30": "0.39080", "2010-03-31": "0.38920", "2009-12-31": "0.38660", "2009-09-30": "0.37970", "2009-06-30": "0.38820", "2009-03-31": "0.39030", "2008-12-31": "0.39570", "2008-09-30": "0.42940", "2008-06-30": "0.44940", "2008-03-31": "0.45280", "2007-12-31": "0.42960", "2007-09-30": "0.44080", "2007-06-30": "0.42370", "2007-03-31": "0.38550", "2006-12-31": "0.41460", "2006-09-30": "0.46770", "2006-06-30": "0.43910", "2006-03-31": "0.50200", "2005-12-31": "0.50980", "2005-09-30": "0.45250", "2005-06-30": "0.43770", "2005-03-31": "0.41230"}, "Debt/Equity Ratio": {"2020-09-30": "0.75110", "2020-06-30": "0.74680", "2020-03-31": "0.74830", "2019-12-31": "0.68990", "2019-09-30": "0.61690", "2019-06-30": "0.69070", "2019-03-31": "0.68680", "2018-12-31": "0.68630", "2018-09-30": "0.77210", "2018-06-30": "0.65880", "2018-03-31": "0.68230", "2017-12-31": "0.67180", "2017-09-30": "0.71930", "2017-06-30": "0.68560", "2017-03-31": "0.62930", "2016-12-31": "0.59020", "2016-09-30": "0.60220", "2016-06-30": "0.59700", "2016-03-31": "0.57360", "2015-12-31": "0.59120", "2015-09-30": "0.63900", "2015-06-30": "0.59370", "2015-03-31": "0.57070", "2014-12-31": "0.56110", "2014-09-30": "0.64540", "2014-06-30": "0.61000", "2014-03-31": "0.58030", "2013-12-31": "0.56510", "2013-09-30": "0.54650", "2013-06-30": "0.62430", "2013-03-31": "0.59670", "2012-12-31": "0.69070", "2012-09-30": "0.67380", "2012-06-30": "0.61720", "2012-03-31": "0.58690", "2011-12-31": "0.66830", "2011-09-30": "0.71540", "2011-06-30": "0.76760", "2011-03-31": "0.75370", "2010-12-31": "0.74160", "2010-09-30": "0.65370", "2010-06-30": "0.64150", "2010-03-31": "0.63720", "2009-12-31": "0.63010", "2009-09-30": "0.61200", "2009-06-30": "0.63470", "2009-03-31": "0.64020", "2008-12-31": "0.65480", "2008-09-30": "0.75260", "2008-06-30": "0.81620", "2008-03-31": "0.82740", "2007-12-31": "0.75330", "2007-09-30": "0.78830", "2007-06-30": "0.73530", "2007-03-31": "0.62730", "2006-12-31": "0.70840", "2006-09-30": "0.87850", "2006-06-30": "0.78290", "2006-03-31": "1.00820", "2005-12-31": "1.03980", "2005-09-30": "0.82660", "2005-06-30": "0.77840", "2005-03-31": "0.70150"}, "Gross Margin": {"2020-09-30": "", "2020-06-30": "", "2020-03-31": "", "2019-12-31": "", "2019-09-30": "", "2019-06-30": "", "2019-03-31": "", "2018-12-31": "", "2018-09-30": "", "2018-06-30": "", "2018-03-31": "", "2017-12-31": "", "2017-09-30": "", "2017-06-30": "", "2017-03-31": "", "2016-12-31": "", "2016-09-30": "", "2016-06-30": "", "2016-03-31": "", "2015-12-31": "", "2015-09-30": "", "2015-06-30": "", "2015-03-31": "", "2014-12-31": "", "2014-09-30": "", "2014-06-30": "", "2014-03-31": "", "2013-12-31": "", "2013-09-30": "", "2013-06-30": "", "2013-03-31": "", "2012-12-31": "", "2012-09-30": "", "2012-06-30": "", "2012-03-31": "", "2011-12-31": "", "2011-09-30": "", "2011-06-30": "", "2011-03-31": "", "2010-12-31": "", "2010-09-30": "", "2010-06-30": "", "2010-03-31": "", "2009-12-31": "", "2009-09-30": "", "2009-06-30": "", "2009-03-31": "", "2008-12-31": "", "2008-09-30": "", "2008-06-30": "", "2008-03-31": "", "2007-12-31": "", "2007-09-30": "", "2007-06-30": "", "2007-03-31": "", "2006-12-31": "", "2006-09-30": "", "2006-06-30": "", "2006-03-31": "", "2005-12-31": "", "2005-09-30": "", "2005-06-30": "", "2005-03-31": ""}, "Operating Margin": {"2020-09-30": "55.42230", "2020-06-30": "47.59410", "2020-03-31": "65.89690", "2019-12-31": "60.07400", "2019-09-30": "57.02310", "2019-06-30": "65.78900", "2019-03-31": "66.00980", "2018-12-31": "55.47950", "2018-09-30": "70.19910", "2018-06-30": "62.79400", "2018-03-31": "84.97080", "2017-12-31": "79.85700", "2017-09-30": "58.28100", "2017-06-30": "56.74410", "2017-03-31": "60.45380", "2016-12-31": "80.09350", "2016-09-30": "52.48810", "2016-06-30": "57.31790", "2016-03-31": "61.03090", "2015-12-31": "59.76990", "2015-09-30": "61.76640", "2015-06-30": "57.50800", "2015-03-31": "59.94990", "2014-12-31": "62.24340", "2014-09-30": "61.31760", "2014-06-30": "61.20360", "2014-03-31": "60.01310", "2013-12-31": "61.63900", "2013-09-30": "61.93400", "2013-06-30": "62.00950", "2013-03-31": "58.04310", "2012-12-31": "61.47950", "2012-09-30": "60.94370", "2012-06-30": "55.30850", "2012-03-31": "53.68190", "2011-12-31": "52.29510", "2011-09-30": "52.15620", "2011-06-30": "51.18210", "2011-03-31": "53.51170", "2010-12-31": "43.96880", "2010-09-30": "55.39160", "2010-06-30": "51.58540", "2010-03-31": "50.48070", "2009-12-31": "-1.63780", "2009-09-30": "57.63450", "2009-06-30": "63.69510", "2009-03-31": "63.65530", "2008-12-31": "62.26030", "2008-09-30": "67.50030", "2008-06-30": "66.16050", "2008-03-31": "56.61610", "2007-12-31": "62.06540", "2007-09-30": "66.02310", "2007-06-30": "65.65180", "2007-03-31": "62.26960", "2006-12-31": "35.58290", "2006-09-30": "49.27280", "2006-06-30": "54.89030", "2006-03-31": "51.00780", "2005-12-31": "22.82510", "2005-09-30": "56.98900", "2005-06-30": "63.22390", "2005-03-31": "62.65140"}, "EBIT Margin": {"2020-09-30": "55.42230", "2020-06-30": "47.59410", "2020-03-31": "65.89690", "2019-12-31": "60.07400", "2019-09-30": "57.02310", "2019-06-30": "65.78900", "2019-03-31": "66.00980", "2018-12-31": "55.47940", "2018-09-30": "70.19910", "2018-06-30": "62.79400", "2018-03-31": "84.97080", "2017-12-31": "79.85700", "2017-09-30": "58.28100", "2017-06-30": "56.74410", "2017-03-31": "60.45380", "2016-12-31": "80.09350", "2016-09-30": "52.48810", "2016-06-30": "57.31790", "2016-03-31": "61.03090", "2015-12-31": "59.76990", "2015-09-30": "61.76640", "2015-06-30": "57.50800", "2015-03-31": "59.94990", "2014-12-31": "62.24340", "2014-09-30": "61.31760", "2014-06-30": "61.20360", "2014-03-31": "60.01310", "2013-12-31": "61.63900", "2013-09-30": "61.93400", "2013-06-30": "62.00950", "2013-03-31": "58.04310", "2012-12-31": "61.47950", "2012-09-30": "60.94370", "2012-06-30": "55.30850", "2012-03-31": "53.68190", "2011-12-31": "52.29510", "2011-09-30": "52.15620", "2011-06-30": "51.18210", "2011-03-31": "53.51170", "2010-12-31": "43.96880", "2010-09-30": "55.39160", "2010-06-30": "51.58540", "2010-03-31": "50.48070", "2009-12-31": "-1.63780", "2009-09-30": "57.63450", "2009-06-30": "63.69510", "2009-03-31": "63.65530", "2008-12-31": "62.26030", "2008-09-30": "67.50030", "2008-06-30": "66.16050", "2008-03-31": "56.61610", "2007-12-31": "62.06540", "2007-09-30": "66.02310", "2007-06-30": "65.65180", "2007-03-31": "62.26960", "2006-12-31": "35.58290", "2006-09-30": "49.27280", "2006-06-30": "54.89030", "2006-03-31": "51.00780", "2005-12-31": "22.82510", "2005-09-30": "56.98900", "2005-06-30": "63.22390", "2005-03-31": "62.65140"}, "EBITDA Margin": {"2020-09-30": "", "2020-06-30": "", "2020-03-31": "", "2019-12-31": "", "2019-09-30": "", "2019-06-30": "", "2019-03-31": "", "2018-12-31": "", "2018-09-30": "", "2018-06-30": "", "2018-03-31": "", "2017-12-31": "", "2017-09-30": "", "2017-06-30": "", "2017-03-31": "", "2016-12-31": "", "2016-09-30": "", "2016-06-30": "", "2016-03-31": "", "2015-12-31": "", "2015-09-30": "", "2015-06-30": "", "2015-03-31": "", "2014-12-31": "", "2014-09-30": "", "2014-06-30": "", "2014-03-31": "", "2013-12-31": "", "2013-09-30": "", "2013-06-30": "", "2013-03-31": "", "2012-12-31": "", "2012-09-30": "", "2012-06-30": "", "2012-03-31": "", "2011-12-31": "", "2011-09-30": "", "2011-06-30": "", "2011-03-31": "", "2010-12-31": "", "2010-09-30": "", "2010-06-30": "", "2010-03-31": "", "2009-12-31": "", "2009-09-30": "", "2009-06-30": "", "2009-03-31": "", "2008-12-31": "", "2008-09-30": "", "2008-06-30": "", "2008-03-31": "", "2007-12-31": "", "2007-09-30": "", "2007-06-30": "", "2007-03-31": "", "2006-12-31": "", "2006-09-30": "", "2006-06-30": "", "2006-03-31": "", "2005-12-31": "", "2005-09-30": "", "2005-06-30": "", "2005-03-31": ""}, "Pre-Tax Profit Margin": {"2020-09-30": "35.34450", "2020-06-30": "28.26190", "2020-03-31": "37.23000", "2019-12-31": "42.55840", "2019-09-30": "39.55830", "2019-06-30": "47.99440", "2019-03-31": "48.88650", "2018-12-31": "23.00410", "2018-09-30": "52.81750", "2018-06-30": "45.38580", "2018-03-31": "67.58160", "2017-12-31": "61.93110", "2017-09-30": "39.22960", "2017-06-30": "38.03090", "2017-03-31": "41.73310", "2016-12-31": "62.80670", "2016-09-30": "34.38880", "2016-06-30": "38.76620", "2016-03-31": "42.36970", "2015-12-31": "40.35360", "2015-09-30": "43.75890", "2015-06-30": "38.96070", "2015-03-31": "40.69300", "2014-12-31": "43.24020", "2014-09-30": "40.82250", "2014-06-30": "40.67020", "2014-03-31": "40.38670", "2013-12-31": "40.83620", "2013-09-30": "42.68020", "2013-06-30": "37.96670", "2013-03-31": "34.65460", "2012-12-31": "37.60590", "2012-09-30": "35.05820", "2012-06-30": "33.72400", "2012-03-31": "31.72030", "2011-12-31": "27.62680", "2011-09-30": "27.31820", "2011-06-30": "27.99840", "2011-03-31": "28.90210", "2010-12-31": "14.63170", "2010-09-30": "30.71660", "2010-06-30": "29.80990", "2010-03-31": "25.51330", "2009-12-31": "-25.95170", "2009-09-30": "34.02630", "2009-06-30": "37.88090", "2009-03-31": "37.73330", "2008-12-31": "37.35580", "2008-09-30": "40.98400", "2008-06-30": "39.06580", "2008-03-31": "29.84770", "2007-12-31": "31.55700", "2007-09-30": "42.31380", "2007-06-30": "40.27740", "2007-03-31": "38.34810", "2006-12-31": "16.01120", "2006-09-30": "18.48260", "2006-06-30": "25.90430", "2006-03-31": "29.44590", "2005-12-31": "-7.86980", "2005-09-30": "32.27990", "2005-06-30": "39.70250", "2005-03-31": "39.96000"}, "Net Profit Margin": {"2020-09-30": "32.51780", "2020-06-30": "25.52210", "2020-03-31": "34.66920", "2019-12-31": "33.76130", "2019-09-30": "34.46540", "2019-06-30": "42.53670", "2019-03-31": "43.63820", "2018-12-31": "17.60010", "2018-09-30": "47.28610", "2018-06-30": "39.86160", "2018-03-31": "61.96050", "2017-12-31": "42.32130", "2017-09-30": "35.56960", "2017-06-30": "33.97250", "2017-03-31": "36.49950", "2016-12-31": "38.27480", "2016-09-30": "31.16150", "2016-06-30": "32.90710", "2016-03-31": "48.68800", "2015-12-31": "26.59800", "2015-09-30": "37.63020", "2015-06-30": "31.84940", "2015-03-31": "38.83310", "2014-12-31": "38.92620", "2014-09-30": "35.57480", "2014-06-30": "34.76180", "2014-03-31": "33.12770", "2013-12-31": "34.02600", "2013-09-30": "34.54230", "2013-06-30": "33.98310", "2013-03-31": "31.69230", "2012-12-31": "40.04060", "2012-09-30": "39.40350", "2012-06-30": "30.99110", "2012-03-31": "27.93730", "2011-12-31": "32.49900", "2011-09-30": "26.28820", "2011-06-30": "26.38360", "2011-03-31": "27.17290", "2010-12-31": "21.90910", "2010-09-30": "29.77960", "2010-06-30": "27.59240", "2010-03-31": "23.27300", "2009-12-31": "-11.76010", "2009-09-30": "32.02140", "2009-06-30": "28.17560", "2009-03-31": "43.14830", "2008-12-31": "43.35510", "2008-09-30": "46.27670", "2008-06-30": "48.90990", "2008-03-31": "51.84780", "2007-12-31": "62.00170", "2007-09-30": "98.12300", "2007-06-30": "104.35800", "2007-03-31": "61.05620", "2006-12-31": "111.54790", "2006-09-30": "57.53790", "2006-06-30": "225.57390", "2006-03-31": "42.16100", "2005-12-31": "59.72710", "2005-09-30": "44.96620", "2005-06-30": "88.38190", "2005-03-31": "89.40900"}, "Asset Turnover": {"2020-09-30": "0.02080", "2020-06-30": "0.02140", "2020-03-31": "0.02290", "2019-12-31": "0.02330", "2019-09-30": "0.02210", "2019-06-30": "0.02270", "2019-03-31": "0.02290", "2018-12-31": "0.02240", "2018-09-30": "0.02110", "2018-06-30": "0.02310", "2018-03-31": "0.02290", "2017-12-31": "0.02290", "2017-09-30": "0.02230", "2017-06-30": "0.02300", "2017-03-31": "0.02310", "2016-12-31": "0.02230", "2016-09-30": "0.02300", "2016-06-30": "0.02260", "2016-03-31": "0.02290", "2015-12-31": "0.02310", "2015-09-30": "0.02300", "2015-06-30": "0.02280", "2015-03-31": "0.02310", "2014-12-31": "0.02350", "2014-09-30": "0.02260", "2014-06-30": "0.02270", "2014-03-31": "0.02300", "2013-12-31": "0.02330", "2013-09-30": "0.02270", "2013-06-30": "0.02070", "2013-03-31": "0.02310", "2012-12-31": "0.02250", "2012-09-30": "0.02150", "2012-06-30": "0.02400", "2012-03-31": "0.02450", "2011-12-31": "0.02330", "2011-09-30": "0.02510", "2011-06-30": "0.02660", "2011-03-31": "0.02560", "2010-12-31": "0.02060", "2010-09-30": "0.02510", "2010-06-30": "0.02730", "2010-03-31": "0.02420", "2009-12-31": "0.02440", "2009-09-30": "0.02440", "2009-06-30": "0.02210", "2009-03-31": "0.02210", "2008-12-31": "0.02190", "2008-09-30": "0.02220", "2008-06-30": "0.02110", "2008-03-31": "0.02210", "2007-12-31": "0.01920", "2007-09-30": "0.01990", "2007-06-30": "0.02030", "2007-03-31": "0.02060", "2006-12-31": "0.02580", "2006-09-30": "0.01950", "2006-06-30": "0.02060", "2006-03-31": "0.02940", "2005-12-31": "0.01780", "2005-09-30": "0.02170", "2005-06-30": "0.02060", "2005-03-31": "0.02080"}, "Inventory Turnover Ratio": {"2020-09-30": "", "2020-06-30": "", "2020-03-31": "", "2019-12-31": "", "2019-09-30": "", "2019-06-30": "", "2019-03-31": "", "2018-12-31": "", "2018-09-30": "", "2018-06-30": "", "2018-03-31": "", "2017-12-31": "", "2017-09-30": "", "2017-06-30": "", "2017-03-31": "", "2016-12-31": "", "2016-09-30": "", "2016-06-30": "", "2016-03-31": "", "2015-12-31": "", "2015-09-30": "", "2015-06-30": "", "2015-03-31": "", "2014-12-31": "", "2014-09-30": "", "2014-06-30": "", "2014-03-31": "", "2013-12-31": "", "2013-09-30": "", "2013-06-30": "", "2013-03-31": "", "2012-12-31": "", "2012-09-30": "", "2012-06-30": "", "2012-03-31": "", "2011-12-31": "", "2011-09-30": "", "2011-06-30": "", "2011-03-31": "", "2010-12-31": "", "2010-09-30": "", "2010-06-30": "", "2010-03-31": "", "2009-12-31": "", "2009-09-30": "", "2009-06-30": "", "2009-03-31": "", "2008-12-31": "", "2008-09-30": "", "2008-06-30": "", "2008-03-31": "", "2007-12-31": "", "2007-09-30": "", "2007-06-30": "", "2007-03-31": "", "2006-12-31": "", "2006-09-30": "", "2006-06-30": "", "2006-03-31": "", "2005-12-31": "", "2005-09-30": "", "2005-06-30": "", "2005-03-31": ""}, "Receiveable Turnover": {"2020-09-30": "", "2020-06-30": "", "2020-03-31": "", "2019-12-31": "", "2019-09-30": "", "2019-06-30": "", "2019-03-31": "", "2018-12-31": "", "2018-09-30": "", "2018-06-30": "", "2018-03-31": "", "2017-12-31": "", "2017-09-30": "", "2017-06-30": "", "2017-03-31": "", "2016-12-31": "", "2016-09-30": "", "2016-06-30": "", "2016-03-31": "", "2015-12-31": "", "2015-09-30": "", "2015-06-30": "", "2015-03-31": "", "2014-12-31": "", "2014-09-30": "", "2014-06-30": "", "2014-03-31": "", "2013-12-31": "", "2013-09-30": "", "2013-06-30": "", "2013-03-31": "", "2012-12-31": "", "2012-09-30": "", "2012-06-30": "", "2012-03-31": "", "2011-12-31": "", "2011-09-30": "", "2011-06-30": "", "2011-03-31": "", "2010-12-31": "", "2010-09-30": "", "2010-06-30": "", "2010-03-31": "", "2009-12-31": "", "2009-09-30": "", "2009-06-30": "", "2009-03-31": "", "2008-12-31": "", "2008-09-30": "", "2008-06-30": "", "2008-03-31": "", "2007-12-31": "", "2007-09-30": "", "2007-06-30": "", "2007-03-31": "", "2006-12-31": "", "2006-09-30": "", "2006-06-30": "", "2006-03-31": "", "2005-12-31": "", "2005-09-30": "", "2005-06-30": "", "2005-03-31": ""}, "Days Sales In Receivables": {"2020-09-30": "", "2020-06-30": "", "2020-03-31": "", "2019-12-31": "", "2019-09-30": "", "2019-06-30": "", "2019-03-31": "", "2018-12-31": "", "2018-09-30": "", "2018-06-30": "", "2018-03-31": "", "2017-12-31": "", "2017-09-30": "", "2017-06-30": "", "2017-03-31": "", "2016-12-31": "", "2016-09-30": "", "2016-06-30": "", "2016-03-31": "", "2015-12-31": "", "2015-09-30": "", "2015-06-30": "", "2015-03-31": "", "2014-12-31": "", "2014-09-30": "", "2014-06-30": "", "2014-03-31": "", "2013-12-31": "", "2013-09-30": "", "2013-06-30": "", "2013-03-31": "", "2012-12-31": "", "2012-09-30": "", "2012-06-30": "", "2012-03-31": "", "2011-12-31": "", "2011-09-30": "", "2011-06-30": "", "2011-03-31": "", "2010-12-31": "", "2010-09-30": "", "2010-06-30": "", "2010-03-31": "", "2009-12-31": "", "2009-09-30": "", "2009-06-30": "", "2009-03-31": "", "2008-12-31": "", "2008-09-30": "", "2008-06-30": "", "2008-03-31": "", "2007-12-31": "", "2007-09-30": "", "2007-06-30": "", "2007-03-31": "", "2006-12-31": "", "2006-09-30": "", "2006-06-30": "", "2006-03-31": "", "2005-12-31": "", "2005-09-30": "", "2005-06-30": "", "2005-03-31": ""}, "ROE - Return On Equity": {"2020-09-30": "1.42220", "2020-06-30": "1.16660", "2020-03-31": "1.64760", "2019-12-31": "1.85080", "2019-09-30": "1.67000", "2019-06-30": "2.20310", "2019-03-31": "2.27340", "2018-12-31": "1.03830", "2018-09-30": "2.38170", "2018-06-30": "2.10280", "2018-03-31": "3.19580", "2017-12-31": "2.24990", "2017-09-30": "1.95100", "2017-06-30": "1.91120", "2017-03-31": "2.42070", "2016-12-31": "2.20640", "2016-09-30": "1.69010", "2016-06-30": "1.74710", "2016-03-31": "2.47190", "2015-12-31": "1.53490", "2015-09-30": "2.13320", "2015-06-30": "1.79650", "2015-03-31": "2.12010", "2014-12-31": "2.14400", "2014-09-30": "2.07210", "2014-06-30": "2.02570", "2014-03-31": "1.98680", "2013-12-31": "1.92200", "2013-09-30": "1.93370", "2013-06-30": "1.62420", "2013-03-31": "1.52520", "2012-12-31": "1.66380", "2012-09-30": "2.04930", "2012-06-30": "1.54700", "2012-03-31": "1.45910", "2011-12-31": "1.14760", "2011-09-30": "1.28230", "2011-06-30": "1.41360", "2011-03-31": "1.41670", "2010-12-31": "0.62170", "2010-09-30": "1.38310", "2010-06-30": "1.43610", "2010-03-31": "1.09550", "2009-12-31": "-0.57890", "2009-09-30": "1.47660", "2009-06-30": "1.05530", "2009-03-31": "1.67840", "2008-12-31": "1.89090", "2008-09-30": "1.87030", "2008-06-30": "1.76640", "2008-03-31": "1.52880", "2007-12-31": "1.27360", "2007-09-30": "1.77930", "2007-06-30": "1.78820", "2007-03-31": "1.69770", "2006-12-31": "2.30320", "2006-09-30": "1.24840", "2006-06-30": "1.41930", "2006-03-31": "1.78260", "2005-12-31": "-0.18260", "2005-09-30": "1.56050", "2005-06-30": "1.71630", "2005-03-31": "1.82310"}, "Return On Tangible Equity": {"2020-09-30": "1.30780", "2020-06-30": "1.07320", "2020-03-31": "1.51540", "2019-12-31": "1.70340", "2019-09-30": "1.44170", "2019-06-30": "1.87310", "2019-03-31": "1.92720", "2018-12-31": "0.88030", "2018-09-30": "2.01220", "2018-06-30": "1.76940", "2018-03-31": "2.67280", "2017-12-31": "1.87940", "2017-09-30": "1.62330", "2017-06-30": "1.58350", "2017-03-31": "2.00410", "2016-12-31": "1.68820", "2016-09-30": "1.41860", "2016-06-30": "1.46390", "2016-03-31": "2.05800", "2015-12-31": "1.27090", "2015-09-30": "1.74570", "2015-06-30": "1.46810", "2015-03-31": "1.72990", "2014-12-31": "1.74410", "2014-09-30": "1.65880", "2014-06-30": "1.61330", "2014-03-31": "1.57630", "2013-12-31": "1.52430", "2013-09-30": "1.53490", "2013-06-30": "1.29040", "2013-03-31": "1.34570", "2012-12-31": "1.45560", "2012-09-30": "1.79070", "2012-06-30": "1.34730", "2012-03-31": "1.26980", "2011-12-31": "1.09490", "2011-09-30": "1.21600", "2011-06-30": "1.33000", "2011-03-31": "1.33190", "2010-12-31": "0.58430", "2010-09-30": "1.30060", "2010-06-30": "1.35100", "2010-03-31": "1.03090", "2009-12-31": "-0.54490", "2009-09-30": "1.39230", "2009-06-30": "0.99410", "2009-03-31": "1.58040", "2008-12-31": "1.78000", "2008-09-30": "1.75300", "2008-06-30": "1.65390", "2008-03-31": "1.42980", "2007-12-31": "1.19040", "2007-09-30": "1.65120", "2007-06-30": "1.65650", "2007-03-31": "1.56670", "2006-12-31": "2.01640", "2006-09-30": "1.18960", "2006-06-30": "1.35140", "2006-03-31": "1.63850", "2005-12-31": "-0.16730", "2005-09-30": "1.42720", "2005-06-30": "1.56880", "2005-03-31": "1.65750"}, "ROA - Return On Assets": {"2020-09-30": "0.73440", "2020-06-30": "0.60610", "2020-03-31": "0.85230", "2019-12-31": "0.99240", "2019-09-30": "0.87440", "2019-06-30": "1.09050", "2019-03-31": "1.12140", "2018-12-31": "0.51480", "2018-09-30": "1.11490", "2018-06-30": "1.04650", "2018-03-31": "1.55070", "2017-12-31": "1.10030", "2017-09-30": "0.92250", "2017-06-30": "0.92170", "2017-03-31": "1.20440", "2016-12-31": "1.04390", "2016-09-30": "0.86700", "2016-06-30": "0.89770", "2016-03-31": "1.27280", "2015-12-31": "0.77800", "2015-09-30": "1.03300", "2015-06-30": "0.90000", "2015-03-31": "1.07630", "2014-12-31": "1.09390", "2014-09-30": "0.98280", "2014-06-30": "0.97970", "2014-03-31": "0.97110", "2013-12-31": "0.95070", "2013-09-30": "0.96450", "2013-06-30": "0.77650", "2013-03-31": "0.82150", "2012-12-31": "0.83860", "2012-09-30": "1.03690", "2012-06-30": "0.81020", "2012-03-31": "0.77900", "2011-12-31": "0.63870", "2011-09-30": "0.68750", "2011-06-30": "0.73960", "2011-03-31": "0.74330", "2010-12-31": "0.32920", "2010-09-30": "0.76880", "2010-06-30": "0.81020", "2010-03-31": "0.61810", "2009-12-31": "-0.32950", "2009-09-30": "0.84600", "2009-06-30": "0.59780", "2009-03-31": "0.94370", "2008-12-31": "1.05410", "2008-09-30": "0.97530", "2008-06-30": "0.89390", "2008-03-31": "0.76290", "2007-12-31": "0.65960", "2007-09-30": "0.90140", "2007-06-30": "0.93250", "2007-03-31": "0.94030", "2006-12-31": "1.15310", "2006-09-30": "0.61750", "2006-06-30": "0.73940", "2006-03-31": "0.79390", "2005-12-31": "-0.07990", "2005-09-30": "0.74950", "2005-06-30": "0.84560", "2005-03-31": "0.96000"}, "ROI - Return On Investment": {"2020-09-30": "0.74680", "2020-06-30": "0.61440", "2020-03-31": "0.86680", "2019-12-31": "1.00800", "2019-09-30": "0.89160", "2019-06-30": "1.10790", "2019-03-31": "1.14250", "2018-12-31": "0.52200", "2018-09-30": "1.13550", "2018-06-30": "1.06670", "2018-03-31": "1.58870", "2017-12-31": "1.12420", "2017-09-30": "0.94410", "2017-06-30": "0.93940", "2017-03-31": "1.23000", "2016-12-31": "1.06160", "2016-09-30": "0.88540", "2016-06-30": "0.91670", "2016-03-31": "1.30790", "2015-12-31": "0.79870", "2015-09-30": "1.06510", "2015-06-30": "0.92120", "2015-03-31": "1.10130", "2014-12-31": "1.11720", "2014-09-30": "1.00820", "2014-06-30": "1.00200", "2014-03-31": "0.99750", "2013-12-31": "0.97390", "2013-09-30": "0.99250", "2013-06-30": "0.79440", "2013-03-31": "0.84280", "2012-12-31": "0.86090", "2012-09-30": "1.06990", "2012-06-30": "0.83310", "2012-03-31": "0.80020", "2011-12-31": "0.65630", "2011-09-30": "0.70880", "2011-06-30": "0.75250", "2011-03-31": "0.75950", "2010-12-31": "0.33550", "2010-09-30": "0.78650", "2010-06-30": "0.82300", "2010-03-31": "0.62960", "2009-12-31": "-0.33430", "2009-09-30": "0.86370", "2009-06-30": "0.60810", "2009-03-31": "0.96350", "2008-12-31": "1.07570", "2008-09-30": "1.00020", "2008-06-30": "0.91060", "2008-03-31": "0.78240", "2007-12-31": "0.67890", "2007-09-30": "0.92330", "2007-06-30": "0.95460", "2007-03-31": "0.96280", "2006-12-31": "1.18030", "2006-09-30": "0.63330", "2006-06-30": "0.75800", "2006-03-31": "0.81590", "2005-12-31": "-0.08200", "2005-09-30": "0.78130", "2005-06-30": "0.88220", "2005-03-31": "0.97410"}, "Book Value Per Share": {"2020-09-30": "24.67790", "2020-06-30": "24.85930", "2020-03-31": "25.01080", "2019-12-31": "25.22910", "2019-09-30": "26.95520", "2019-06-30": "25.82330", "2019-03-31": "25.63860", "2018-12-31": "25.72450", "2018-09-30": "25.65370", "2018-06-30": "25.41000", "2018-03-31": "25.11900", "2017-12-31": "25.00970", "2017-09-30": "24.83570", "2017-06-30": "24.72210", "2017-03-31": "24.73390", "2016-12-31": "26.61860", "2016-09-30": "24.32710", "2016-06-30": "24.29760", "2016-03-31": "23.97560", "2015-12-31": "23.70360", "2015-09-30": "23.36190", "2015-06-30": "23.40300", "2015-03-31": "23.40880", "2014-12-31": "23.35500", "2014-09-30": "22.80720", "2014-06-30": "22.68430", "2014-03-31": "22.63510", "2013-12-31": "22.77430", "2013-09-30": "22.87870", "2013-06-30": "23.45240", "2013-03-31": "20.89780", "2012-12-31": "20.59600", "2012-09-30": "20.81920", "2012-06-30": "20.72990", "2012-03-31": "20.79060", "2011-12-31": "19.12920", "2011-09-30": "18.65020", "2011-06-30": "18.09110", "2011-03-31": "18.17260", "2010-12-31": "18.28390", "2010-09-30": "18.48000", "2010-06-30": "18.61100", "2010-03-31": "18.72590", "2009-12-31": "19.00890", "2009-09-30": "19.64620", "2009-06-30": "19.81170", "2009-03-31": "19.87010", "2008-12-31": "20.02740", "2008-09-30": "19.58870", "2008-06-30": "19.52610", "2008-03-31": "19.45470", "2007-12-31": "19.40330", "2007-09-30": "18.90930", "2007-06-30": "18.62430", "2007-03-31": "18.14360", "2006-12-31": "18.32920", "2006-09-30": "16.11150", "2006-06-30": "16.04300", "2006-03-31": "15.29370", "2005-12-31": "15.02040", "2005-09-30": "15.01460", "2005-06-30": "15.01950", "2005-03-31": "14.66530"}, "Operating Cash Flow Per Share": {"2020-09-30": 0.9242, "2020-06-30": 0.3467, "2020-03-31": "0.74800", "2019-12-31": 0.6261, "2019-09-30": 0.9635, "2019-06-30": 0.5624, "2019-03-31": "0.88720", "2018-12-31": 0.6955, "2018-09-30": 0.8437, "2018-06-30": 0.6326, "2018-03-31": "0.84750", "2017-12-31": 0.6147, "2017-09-30": 0.7601, "2017-06-30": 0.6505, "2017-03-31": "0.79570", "2016-12-31": 0.729, "2016-09-30": 0.8388, "2016-06-30": 0.5786, "2016-03-31": "0.72470", "2015-12-31": 0.4655, "2015-09-30": 0.8145, "2015-06-30": 0.5209, "2015-03-31": "0.73530", "2014-12-31": 0.526, "2014-09-30": 0.7279, "2014-06-30": 0.4706, "2014-03-31": "0.65490", "2013-12-31": 0.5412, "2013-09-30": 0.7455, "2013-06-30": 0.4086, "2013-03-31": "0.59410", "2012-12-31": 0.5272, "2012-09-30": 0.6305, "2012-06-30": 0.4566, "2012-03-31": "0.47640", "2011-12-31": 0.4156, "2011-09-30": 0.666, "2011-06-30": 0.3343, "2011-03-31": "0.58470", "2010-12-31": 0.3156, "2010-09-30": 0.6205, "2010-06-30": 0.7686, "2010-03-31": "0.56340", "2009-12-31": 0.3041, "2009-09-30": 0.5852, "2009-06-30": 0.3572, "2009-03-31": "0.62340", "2008-12-31": 0.3387, "2008-09-30": 1.3261, "2008-06-30": 0.5498, "2008-03-31": "0.97950", "2007-12-31": -0.9767, "2007-09-30": 1.0437, "2007-06-30": 0.7794, "2007-03-31": "1.11770", "2006-12-31": 0.0275, "2006-09-30": 0.1772, "2006-06-30": -0.3705, "2006-03-31": "0.19470", "2005-12-31": -0.8114, "2005-09-30": 0.5191, "2005-06-30": 0.3384, "2005-03-31": "0.30580"}, "Free Cash Flow Per Share": {"2020-09-30": 0.8864, "2020-06-30": 0.2838, "2020-03-31": "0.56810", "2019-12-31": -0.6527, "2019-09-30": 0.4344, "2019-06-30": -0.8175, "2019-03-31": "0.29800", "2018-12-31": -1.3329, "2018-09-30": 0.5441, "2018-06-30": -0.2588, "2018-03-31": "0.17370", "2017-12-31": -0.7918, "2017-09-30": 0.3424, "2017-06-30": -1.3061, "2017-03-31": "0.39640", "2016-12-31": -0.8996, "2016-09-30": -0.0722, "2016-06-30": -1.7511, "2016-03-31": "0.18930", "2015-12-31": -0.6431, "2015-09-30": -0.927, "2015-06-30": -0.4494, "2015-03-31": "-0.23830", "2014-12-31": 0.008, "2014-09-30": -1.8385, "2014-06-30": -0.1702, "2014-03-31": "0.01850", "2013-12-31": -0.0006, "2013-09-30": 0.3486, "2013-06-30": -3.0607, "2013-03-31": "0.19010", "2012-12-31": -1.5263, "2012-09-30": -0.2711, "2012-06-30": -0.3628, "2012-03-31": "-1.28000", "2011-12-31": -3.124, "2011-09-30": -2.8825, "2011-06-30": -0.2954, "2011-03-31": "-0.09420", "2010-12-31": -1.1481, "2010-09-30": -0.6475, "2010-06-30": 0.8991, "2010-03-31": "0.50180", "2009-12-31": 0.2618, "2009-09-30": 0.469, "2009-06-30": 0.273, "2009-03-31": "0.49280", "2008-12-31": -0.0518, "2008-09-30": 1.2902, "2008-06-30": -0.8172, "2008-03-31": "-1.16280", "2007-12-31": -2.8379, "2007-09-30": -0.2521, "2007-06-30": -3.3368, "2007-03-31": "0.22950", "2006-12-31": 2.1356, "2006-09-30": -4.3978, "2006-06-30": 0.2168, "2006-03-31": "-0.13510", "2005-12-31": -3.5786, "2005-09-30": -0.2704, "2005-06-30": -0.0257, "2005-03-31": "0.04450"}}, "revenue": {"National Retail Properties Annual Revenue (Millions of US $)": {"2019": "$670", "2018": "$623", "2017": "$585", "2016": "$534", "2015": "$483", "2014": "$435", "2013": "$394", "2012": "$352", "2011": "$304", "2010": "$255", "2009": "$244", "2008": "$232", "2007": "$181", "2006": "$172", "2005": "$123"}, "National Retail Properties Quarterly Revenue (Millions of US $)": {"2020-09-30": "$159", "2020-06-30": "$164", "2020-03-31": "$175", "2019-12-31": "$173", "2019-09-30": "$169", "2019-06-30": "$165", "2019-03-31": "$164", "2018-12-31": "$159", "2018-09-30": "$155", "2018-06-30": "$156", "2018-03-31": "$153", "2017-12-31": "$150", "2017-09-30": "$148", "2017-06-30": "$146", "2017-03-31": "$141", "2016-12-31": "$141", "2016-09-30": "$135", "2016-06-30": "$131", "2016-03-31": "$127", "2015-12-31": "$126", "2015-09-30": "$123", "2015-06-30": "$117", "2015-03-31": "$116", "2014-12-31": "$115", "2014-09-30": "$110", "2014-06-30": "$106", "2014-03-31": "$104", "2013-12-31": "$104", "2013-09-30": "$101", "2013-06-30": "$96", "2013-03-31": "$92", "2012-12-31": "$90", "2012-09-30": "$84", "2012-06-30": "$89", "2012-03-31": "$89", "2011-12-31": "$80", "2011-09-30": "$79", "2011-06-30": "$74", "2011-03-31": "$70", "2010-12-31": "$56", "2010-09-30": "$66", "2010-06-30": "$71", "2010-03-31": "$63", "2009-12-31": "$63", "2009-09-30": "$65", "2009-06-30": "$58", "2009-03-31": "$58", "2008-12-31": "$58", "2008-09-30": "$58", "2008-06-30": "$56", "2008-03-31": "$59", "2007-12-31": "$49", "2007-09-30": "$47", "2007-06-30": "$45", "2007-03-31": "$41", "2006-12-31": "$49", "2006-09-30": "$36", "2006-06-30": "$35", "2006-03-31": "$52", "2005-12-31": "$31", "2005-09-30": "$34", "2005-06-30": "$31", "2005-03-31": "$27"}}, "gross-profit": {"National Retail Properties Annual Gross Profit (Millions of US $)": {"2019": "$643", "2018": "$598", "2017": "$562", "2016": "$513", "2015": "$463", "2014": "$416", "2013": "$375", "2012": "$316", "2011": "$244", "2010": "$210", "2009": "$216", "2008": "$217", "2007": "$172", "2006": "$137", "2005": "$106"}, "National Retail Properties Quarterly Gross Profit (Millions of US $)": {"2020-09-30": "$152", "2020-06-30": "$157", "2020-03-31": "$167", "2019-12-31": "$166", "2019-09-30": "$162", "2019-06-30": "$158", "2019-03-31": "$157", "2018-12-31": "$151", "2018-09-30": "$150", "2018-06-30": "$150", "2018-03-31": "$147", "2017-12-31": "$144", "2017-09-30": "$142", "2017-06-30": "$140", "2017-03-31": "$136", "2016-12-31": "$135", "2016-09-30": "$130", "2016-06-30": "$126", "2016-03-31": "$122", "2015-12-31": "$121", "2015-09-30": "$118", "2015-06-30": "$113", "2015-03-31": "$111", "2014-12-31": "$110", "2014-09-30": "$105", "2014-06-30": "$101", "2014-03-31": "$100", "2013-12-31": "$98", "2013-09-30": "$96", "2013-06-30": "$92", "2013-03-31": "$89", "2012-12-31": "$85", "2012-09-30": "$81", "2012-06-30": "$77", "2012-03-31": "$73", "2011-12-31": "$56", "2011-09-30": "$63", "2011-06-30": "$59", "2011-03-31": "$58", "2010-12-31": "$43", "2010-09-30": "$54", "2010-06-30": "$54", "2010-03-31": "$53", "2009-12-31": "$56", "2009-09-30": "$54", "2009-06-30": "$55", "2009-03-31": "$55", "2008-12-31": "$58", "2008-09-30": "$56", "2008-06-30": "$54", "2008-03-31": "$52", "2007-12-31": "$48", "2007-09-30": "$45", "2007-06-30": "$43", "2007-03-31": "$39", "2006-12-31": "$31", "2006-09-30": "$34", "2006-06-30": "$34", "2006-03-31": "$41", "2005-12-31": "$21", "2005-09-30": "$30", "2005-06-30": "$30", "2005-03-31": "$26"}}, "operating-income": {"National Retail Properties Annual Operating Income (Millions of US $)": {"2019": "$417", "2018": "$425", "2017": "$374", "2016": "$336", "2015": "$289", "2014": "$266", "2013": "$240", "2012": "$203", "2011": "$159", "2010": "$129", "2009": "$110", "2008": "$146", "2007": "$116", "2006": "$81", "2005": "$63"}, "National Retail Properties Quarterly Operating Income (Millions of US $)": {"2020-09-30": "$88", "2020-06-30": "$78", "2020-03-31": "$115", "2019-12-31": "$104", "2019-09-30": "$96", "2019-06-30": "$108", "2019-03-31": "$108", "2018-12-31": "$88", "2018-09-30": "$109", "2018-06-30": "$98", "2018-03-31": "$130", "2017-12-31": "$120", "2017-09-30": "$86", "2017-06-30": "$83", "2017-03-31": "$86", "2016-12-31": "$113", "2016-09-30": "$71", "2016-06-30": "$75", "2016-03-31": "$77", "2015-12-31": "$76", "2015-09-30": "$76", "2015-06-30": "$67", "2015-03-31": "$70", "2014-12-31": "$72", "2014-09-30": "$67", "2014-06-30": "$65", "2014-03-31": "$62", "2013-12-31": "$64", "2013-09-30": "$62", "2013-06-30": "$60", "2013-03-31": "$54", "2012-12-31": "$55", "2012-09-30": "$51", "2012-06-30": "$49", "2012-03-31": "$48", "2011-12-31": "$42", "2011-09-30": "$41", "2011-06-30": "$38", "2011-03-31": "$38", "2010-12-31": "$25", "2010-09-30": "$36", "2010-06-30": "$36", "2010-03-31": "$32", "2009-12-31": "$-1", "2009-09-30": "$37", "2009-06-30": "$37", "2009-03-31": "$37", "2008-12-31": "$36", "2008-09-30": "$39", "2008-06-30": "$37", "2008-03-31": "$33", "2007-12-31": "$30", "2007-09-30": "$31", "2007-06-30": "$30", "2007-03-31": "$26", "2006-12-31": "$18", "2006-09-30": "$18", "2006-06-30": "$19", "2006-03-31": "$27", "2005-12-31": "$7", "2005-09-30": "$19", "2005-06-30": "$20", "2005-03-31": "$17"}}, "ebitda": {"National Retail Properties Annual EBITDA (Millions of US $)": {"2019": "$612", "2018": "$611", "2017": "$555", "2016": "$492", "2015": "$429", "2014": "$387", "2013": "$346", "2012": "$286", "2011": "$224", "2010": "$184", "2009": "$165", "2008": "$197", "2007": "$151", "2006": "$105", "2005": "$85"}, "National Retail Properties Quarterly EBITDA (Millions of US $)": {"2020-09-30": "$139", "2020-06-30": "$129", "2020-03-31": "$169", "2019-12-31": "$154", "2019-09-30": "$146", "2019-06-30": "$156", "2019-03-31": "$156", "2018-12-31": "$138", "2018-09-30": "$153", "2018-06-30": "$143", "2018-03-31": "$176", "2017-12-31": "$166", "2017-09-30": "$136", "2017-06-30": "$126", "2017-03-31": "$127", "2016-12-31": "$154", "2016-09-30": "$111", "2016-06-30": "$113", "2016-03-31": "$114", "2015-12-31": "$112", "2015-09-30": "$111", "2015-06-30": "$103", "2015-03-31": "$103", "2014-12-31": "$104", "2014-09-30": "$99", "2014-06-30": "$94", "2014-03-31": "$92", "2013-12-31": "$92", "2013-09-30": "$89", "2013-06-30": "$85", "2013-03-31": "$80", "2012-12-31": "$77", "2012-09-30": "$73", "2012-06-30": "$70", "2012-03-31": "$67", "2011-12-31": "$59", "2011-09-30": "$58", "2011-06-30": "$54", "2011-03-31": "$53", "2010-12-31": "$39", "2010-09-30": "$50", "2010-06-30": "$50", "2010-03-31": "$45", "2009-12-31": "$13", "2009-09-30": "$50", "2009-06-30": "$51", "2009-03-31": "$50", "2008-12-31": "$50", "2008-09-30": "$53", "2008-06-30": "$50", "2008-03-31": "$44", "2007-12-31": "$43", "2007-09-30": "$39", "2007-06-30": "$37", "2007-03-31": "$32", "2006-12-31": "$24", "2006-09-30": "$23", "2006-06-30": "$25", "2006-03-31": "$33", "2005-12-31": "$13", "2005-09-30": "$26", "2005-06-30": "$24", "2005-03-31": "$22"}}, "net-income": {"National Retail Properties Annual Net Income (Millions of US $)": {"2019": "$258", "2018": "$258", "2017": "$217", "2016": "$201", "2015": "$162", "2014": "$155", "2013": "$132", "2012": "$121", "2011": "$86", "2010": "$66", "2009": "$55", "2008": "$110", "2007": "$148", "2006": "$177", "2005": "$85"}, "National Retail Properties Quarterly Net Income (Millions of US $)": {"2020-09-30": "$52", "2020-06-30": "$42", "2020-03-31": "$61", "2019-12-31": "$59", "2019-09-30": "$58", "2019-06-30": "$70", "2019-03-31": "$71", "2018-12-31": "$28", "2018-09-30": "$73", "2018-06-30": "$62", "2018-03-31": "$95", "2017-12-31": "$64", "2017-09-30": "$53", "2017-06-30": "$49", "2017-03-31": "$52", "2016-12-31": "$54", "2016-09-30": "$42", "2016-06-30": "$43", "2016-03-31": "$62", "2015-12-31": "$34", "2015-09-30": "$46", "2015-06-30": "$37", "2015-03-31": "$45", "2014-12-31": "$45", "2014-09-30": "$39", "2014-06-30": "$37", "2014-03-31": "$34", "2013-12-31": "$35", "2013-09-30": "$35", "2013-06-30": "$33", "2013-03-31": "$29", "2012-12-31": "$36", "2012-09-30": "$33", "2012-06-30": "$28", "2012-03-31": "$25", "2011-12-31": "$26", "2011-09-30": "$21", "2011-06-30": "$20", "2011-03-31": "$19", "2010-12-31": "$12", "2010-09-30": "$20", "2010-06-30": "$20", "2010-03-31": "$15", "2009-12-31": "$-7", "2009-09-30": "$21", "2009-06-30": "$16", "2009-03-31": "$25", "2008-12-31": "$25", "2008-09-30": "$27", "2008-06-30": "$28", "2008-03-31": "$31", "2007-12-31": "$30", "2007-09-30": "$46", "2007-06-30": "$47", "2007-03-31": "$25", "2006-12-31": "$55", "2006-09-30": "$20", "2006-06-30": "$79", "2006-03-31": "$22", "2005-12-31": "$18", "2005-09-30": "$15", "2005-06-30": "$27", "2005-03-31": "$25"}}, "eps-earnings-per-share-diluted": {"National Retail Properties Annual EPS": {"2019": "$1.56", "2018": "$1.65", "2017": "$1.45", "2016": "$1.38", "2015": "$1.20", "2014": "$1.24", "2013": "$1.10", "2012": "$1.11", "2011": "$0.96", "2010": "$0.80", "2009": "$0.60", "2008": "$1.48", "2007": "$2.22", "2006": "$3.05", "2005": "$1.56"}, "National Retail Properties Quarterly EPS": {"2020-09-30": "$0.30", "2020-06-30": "$0.24", "2020-03-31": "$0.35", "2019-12-31": "$0.34", "2019-09-30": "$0.35", "2019-06-30": "$0.43", "2019-03-31": "$0.44", "2018-12-31": "$0.16", "2018-09-30": "$0.47", "2018-06-30": "$0.40", "2018-03-31": "$0.62", "2017-12-31": "$0.42", "2017-09-30": "$0.35", "2017-06-30": "$0.33", "2017-03-31": "$0.35", "2016-12-31": "$0.36", "2016-09-30": "$0.28", "2016-06-30": "$0.30", "2016-03-31": "$0.44", "2015-12-31": "$0.24", "2015-09-30": "$0.34", "2015-06-30": "$0.28", "2015-03-31": "$0.34", "2014-12-31": "$0.35", "2014-09-30": "$0.31", "2014-06-30": "$0.30", "2014-03-31": "$0.28", "2013-12-31": "$0.29", "2013-09-30": "$0.29", "2013-06-30": "$0.27", "2013-03-31": "$0.25", "2012-12-31": "$0.32", "2012-09-30": "$0.30", "2012-06-30": "$0.26", "2012-03-31": "$0.23", "2011-12-31": "$0.26", "2011-09-30": "$0.24", "2011-06-30": "$0.23", "2011-03-31": "$0.23", "2010-12-31": "$0.16", "2010-09-30": "$0.23", "2010-06-30": "$0.23", "2010-03-31": "$0.18", "2009-12-31": "$-0.18", "2009-09-30": "$0.26", "2009-06-30": "$0.20", "2009-03-31": "$0.32", "2008-12-31": "$0.31", "2008-09-30": "$0.37", "2008-06-30": "$0.38", "2008-03-31": "$0.42", "2007-12-31": "$0.43", "2007-09-30": "$0.68", "2007-06-30": "$0.70", "2007-03-31": "$0.41", "2006-12-31": "$0.94", "2006-09-30": "$0.35", "2006-06-30": "$1.37", "2006-03-31": "$0.39", "2005-12-31": "$0.30", "2005-09-30": "$0.28", "2005-06-30": "$0.51", "2005-03-31": "$0.47"}}, "shares-outstanding": {"National Retail Properties Annual Shares Outstanding (Millions of Shares)": {"2019": "165", "2018": "156", "2017": "149", "2016": "145", "2015": "134", "2014": "125", "2013": "120", "2012": "109", "2011": "89", "2010": "83", "2009": "80", "2008": "74", "2007": "66", "2006": "58", "2005": "55"}, "National Retail Properties Quarterly Shares Outstanding (Millions of Shares)": {"2020-09-30": "173", "2020-06-30": "171", "2020-03-31": "171", "2019-12-31": "165", "2019-09-30": "165", "2019-06-30": "162", "2019-03-31": "162", "2018-12-31": "156", "2018-09-30": "157", "2018-06-30": "154", "2018-03-31": "153", "2017-12-31": "149", "2017-09-30": "150", "2017-06-30": "149", "2017-03-31": "147", "2016-12-31": "145", "2016-09-30": "147", "2016-06-30": "144", "2016-03-31": "141", "2015-12-31": "134", "2015-09-30": "134", "2015-06-30": "134", "2015-03-31": "132", "2014-12-31": "125", "2014-09-30": "125", "2014-06-30": "123", "2014-03-31": "122", "2013-12-31": "120", "2013-09-30": "121", "2013-06-30": "121", "2013-03-31": "116", "2012-12-31": "109", "2012-09-30": "110", "2012-06-30": "107", "2012-03-31": "106", "2011-12-31": "89", "2011-09-30": "88", "2011-06-30": "85", "2011-03-31": "84", "2010-12-31": "83", "2010-09-30": "83", "2010-06-30": "83", "2010-03-31": "82", "2009-12-31": "80", "2009-09-30": "80", "2009-06-30": "79", "2009-03-31": "78", "2008-12-31": "74", "2008-09-30": "74", "2008-06-30": "73", "2008-03-31": "72", "2007-12-31": "66", "2007-09-30": "67", "2007-06-30": "67", "2007-03-31": "60", "2006-12-31": "58", "2006-09-30": "58", "2006-06-30": "58", "2006-03-31": "57", "2005-12-31": "55", "2005-09-30": "54", "2005-06-30": "54", "2005-03-31": "54"}}, "total-assets": {"National Retail Properties Annual Total Assets (Millions of US $)": {"2019": "$7,435", "2018": "$7,103", "2017": "$6,561", "2016": "$6,334", "2015": "$5,460", "2014": "$4,916", "2013": "$4,455", "2012": "$3,988", "2011": "$3,435", "2010": "$2,714", "2009": "$2,591", "2008": "$2,649", "2007": "$2,540", "2006": "$1,917", "2005": "$1,733"}, "National Retail Properties Quarterly Total Assets (Millions of US $)": {"2020-09-30": "$7,635", "2020-06-30": "$7,633", "2020-03-31": "$7,647", "2019-12-31": "$7,435", "2019-09-30": "$7,628", "2019-06-30": "$7,253", "2019-03-31": "$7,137", "2018-12-31": "$7,103", "2018-09-30": "$7,359", "2018-06-30": "$6,745", "2018-03-31": "$6,661", "2017-12-31": "$6,561", "2017-09-30": "$6,626", "2017-06-30": "$6,337", "2017-03-31": "$6,115", "2016-12-31": "$6,334", "2016-09-30": "$5,856", "2016-06-30": "$5,785", "2016-03-31": "$5,553", "2015-12-31": "$5,460", "2015-09-30": "$5,349", "2015-06-30": "$5,132", "2015-03-31": "$5,021", "2014-12-31": "$4,916", "2014-09-30": "$4,867", "2014-06-30": "$4,651", "2014-03-31": "$4,518", "2013-12-31": "$4,455", "2013-09-30": "$4,437", "2013-06-30": "$4,649", "2013-03-31": "$4,002", "2012-12-31": "$3,988", "2012-09-30": "$3,934", "2012-06-30": "$3,704", "2012-03-31": "$3,613", "2011-12-31": "$3,435", "2011-09-30": "$3,146", "2011-06-30": "$2,799", "2011-03-31": "$2,754", "2010-12-31": "$2,714", "2010-09-30": "$2,610", "2010-06-30": "$2,587", "2010-03-31": "$2,602", "2009-12-31": "$2,591", "2009-09-30": "$2,652", "2009-06-30": "$2,638", "2009-03-31": "$2,639", "2008-12-31": "$2,649", "2008-09-30": "$2,638", "2008-06-30": "$2,672", "2008-03-31": "$2,663", "2007-12-31": "$2,540", "2007-09-30": "$2,341", "2007-06-30": "$2,219", "2007-03-31": "$1,988", "2006-12-31": "$1,917", "2006-09-30": "$1,819", "2006-06-30": "$1,701", "2006-03-31": "$1,776", "2005-12-31": "$1,733", "2005-09-30": "$1,549", "2005-06-30": "$1,501", "2005-03-31": "$1,321"}}, "cash-on-hand": {"National Retail Properties Annual Cash on Hand (Millions of US $)": {"2019": "$1", "2018": "$114", "2017": "$1", "2016": "$295", "2015": "$14", "2014": "$11", "2013": "$1", "2012": "$2", "2011": "$2", "2010": "$2", "2009": "$15", "2008": "$3", "2007": "$27", "2006": "$38", "2005": "$38"}, "National Retail Properties Quarterly Cash on Hand (Millions of US $)": {"2020-09-30": "$295", "2020-06-30": "$225", "2020-03-31": "$217", "2019-12-31": "$1", "2019-09-30": "$354", "2019-06-30": "$2", "2019-03-31": "$81", "2018-12-31": "$114", "2018-09-30": "$608", "2018-06-30": "$2", "2018-03-31": "$4", "2017-12-31": "$1", "2017-09-30": "$254", "2017-06-30": "$4", "2017-03-31": "$34", "2016-12-31": "$295", "2016-09-30": "$6", "2016-06-30": "$3", "2016-03-31": "$51", "2015-12-31": "$14", "2015-09-30": "$3", "2015-06-30": "$2", "2015-03-31": "$4", "2014-12-31": "$11", "2014-09-30": "$5", "2014-06-30": "$85", "2014-03-31": "$6", "2013-12-31": "$1", "2013-09-30": "$7", "2013-06-30": "$237", "2013-03-31": "$3", "2012-12-31": "$2", "2012-09-30": "$141", "2012-06-30": "$3", "2012-03-31": "$3", "2011-12-31": "$2", "2011-09-30": "$20", "2011-06-30": "$4", "2011-03-31": "$3", "2010-12-31": "$2", "2010-09-30": "$4", "2010-06-30": "$52", "2010-03-31": "$31", "2009-12-31": "$15", "2009-09-30": "$23", "2009-06-30": "$2", "2009-03-31": "$2", "2008-12-31": "$3", "2008-09-30": "$3", "2008-06-30": "$5", "2008-03-31": "$12", "2007-12-31": "$27", "2007-09-30": "$66", "2007-06-30": "$40", "2007-03-31": "$93", "2006-12-31": "$38", "2006-09-30": "$46", "2006-06-30": "$39", "2006-03-31": "$51", "2005-12-31": "$38", "2005-09-30": "$38", "2005-06-30": "$33", "2005-03-31": "$3"}}, "long-term-debt": {"National Retail Properties Annual Long Term Debt (Millions of US $)": {"2019": "$2,988", "2018": "$2,851", "2017": "$2,580", "2016": "$2,312", "2015": "$1,976", "2014": "$1,730", "2013": "$1,570", "2012": "$1,587", "2011": "$1,339", "2010": "$1,134", "2009": "$987", "2008": "$1,027", "2007": "$1,060", "2006": "$777", "2005": "$861"}, "National Retail Properties Quarterly Long Term Debt (Millions of US $)": {"2020-09-30": "$3,220", "2020-06-30": "$3,219", "2020-03-31": "$3,218", "2019-12-31": "$2,988", "2019-09-30": "$2,854", "2019-06-30": "$2,916", "2019-03-31": "$2,852", "2018-12-31": "$2,851", "2018-09-30": "$3,148", "2018-06-30": "$2,628", "2018-03-31": "$2,637", "2017-12-31": "$2,580", "2017-09-30": "$2,709", "2017-06-30": "$2,529", "2017-03-31": "$2,312", "2016-12-31": "$2,312", "2016-09-30": "$2,155", "2016-06-30": "$2,118", "2016-03-31": "$1,970", "2015-12-31": "$1,976", "2015-09-30": "$2,023", "2015-06-30": "$1,868", "2015-03-31": "$1,783", "2014-12-31": "$1,730", "2014-09-30": "$1,861", "2014-06-30": "$1,723", "2014-03-31": "$1,615", "2013-12-31": "$1,570", "2013-09-30": "$1,524", "2013-06-30": "$1,747", "2013-03-31": "$1,458", "2012-12-31": "$1,587", "2012-09-30": "$1,535", "2012-06-30": "$1,375", "2012-03-31": "$1,301", "2011-12-31": "$1,339", "2011-09-30": "$1,273", "2011-06-30": "$1,195", "2011-03-31": "$1,158", "2010-12-31": "$1,134", "2010-09-30": "$1,008", "2010-06-30": "$995", "2010-03-31": "$994", "2009-12-31": "$987", "2009-09-30": "$986", "2009-06-30": "$1,007", "2009-03-31": "$1,009", "2008-12-31": "$1,027", "2008-09-30": "$1,105", "2008-06-30": "$1,179", "2008-03-31": "$1,176", "2007-12-31": "$1,060", "2007-09-30": "$1,007", "2007-06-30": "$919", "2007-03-31": "$748", "2006-12-31": "$777", "2006-09-30": "$830", "2006-06-30": "$728", "2006-03-31": "$868", "2005-12-31": "$861", "2005-09-30": "$673", "2005-06-30": "$630", "2005-03-31": "$537"}}, "total-liabilities": {"National Retail Properties Annual Total Liabilities (Millions of US $)": {"2019": "$3,103", "2018": "$2,949", "2017": "$2,720", "2016": "$2,417", "2015": "$2,118", "2014": "$1,832", "2013": "$1,676", "2012": "$1,690", "2011": "$1,431", "2010": "$1,185", "2009": "$1,024", "2008": "$1,081", "2007": "$1,132", "2006": "$821", "2005": "$905"}, "National Retail Properties Quarterly Total Liabilities (Millions of US $)": {"2020-09-30": "$3,347", "2020-06-30": "$3,322", "2020-03-31": "$3,346", "2019-12-31": "$3,103", "2019-09-30": "$3,001", "2019-06-30": "$3,030", "2019-03-31": "$2,984", "2018-12-31": "$2,949", "2018-09-30": "$3,282", "2018-06-30": "$2,756", "2018-03-31": "$2,796", "2017-12-31": "$2,720", "2017-09-30": "$2,860", "2017-06-30": "$2,648", "2017-03-31": "$2,440", "2016-12-31": "$2,417", "2016-09-30": "$2,277", "2016-06-30": "$2,238", "2016-03-31": "$2,119", "2015-12-31": "$2,118", "2015-09-30": "$2,184", "2015-06-30": "$1,986", "2015-03-31": "$1,897", "2014-12-31": "$1,832", "2014-09-30": "$1,983", "2014-06-30": "$1,826", "2014-03-31": "$1,735", "2013-12-31": "$1,676", "2013-09-30": "$1,649", "2013-06-30": "$1,852", "2013-03-31": "$1,559", "2012-12-31": "$1,690", "2012-09-30": "$1,656", "2012-06-30": "$1,477", "2012-03-31": "$1,396", "2011-12-31": "$1,431", "2011-09-30": "$1,368", "2011-06-30": "$1,242", "2011-03-31": "$1,217", "2010-12-31": "$1,185", "2010-09-30": "$1,067", "2010-06-30": "$1,036", "2010-03-31": "$1,042", "2009-12-31": "$1,024", "2009-09-30": "$1,040", "2009-06-30": "$1,052", "2009-03-31": "$1,063", "2008-12-31": "$1,081", "2008-09-30": "$1,170", "2008-06-30": "$1,228", "2008-03-31": "$1,242", "2007-12-31": "$1,132", "2007-09-30": "$1,063", "2007-06-30": "$970", "2007-03-31": "$795", "2006-12-31": "$821", "2006-09-30": "$875", "2006-06-30": "$770", "2006-03-31": "$916", "2005-12-31": "$905", "2005-09-30": "$736", "2005-06-30": "$692", "2005-03-31": "$556"}}, "total-share-holder-equity": {"National Retail Properties Annual Share Holder Equity (Millions of US $)": {"2019": "$4,332", "2018": "$4,155", "2017": "$3,841", "2016": "$3,917", "2015": "$3,342", "2014": "$3,083", "2013": "$2,778", "2012": "$2,298", "2011": "$2,004", "2010": "$1,529", "2009": "$1,567", "2008": "$1,569", "2007": "$1,407", "2006": "$1,097", "2005": "$828"}, "National Retail Properties Quarterly Share Holder Equity (Millions of US $)": {"2020-09-30": "$4,287", "2020-06-30": "$4,311", "2020-03-31": "$4,301", "2019-12-31": "$4,332", "2019-09-30": "$4,627", "2019-06-30": "$4,222", "2019-03-31": "$4,153", "2018-12-31": "$4,155", "2018-09-30": "$4,077", "2018-06-30": "$3,989", "2018-03-31": "$3,865", "2017-12-31": "$3,841", "2017-09-30": "$3,766", "2017-06-30": "$3,689", "2017-03-31": "$3,675", "2016-12-31": "$3,917", "2016-09-30": "$3,579", "2016-06-30": "$3,547", "2016-03-31": "$3,434", "2015-12-31": "$3,342", "2015-09-30": "$3,165", "2015-06-30": "$3,146", "2015-03-31": "$3,124", "2014-12-31": "$3,083", "2014-09-30": "$2,883", "2014-06-30": "$2,824", "2014-03-31": "$2,783", "2013-12-31": "$2,778", "2013-09-30": "$2,788", "2013-06-30": "$2,798", "2013-03-31": "$2,443", "2012-12-31": "$2,298", "2012-09-30": "$2,278", "2012-06-30": "$2,227", "2012-03-31": "$2,216", "2011-12-31": "$2,004", "2011-09-30": "$1,779", "2011-06-30": "$1,556", "2011-03-31": "$1,537", "2010-12-31": "$1,529", "2010-09-30": "$1,543", "2010-06-30": "$1,552", "2010-03-31": "$1,560", "2009-12-31": "$1,567", "2009-09-30": "$1,611", "2009-06-30": "$1,586", "2009-03-31": "$1,576", "2008-12-31": "$1,569", "2008-09-30": "$1,468", "2008-06-30": "$1,444", "2008-03-31": "$1,421", "2007-12-31": "$1,407", "2007-09-30": "$1,278", "2007-06-30": "$1,249", "2007-03-31": "$1,193", "2006-12-31": "$1,097", "2006-09-30": "$944", "2006-06-30": "$930", "2006-03-31": "$861", "2005-12-31": "$828", "2005-09-30": "$814", "2005-06-30": "$809", "2005-03-31": "$765"}}, "profit-margins": {"current": "35.97%"}, "gross margin": {"2020-09-30": "95.68%", "2020-06-30": "95.74%", "2020-03-31": "95.75%", "2019-12-31": "95.83%", "2019-09-30": "95.59%", "2019-06-30": "95.80%", "2019-03-31": "95.90%", "2018-12-31": "95.99%", "2018-09-30": "96.25%", "2018-06-30": "96.05%", "2018-03-31": "95.98%", "2017-12-31": "96.07%", "2017-09-30": "96.01%", "2017-06-30": "96.09%", "2017-03-31": "96.17%", "2016-12-31": "96.07%", "2016-09-30": "96.15%", "2016-06-30": "96.06%", "2016-03-31": "96.15%", "2015-12-31": "96.06%", "2015-09-30": "95.97%", "2015-06-30": "95.85%", "2015-03-31": "95.53%", "2014-12-31": "95.63%", "2014-09-30": "95.28%", "2014-06-30": "95.18%", "2014-03-31": "95.31%", "2013-12-31": "95.42%", "2013-09-30": "95.51%", "2013-06-30": "95.86%", "2013-03-31": "93.52%", "2012-12-31": "89.77%", "2012-09-30": "83.92%", "2012-06-30": "79.82%", "2012-03-31": "77.95%", "2011-12-31": "77.89%", "2011-09-30": "79.93%", "2011-06-30": "80.45%", "2011-03-31": "79.47%", "2010-12-31": "79.69%", "2010-09-30": "82.51%", "2010-06-30": "82.82%", "2010-03-31": "87.55%", "2009-12-31": "90.16%", "2009-09-30": "92.89%", "2009-06-30": "96.55%", "2009-03-31": "96.96%", "2008-12-31": "95.24%", "2008-09-30": "94.59%", "2008-06-30": "94.31%", "2008-03-31": "94.00%", "2007-12-31": "96.15%", "2007-09-30": "86.81%", "2007-06-30": "85.96%", "2007-03-31": "85.71%", "2006-12-31": "81.40%", "2006-09-30": "84.42%", "2006-06-30": "82.89%", "2006-03-31": "82.43%", "2005-12-31": "86.99%"}, "operating margin": {"2020-09-30": "57.38%", "2020-06-30": "57.71%", "2020-03-31": "62.02%", "2019-12-31": "62.00%", "2019-09-30": "60.88%", "2019-06-30": "64.23%", "2019-03-31": "63.56%", "2018-12-31": "68.22%", "2018-09-30": "74.43%", "2018-06-30": "71.50%", "2018-03-31": "70.18%", "2017-12-31": "64.10%", "2017-09-30": "63.89%", "2017-06-30": "62.70%", "2017-03-31": "62.96%", "2016-12-31": "62.92%", "2016-09-30": "57.61%", "2016-06-30": "59.96%", "2016-03-31": "60.04%", "2015-12-31": "59.96%", "2015-09-30": "60.51%", "2015-06-30": "60.26%", "2015-03-31": "61.30%", "2014-12-31": "61.15%", "2014-09-30": "60.85%", "2014-06-30": "60.96%", "2014-03-31": "61.23%", "2013-12-31": "61.07%", "2013-09-30": "60.95%", "2013-06-30": "60.77%", "2013-03-31": "58.87%", "2012-12-31": "57.67%", "2012-09-30": "55.56%", "2012-06-30": "53.41%", "2012-03-31": "52.48%", "2011-12-31": "52.48%", "2011-09-30": "50.90%", "2011-06-30": "51.50%", "2011-03-31": "51.33%", "2010-12-31": "50.39%", "2010-09-30": "39.16%", "2010-06-30": "39.69%", "2010-03-31": "42.17%", "2009-12-31": "45.08%", "2009-09-30": "61.51%", "2009-06-30": "64.22%", "2009-03-31": "64.78%", "2008-12-31": "62.77%", "2008-09-30": "62.61%", "2008-06-30": "62.09%", "2008-03-31": "62.00%", "2007-12-31": "64.29%", "2007-09-30": "57.69%", "2007-06-30": "53.80%", "2007-03-31": "50.31%", "2006-12-31": "47.67%", "2006-09-30": "46.10%", "2006-06-30": "47.37%", "2006-03-31": "49.32%", "2005-12-31": "51.22%"}, "ebitda margin": {"2020-09-30": "88.08%", "2020-06-30": "87.81%", "2020-03-31": "91.64%", "2019-12-31": "91.21%", "2019-09-30": "90.72%", "2019-06-30": "93.78%", "2019-03-31": "93.06%", "2018-12-31": "97.91%", "2018-09-30": "103.91%", "2018-06-30": "102.31%", "2018-03-31": "101.17%", "2017-12-31": "94.87%", "2017-09-30": "94.27%", "2017-06-30": "92.01%", "2017-03-31": "92.15%", "2016-12-31": "92.13%", "2016-09-30": "86.71%", "2016-06-30": "88.76%", "2016-03-31": "89.25%", "2015-12-31": "89.00%", "2015-09-30": "89.38%", "2015-06-30": "89.30%", "2015-03-31": "89.49%", "2014-12-31": "89.43%", "2014-09-30": "88.92%", "2014-06-30": "88.43%", "2014-03-31": "88.40%", "2013-12-31": "88.04%", "2013-09-30": "87.34%", "2013-06-30": "87.02%", "2013-03-31": "84.51%", "2012-12-31": "81.53%", "2012-09-30": "78.65%", "2012-06-30": "75.37%", "2012-03-31": "73.91%", "2011-12-31": "73.93%", "2011-09-30": "73.12%", "2011-06-30": "73.68%", "2011-03-31": "73.00%", "2010-12-31": "71.88%", "2010-09-30": "60.08%", "2010-06-30": "60.31%", "2010-03-31": "63.86%", "2009-12-31": "67.21%", "2009-09-30": "84.10%", "2009-06-30": "87.93%", "2009-03-31": "88.26%", "2008-12-31": "85.28%", "2008-09-30": "85.59%", "2008-06-30": "83.41%", "2008-03-31": "81.50%", "2007-12-31": "82.97%", "2007-09-30": "72.53%", "2007-06-30": "67.84%", "2007-03-31": "64.60%", "2006-12-31": "61.05%", "2006-09-30": "61.04%", "2006-06-30": "63.82%", "2006-03-31": "64.86%", "2005-12-31": "69.11%"}, "pre tax profit margin": {"2020-09-30": "35.92%", "2020-06-30": "37.00%", "2020-03-31": "41.79%", "2019-12-31": "44.71%", "2019-09-30": "40.03%", "2019-06-30": "43.23%", "2019-03-31": "42.59%", "2018-12-31": "47.03%", "2018-09-30": "56.84%", "2018-06-30": "53.54%", "2018-03-31": "51.76%", "2017-12-31": "45.30%", "2017-09-30": "45.31%", "2017-06-30": "44.23%", "2017-03-31": "44.71%", "2016-12-31": "44.94%", "2016-09-30": "38.92%", "2016-06-30": "41.42%", "2016-03-31": "41.58%", "2015-12-31": "41.08%", "2015-09-30": "41.83%", "2015-06-30": "41.05%", "2015-03-31": "41.39%", "2014-12-31": "41.38%", "2014-09-30": "40.57%", "2014-06-30": "40.96%", "2014-03-31": "40.49%", "2013-12-31": "39.19%", "2013-09-30": "38.52%", "2013-06-30": "36.74%", "2013-03-31": "35.49%", "2012-12-31": "34.66%", "2012-09-30": "32.16%", "2012-06-30": "30.27%", "2012-03-31": "28.88%", "2011-12-31": "28.05%", "2011-09-30": "25.45%", "2011-06-30": "25.94%", "2011-03-31": "26.24%", "2010-12-31": "25.39%", "2010-09-30": "15.59%", "2010-06-30": "16.41%", "2010-03-31": "17.67%", "2009-12-31": "20.49%", "2009-09-30": "36.82%", "2009-06-30": "38.79%", "2009-03-31": "39.13%", "2008-12-31": "37.23%", "2008-09-30": "35.59%", "2008-06-30": "35.55%", "2008-03-31": "35.50%", "2007-12-31": "37.91%", "2007-09-30": "34.07%", "2007-06-30": "28.65%", "2007-03-31": "24.84%", "2006-12-31": "22.67%", "2006-09-30": "18.83%", "2006-06-30": "21.71%", "2006-03-31": "24.32%", "2005-12-31": "26.02%"}, "net profit margin": {"2020-09-30": "31.89%", "2020-06-30": "32.31%", "2020-03-31": "36.36%", "2019-12-31": "38.45%", "2019-09-30": "34.55%", "2019-06-30": "37.64%", "2019-03-31": "36.91%", "2018-12-31": "41.41%", "2018-09-30": "47.88%", "2018-06-30": "45.14%", "2018-03-31": "43.72%", "2017-12-31": "37.26%", "2017-09-30": "36.11%", "2017-06-30": "34.99%", "2017-03-31": "34.85%", "2016-12-31": "37.64%", "2016-09-30": "34.87%", "2016-06-30": "36.49%", "2016-03-31": "36.31%", "2015-12-31": "33.61%", "2015-09-30": "36.73%", "2015-06-30": "36.24%", "2015-03-31": "37.14%", "2014-12-31": "35.63%", "2014-09-30": "34.20%", "2014-06-30": "33.98%", "2014-03-31": "33.83%", "2013-12-31": "33.59%", "2013-09-30": "35.09%", "2013-06-30": "36.19%", "2013-03-31": "35.49%", "2012-12-31": "34.66%", "2012-09-30": "32.75%", "2012-06-30": "29.67%", "2012-03-31": "28.57%", "2011-12-31": "28.38%", "2011-09-30": "25.81%", "2011-06-30": "26.69%", "2011-03-31": "27.00%", "2010-12-31": "26.17%", "2010-09-30": "18.25%", "2010-06-30": "18.70%", "2010-03-31": "18.07%", "2009-12-31": "22.54%", "2009-09-30": "36.40%", "2009-06-30": "40.09%", "2009-03-31": "45.65%", "2008-12-31": "48.05%", "2008-09-30": "52.25%", "2008-06-30": "63.98%", "2008-03-31": "77.00%", "2007-12-31": "81.32%", "2007-09-30": "95.05%", "2007-06-30": "85.96%", "2007-03-31": "111.18%", "2006-12-31": "102.33%", "2006-09-30": "90.26%", "2006-06-30": "88.16%", "2006-03-31": "55.41%", "2005-12-31": "69.11%"}, "pe ratio": {"current": "15.11", "2021-02-05": "32.93", "2020-09-30": "27.26", "2020-06-30": "26.54", "2020-03-31": "20.64", "2019-12-31": "32.11", "2019-09-30": "37.30", "2019-06-30": "31.98", "2019-03-31": "33.76", "2018-12-31": "26.13", "2018-09-30": "20.89", "2018-06-30": "21.62", "2018-03-31": "19.85", "2017-12-31": "25.55", "2017-09-30": "25.27", "2017-06-30": "24.67", "2017-03-31": "27.87", "2016-12-31": "26.13", "2016-09-30": "32.83", "2016-06-30": "31.60", "2016-03-31": "28.38", "2015-12-31": "26.38", "2015-09-30": "21.64", "2015-06-30": "21.13", "2015-03-31": "24.09", "2014-12-31": "24.04", "2014-09-30": "21.93", "2014-06-30": "23.73", "2014-03-31": "22.22", "2013-12-31": "19.92", "2013-09-30": "20.11", "2013-06-30": "21.31", "2013-03-31": "22.38", "2012-12-31": "19.41", "2012-09-30": "19.81", "2012-06-30": "19.23", "2012-03-31": "18.80", "2011-12-31": "17.98", "2011-09-30": "20.40", "2011-06-30": "18.55", "2011-03-31": "19.49", "2010-12-31": "20.70", "2010-09-30": "42.44", "2010-06-30": "32.92", "2010-03-31": "28.03", "2009-12-31": "19.81", "2009-09-30": "9.75", "2009-06-30": "7.00", "2009-03-31": "5.92", "2008-12-31": "5.84", "2008-09-30": "7.43", "2008-06-30": "5.43", "2008-03-31": "4.89", "2007-12-31": "5.15", "2007-09-30": "4.38", "2007-06-30": "4.40", "2007-03-31": "3.74", "2006-12-31": "3.53"}, "price sales": {"2021-02-05": "10.27", "2020-09-30": "8.50", "2020-06-30": "8.40", "2020-03-31": "7.39", "2019-12-31": "12.22", "2019-09-30": "12.85", "2019-06-30": "12.05", "2019-03-31": "12.50", "2018-12-31": "10.88", "2018-09-30": "9.98", "2018-06-30": "9.68", "2018-03-31": "8.61", "2017-12-31": "9.42", "2017-09-30": "9.07", "2017-06-30": "8.56", "2017-03-31": "9.63", "2016-12-31": "9.81", "2016-09-30": "11.29", "2016-06-30": "11.38", "2016-03-31": "10.16", "2015-12-31": "8.76", "2015-09-30": "7.88", "2015-06-30": "7.60", "2015-03-31": "8.84", "2014-12-31": "8.47", "2014-09-30": "7.48", "2014-06-30": "8.07", "2014-03-31": "7.50", "2013-12-31": "6.65", "2013-09-30": "7.00", "2013-06-30": "7.64", "2013-03-31": "7.87", "2012-12-31": "6.63", "2012-09-30": "6.25", "2012-06-30": "5.50", "2012-03-31": "5.14", "2011-12-31": "4.90", "2011-09-30": "5.27", "2011-06-30": "4.89", "2011-03-31": "5.18", "2010-12-31": "5.31", "2010-09-30": "4.78", "2010-06-30": "3.99", "2010-03-31": "4.35", "2009-12-31": "4.00", "2009-09-30": "3.98", "2009-06-30": "3.17", "2009-03-31": "2.80", "2008-12-31": "2.90", "2008-09-30": "4.01", "2008-06-30": "3.55", "2008-03-31": "3.81", "2007-12-31": "4.17", "2007-09-30": "4.11", "2007-06-30": "3.73", "2007-03-31": "4.17", "2006-12-31": "3.59"}, "price book": {"current": "1.78", "2021-02-05": "1.64", "2020-09-30": "1.36", "2020-06-30": "1.37", "2020-03-31": "1.21", "2019-12-31": "1.99", "2019-09-30": "1.94", "2019-06-30": "1.88", "2019-03-31": "1.96", "2018-12-31": "1.70", "2018-09-30": "1.56", "2018-06-30": "1.52", "2018-03-31": "1.36", "2017-12-31": "1.48", "2017-09-30": "1.42", "2017-06-30": "1.33", "2017-03-31": "1.46", "2016-12-31": "1.36", "2016-09-30": "1.70", "2016-06-30": "1.72", "2016-03-31": "1.54", "2015-12-31": "1.34", "2015-09-30": "1.21", "2015-06-30": "1.16", "2015-03-31": "1.34", "2014-12-31": "1.28", "2014-09-30": "1.13", "2014-06-30": "1.21", "2014-03-31": "1.11", "2013-12-31": "0.96", "2013-09-30": "0.99", "2013-06-30": "1.04", "2013-03-31": "1.21", "2012-12-31": "1.05", "2012-09-30": "1.00", "2012-06-30": "0.92", "2012-03-31": "0.87", "2011-12-31": "0.90", "2011-09-30": "0.93", "2011-06-30": "0.86", "2011-03-31": "0.90", "2010-12-31": "0.89", "2010-09-30": "0.83", "2010-06-30": "0.69", "2010-03-31": "0.72", "2009-12-31": "0.65", "2009-09-30": "0.62", "2009-06-30": "0.49", "2009-03-31": "0.43", "2008-12-31": "0.46", "2008-09-30": "0.64", "2008-06-30": "0.55", "2008-03-31": "0.57", "2007-12-31": "0.60", "2007-09-30": "0.63", "2007-06-30": "0.56", "2007-03-31": "0.63", "2006-12-31": "0.58", "2006-09-30": "0.62", "2006-06-30": "0.56", "2006-03-31": "0.68"}, "price fcf": {"2021-02-05": "", "2020-09-30": "$1.09", "2020-06-30": "$0.63", "2020-03-31": "$-0.47", "2019-12-31": "$-0.74", "2019-09-30": "$-1.42", "2019-06-30": "$-1.31", "2019-03-31": "$-0.75", "2018-12-31": "$-0.87", "2018-09-30": "$-0.33", "2018-06-30": "$-0.53", "2018-03-31": "$-1.58", "2017-12-31": "$-1.36", "2017-09-30": "$-1.47", "2017-06-30": "$-1.88", "2017-03-31": "$-2.33", "2016-12-31": "$-2.53", "2016-09-30": "$-2.28", "2016-06-30": "$-3.13", "2016-03-31": "$-1.83", "2015-12-31": "$-2.26", "2015-09-30": "$-1.61", "2015-06-30": "$-2.52", "2015-03-31": "$-2.24", "2014-12-31": "$-1.98", "2014-09-30": "$-1.99", "2014-06-30": "$0.20", "2014-03-31": "$-2.69", "2013-12-31": "$-2.52", "2013-09-30": "$-4.05", "2013-06-30": "$-4.67", "2013-03-31": "$-1.97", "2012-12-31": "$-3.44", "2012-09-30": "$-5.04", "2012-06-30": "$-7.65", "2012-03-31": "$-7.58", "2011-12-31": "$-6.40", "2011-09-30": "$-4.42", "2011-06-30": "$-2.19", "2011-03-31": "$-0.99", "2010-12-31": "$-0.39", "2010-09-30": "$1.02", "2010-06-30": "$2.13", "2010-03-31": "$1.51", "2009-12-31": "$1.50", "2009-09-30": "$1.18", "2009-06-30": "$2.00", "2009-03-31": "$0.91", "2008-12-31": "$-0.74", "2008-09-30": "$-3.53", "2008-06-30": "$-5.07", "2008-03-31": "$-7.59", "2007-12-31": "$-6.20", "2007-09-30": "$-1.22", "2007-06-30": "$-5.37", "2007-03-31": "$-1.82", "2006-12-31": "$-2.18"}, "net worth": {"value": "$7.04B"}, "current ratio": {"2020-09-30": "7.03", "2020-06-30": "13.98", "2020-03-31": "6.00", "2019-12-31": "1.80", "2019-09-30": "8.39", "2019-06-30": "1.83", "2019-03-31": "2.35", "2018-12-31": "7.35", "2018-09-30": "18.01", "2018-06-30": "1.58", "2018-03-31": "0.94", "2017-12-31": "1.56", "2017-09-30": "7.66", "2017-06-30": "1.62", "2017-03-31": "1.73", "2016-12-31": "16.43", "2016-09-30": "1.17", "2016-06-30": "2.40", "2016-03-31": "3.02", "2015-12-31": "3.13", "2015-09-30": "1.73", "2015-06-30": "2.93", "2015-03-31": "1.86", "2014-12-31": "3.56", "2014-09-30": "1.85", "2014-06-30": "7.82", "2014-03-31": "2.41", "2013-12-31": "3.46", "2013-09-30": "2.37", "2013-06-30": "17.71", "2013-03-31": "2.61", "2012-12-31": "4.08", "2012-09-30": "9.53", "2012-06-30": "5.46", "2012-03-31": "3.73", "2011-12-31": "5.21", "2011-09-30": "4.20", "2011-06-30": "10.99", "2011-03-31": "4.06", "2010-12-31": "10.52", "2010-09-30": "4.61", "2010-06-30": "18.66", "2010-03-31": "6.62", "2009-12-31": "14.06", "2009-09-30": "6.36", "2009-06-30": "13.94", "2009-03-31": "6.06", "2008-12-31": "14.81", "2008-09-30": "6.42", "2008-06-30": "18.17", "2008-03-31": "9.46", "2007-12-31": "13.65", "2007-09-30": "15.98", "2007-06-30": "14.84", "2007-03-31": "15.04", "2006-12-31": "10.96", "2006-09-30": "8.78", "2006-06-30": "8.91", "2006-03-31": "8.37", "2005-12-31": "9.40", "2005-09-30": "6.61", "2005-06-30": "6.77", "2005-03-31": "14.90"}, "quick ratio": {"2020-09-30": "0.00", "2020-06-30": "0.00", "2020-03-31": "0.00", "2019-12-31": "0.00", "2019-09-30": "0.00", "2019-06-30": "0.00", "2019-03-31": "0.00", "2018-12-31": "0.00", "2018-09-30": "0.00", "2018-06-30": "0.00", "2018-03-31": "0.00", "2017-12-31": "0.00", "2017-09-30": "0.00", "2017-06-30": "0.00", "2017-03-31": "0.00", "2016-12-31": "0.00", "2016-09-30": "0.00", "2016-06-30": "0.00", "2016-03-31": "0.00", "2015-12-31": "0.00", "2015-09-30": "0.00", "2015-06-30": "0.00", "2015-03-31": "0.00", "2014-12-31": "0.00", "2014-09-30": "0.00", "2014-06-30": "0.00", "2014-03-31": "0.00", "2013-12-31": "0.00", "2013-09-30": "0.00", "2013-06-30": "0.00", "2013-03-31": "0.00", "2012-12-31": "0.00", "2012-09-30": "0.00", "2012-06-30": "0.00", "2012-03-31": "0.00", "2011-12-31": "0.00", "2011-09-30": "0.00", "2011-06-30": "0.00", "2011-03-31": "0.00", "2010-12-31": "0.00", "2010-09-30": "0.00", "2010-06-30": "0.00", "2010-03-31": "0.00", "2009-12-31": "0.00", "2009-09-30": "0.00", "2009-06-30": "0.00", "2009-03-31": "0.00", "2008-12-31": "0.00", "2008-09-30": "0.00", "2008-06-30": "0.00", "2008-03-31": "0.00", "2007-12-31": "0.00", "2007-09-30": "0.00", "2007-06-30": "0.00", "2007-03-31": "0.00", "2006-12-31": "0.00", "2006-09-30": "0.00", "2006-06-30": "0.00", "2006-03-31": "0.00", "2005-12-31": "0.00", "2005-09-30": "0.00", "2005-06-30": "0.00", "2005-03-31": "0.00"}, "debt equity ratio": {"current": "0.82", "2020-09-30": "0.78", "2020-06-30": "0.77", "2020-03-31": "0.78", "2019-12-31": "0.72", "2019-09-30": "0.65", "2019-06-30": "0.72", "2019-03-31": "0.72", "2018-12-31": "0.71", "2018-09-30": "0.81", "2018-06-30": "0.69", "2018-03-31": "0.72", "2017-12-31": "0.71", "2017-09-30": "0.76", "2017-06-30": "0.72", "2017-03-31": "0.66", "2016-12-31": "0.62", "2016-09-30": "0.64", "2016-06-30": "0.63", "2016-03-31": "0.62", "2015-12-31": "0.63", "2015-09-30": "0.69", "2015-06-30": "0.63", "2015-03-31": "0.61", "2014-12-31": "0.59", "2014-09-30": "0.69", "2014-06-30": "0.65", "2014-03-31": "0.62", "2013-12-31": "0.60", "2013-09-30": "0.59", "2013-06-30": "0.66", "2013-03-31": "0.64", "2012-12-31": "0.74", "2012-09-30": "0.73", "2012-06-30": "0.66", "2012-03-31": "0.63", "2011-12-31": "0.71", "2011-09-30": "0.77", "2011-06-30": "0.80", "2011-03-31": "0.79", "2010-12-31": "0.78", "2010-09-30": "0.69", "2010-06-30": "0.67", "2010-03-31": "0.67", "2009-12-31": "0.65", "2009-09-30": "0.65", "2009-06-30": "0.66", "2009-03-31": "0.68", "2008-12-31": "0.69", "2008-09-30": "0.80", "2008-06-30": "0.85", "2008-03-31": "0.87", "2007-12-31": "0.81", "2007-09-30": "0.83", "2007-06-30": "0.78", "2007-03-31": "0.67", "2006-12-31": "0.75", "2006-09-30": "0.93", "2006-06-30": "0.83", "2006-03-31": "1.06", "2005-12-31": "1.09", "2005-09-30": "0.90", "2005-06-30": "0.86", "2005-03-31": "0.73"}, "return on equity": {"2020-09-30": "4.97%", "2020-06-30": "5.01%", "2020-03-31": "5.67%", "2019-12-31": "5.95%", "2019-09-30": "5.29%", "2019-06-30": "5.83%", "2019-03-31": "5.72%", "2018-12-31": "6.42%", "2018-09-30": "7.46%", "2018-06-30": "7.09%", "2018-03-31": "6.89%", "2017-12-31": "5.82%", "2017-09-30": "5.53%", "2017-06-30": "5.30%", "2017-03-31": "5.19%", "2016-12-31": "5.55%", "2016-09-30": "5.21%", "2016-06-30": "5.49%", "2016-03-31": "5.47%", "2015-12-31": "5.07%", "2015-09-30": "5.53%", "2015-06-30": "5.43%", "2015-03-31": "5.57%", "2014-12-31": "5.36%", "2014-09-30": "5.15%", "2014-06-30": "5.05%", "2014-03-31": "4.92%", "2013-12-31": "4.89%", "2013-09-30": "5.15%", "2013-06-30": "5.34%", "2013-03-31": "5.45%", "2012-12-31": "5.41%", "2012-09-30": "5.13%", "2012-06-30": "4.86%", "2012-03-31": "4.87%", "2011-12-31": "5.00%", "2011-09-30": "4.50%", "2011-06-30": "4.61%", "2011-03-31": "4.61%", "2010-12-31": "4.33%", "2010-09-30": "3.09%", "2010-06-30": "3.12%", "2010-03-31": "2.85%", "2009-12-31": "3.47%", "2009-09-30": "5.49%", "2009-06-30": "6.00%", "2009-03-31": "6.93%", "2008-12-31": "7.52%", "2008-09-30": "8.08%", "2008-06-30": "9.73%", "2008-03-31": "11.50%", "2007-12-31": "11.55%", "2007-09-30": "14.37%", "2007-06-30": "13.12%", "2007-03-31": "17.20%", "2006-12-31": "18.37%", "2006-09-30": "15.60%", "2006-06-30": "15.61%", "2006-03-31": "9.90%", "2005-12-31": "10.57%"}, "return on assets": {"2020-09-30": "2.82%", "2020-06-30": "2.90%", "2020-03-31": "3.31%", "2019-12-31": "3.50%", "2019-09-30": "3.12%", "2019-06-30": "3.36%", "2019-03-31": "3.30%", "2018-12-31": "3.70%", "2018-09-30": "4.30%", "2018-06-30": "4.12%", "2018-03-31": "3.99%", "2017-12-31": "3.40%", "2017-09-30": "3.27%", "2017-06-30": "3.20%", "2017-03-31": "3.17%", "2016-12-31": "3.42%", "2016-09-30": "3.20%", "2016-06-30": "3.34%", "2016-03-31": "3.33%", "2015-12-31": "3.09%", "2015-09-30": "3.39%", "2015-06-30": "3.33%", "2015-03-31": "3.41%", "2014-12-31": "3.27%", "2014-09-30": "3.14%", "2014-06-30": "3.12%", "2014-03-31": "3.03%", "2013-12-31": "3.01%", "2013-09-30": "3.12%", "2013-06-30": "3.16%", "2013-03-31": "3.22%", "2012-12-31": "3.20%", "2012-09-30": "3.05%", "2012-06-30": "2.88%", "2012-03-31": "2.83%", "2011-12-31": "2.84%", "2011-09-30": "2.52%", "2011-06-30": "2.61%", "2011-03-31": "2.66%", "2010-12-31": "2.55%", "2010-09-30": "1.85%", "2010-06-30": "1.88%", "2010-03-31": "1.72%", "2009-12-31": "2.09%", "2009-09-30": "3.29%", "2009-06-30": "3.52%", "2009-03-31": "3.96%", "2008-12-31": "4.18%", "2008-09-30": "4.41%", "2008-06-30": "5.29%", "2008-03-31": "6.31%", "2007-12-31": "6.51%", "2007-09-30": "8.17%", "2007-06-30": "7.40%", "2007-03-31": "9.64%", "2006-12-31": "9.76%", "2006-09-30": "7.91%", "2006-06-30": "7.93%", "2006-03-31": "5.00%", "2005-12-31": "5.57%"}, "return on investments": {"2020-09-30": "5.15%", "2020-06-30": "5.27%", "2020-03-31": "5.74%", "2019-12-31": "5.75%", "2019-09-30": "5.59%", "2019-06-30": "5.82%", "2019-03-31": "5.79%", "2018-12-31": "6.22%", "2018-09-30": "6.83%", "2018-06-30": "6.67%", "2018-03-31": "6.54%", "2017-12-31": "5.98%", "2017-09-30": "5.91%", "2017-06-30": "5.84%", "2017-03-31": "5.84%", "2016-12-31": "5.84%", "2016-09-30": "5.41%", "2016-06-30": "5.64%", "2016-03-31": "5.66%", "2015-12-31": "5.66%", "2015-09-30": "5.72%", "2015-06-30": "5.67%", "2015-03-31": "5.77%", "2014-12-31": "5.75%", "2014-09-30": "5.72%", "2014-06-30": "5.75%", "2014-03-31": "5.64%", "2013-12-31": "5.61%", "2013-09-30": "5.55%", "2013-06-30": "5.45%", "2013-03-31": "5.50%", "2012-12-31": "5.48%", "2012-09-30": "5.32%", "2012-06-30": "5.33%", "2012-03-31": "5.34%", "2011-12-31": "5.37%", "2011-09-30": "5.09%", "2011-06-30": "5.14%", "2011-03-31": "5.16%", "2010-12-31": "5.00%", "2010-09-30": "4.04%", "2010-06-30": "4.06%", "2010-03-31": "4.08%", "2009-12-31": "4.26%", "2009-09-30": "5.67%", "2009-06-30": "5.76%", "2009-03-31": "5.74%", "2008-12-31": "5.58%", "2008-09-30": "5.42%", "2008-06-30": "5.26%", "2008-03-31": "5.21%", "2007-12-31": "5.28%", "2007-09-30": "5.08%", "2007-06-30": "4.74%", "2007-03-31": "4.47%", "2006-12-31": "4.66%", "2006-09-30": "4.15%", "2006-06-30": "4.39%", "2006-03-31": "4.60%", "2005-12-31": "4.26%"}, "return on tangible equity": {"2020-09-30": "4.97%", "2020-06-30": "5.01%", "2020-03-31": "5.67%", "2019-12-31": "5.95%", "2019-09-30": "5.29%", "2019-06-30": "5.83%", "2019-03-31": "5.72%", "2018-12-31": "6.42%", "2018-09-30": "7.46%", "2018-06-30": "7.09%", "2018-03-31": "6.89%", "2017-12-31": "5.82%", "2017-09-30": "5.53%", "2017-06-30": "5.30%", "2017-03-31": "5.19%", "2016-12-31": "5.55%", "2016-09-30": "5.21%", "2016-06-30": "5.49%", "2016-03-31": "5.47%", "2015-12-31": "5.07%", "2015-09-30": "5.53%", "2015-06-30": "5.43%", "2015-03-31": "5.57%", "2014-12-31": "5.36%", "2014-09-30": "5.15%", "2014-06-30": "5.05%", "2014-03-31": "4.92%", "2013-12-31": "4.89%", "2013-09-30": "5.15%", "2013-06-30": "5.34%", "2013-03-31": "5.45%", "2012-12-31": "5.41%", "2012-09-30": "5.13%", "2012-06-30": "4.86%", "2012-03-31": "4.87%", "2011-12-31": "5.00%", "2011-09-30": "4.50%", "2011-06-30": "4.61%", "2011-03-31": "4.61%", "2010-12-31": "4.33%", "2010-09-30": "3.09%", "2010-06-30": "3.12%", "2010-03-31": "2.85%", "2009-12-31": "3.47%", "2009-09-30": "5.49%", "2009-06-30": "6.00%", "2009-03-31": "6.93%", "2008-12-31": "7.52%", "2008-09-30": "8.08%", "2008-06-30": "9.73%", "2008-03-31": "11.50%", "2007-12-31": "11.55%", "2007-09-30": "14.37%", "2007-06-30": "13.12%", "2007-03-31": "17.20%", "2006-12-31": "18.37%", "2006-09-30": "15.60%", "2006-06-30": "15.61%", "2006-03-31": "9.90%", "2005-12-31": "10.57%"}, "dividend yield history": {"last payout": "$2.08", "last yield": "5.14%"}}