{"ticker": "NOV", "price": {"title": "NOV Historical Annual Stock Price Data", "value": 13.37, "historical": {"2021": {"Average Stock Price": "13.9142", "Year Open": "13.8900", "Year High": "16.0000", "Year Low": "12.2200", "Year Close": "13.3700", "Annual % Change": "-2.62%"}, "2020": {"Average Stock Price": "13.4988", "Year Open": "25.2600", "Year High": "25.4800", "Year Low": "8.0100", "Year Close": "13.7300", "Annual % Change": "-45.19%"}, "2019": {"Average Stock Price": "24.0402", "Year Open": "25.8600", "Year High": "30.5800", "Year Low": "18.2800", "Year Close": "25.0500", "Annual % Change": "-2.53%"}, "2018": {"Average Stock Price": "39.1354", "Year Open": "36.8000", "Year High": "48.6200", "Year Low": "24.4300", "Year Close": "25.7000", "Annual % Change": "-28.65%"}, "2017": {"Average Stock Price": "34.9756", "Year Open": "37.8100", "Year High": "41.7400", "Year Low": "29.9400", "Year Close": "36.0200", "Annual % Change": "-3.79%"}, "2016": {"Average Stock Price": "33.1899", "Year Open": "34.6100", "Year High": "40.3200", "Year Low": "26.3400", "Year Close": "37.4400", "Annual % Change": "11.79%"}, "2015": {"Average Stock Price": "45.8072", "Year Open": "65.4900", "Year High": "65.4900", "Year Low": "33.2700", "Year Close": "33.4900", "Annual % Change": "-48.89%"}, "2014": {"Average Stock Price": "77.0400", "Year Open": "79.0200", "Year High": "86.4300", "Year Low": "61.5500", "Year Close": "65.5300", "Annual % Change": "-17.60%"}, "2013": {"Average Stock Price": "73.2656", "Year Open": "70.0400", "Year High": "84.3000", "Year Low": "64.1400", "Year Close": "79.5300", "Annual % Change": "16.36%"}, "2012": {"Average Stock Price": "74.4106", "Year Open": "70.8700", "Year High": "87.1800", "Year Low": "60.0000", "Year Close": "68.3500", "Annual % Change": "0.53%"}, "2011": {"Average Stock Price": "71.0263", "Year Open": "66.8700", "Year High": "83.3100", "Year Low": "50.2300", "Year Close": "67.9900", "Annual % Change": "1.10%"}, "2010": {"Average Stock Price": "44.9761", "Year Open": "46.0900", "Year High": "67.2500", "Year Low": "33.0200", "Year Close": "67.2500", "Annual % Change": "52.53%"}, "2009": {"Average Stock Price": "35.9641", "Year Open": "26.8300", "Year High": "49.8200", "Year Low": "22.3500", "Year Close": "44.0900", "Annual % Change": "80.40%"}, "2008": {"Average Stock Price": "59.1238", "Year Open": "75.3600", "Year High": "91.5500", "Year Low": "17.8600", "Year Close": "24.4400", "Annual % Change": "-66.73%"}, "2007": {"Average Stock Price": "53.2138", "Year Open": "29.1200", "Year High": "79.2800", "Year Low": "26.9950", "Year Close": "73.4600", "Annual % Change": "140.14%"}, "2006": {"Average Stock Price": "31.8628", "Year Open": "33.9050", "Year High": "38.2700", "Year Low": "26.0400", "Year Close": "30.5900", "Annual % Change": "-2.42%"}, "2005": {"Average Stock Price": "25.5686", "Year Open": "16.9700", "Year High": "33.7250", "Year Low": "16.6150", "Year Close": "31.3500", "Annual % Change": "77.67%"}, "2004": {"Average Stock Price": "15.1220", "Year Open": "11.1300", "Year High": "18.4950", "Year Low": "10.8850", "Year Close": "17.6450", "Annual % Change": "57.83%"}, "2003": {"Average Stock Price": "10.4010", "Year Open": "11.2950", "Year High": "12.3900", "Year Low": "8.9300", "Year Close": "11.1800", "Annual % Change": "2.38%"}, "2002": {"Average Stock Price": "10.5928", "Year Open": "9.8700", "Year High": "14.1900", "Year Low": "7.7400", "Year Close": "10.9200", "Annual % Change": "5.97%"}, "2001": {"Average Stock Price": "13.4223", "Year Open": "19.1250", "Year High": "20.2500", "Year Low": "6.4550", "Year Close": "10.3050", "Annual % Change": "-46.73%"}, "2000": {"Average Stock Price": "14.5135", "Year Open": "7.3150", "Year High": "19.5950", "Year Low": "7.1250", "Year Close": "19.3450", "Annual % Change": "146.59%"}, "1999": {"Average Stock Price": "6.7304", "Year Open": "5.8450", "Year High": "9.0950", "Year Low": "4.3750", "Year Close": "7.8450", "Annual % Change": "40.21%"}, "1998": {"Average Stock Price": "11.5303", "Year Open": "16.8750", "Year High": "19.8750", "Year Low": "3.8750", "Year Close": "5.5950", "Annual % Change": "-67.27%"}, "1997": {"Average Stock Price": "13.1098", "Year Open": "7.6575", "Year High": "21.2200", "Year Low": "7.2500", "Year Close": "17.0950", "Annual % Change": "122.37%"}}}, "market cap": {"value": "$5.19B"}, "income statement": {"Revenue": {"2020-12-31": "6090.00000", "2019-12-31": "8479.00000", "2018-12-31": "8453.00000", "2017-12-31": "7304.00000", "2016-12-31": "7251.00000", "2015-12-31": "14757.00000", "2014-12-31": "21440.00000", "2013-12-31": "19221.00000", "2012-12-31": "17194.00000", "2011-12-31": "14658.00000", "2010-12-31": "12156.00000", "2009-12-31": "12712.00000", "2008-12-31": "13431.00000", "2007-12-31": "9789.00000", "2006-12-31": "7025.80000", "2005-12-31": "4644.50000"}, "Cost Of Goods Sold": {"2020-12-31": "5656.00000", "2019-12-31": "7634.00000", "2018-12-31": "7009.00000", "2017-12-31": "6412.00000", "2016-12-31": "7352.00000", "2015-12-31": "11694.00000", "2014-12-31": "15631.00000", "2013-12-31": "14117.00000", "2012-12-31": "12151.00000", "2011-12-31": "10161.00000", "2010-12-31": "8324.00000", "2009-12-31": "8928.00000", "2008-12-31": "9359.00000", "2007-12-31": "6959.00000", "2006-12-31": "5265.20000", "2005-12-31": "3657.30000"}, "Gross Profit": {"2020-12-31": "434.00000", "2019-12-31": "845.00000", "2018-12-31": "1444.00000", "2017-12-31": "892.00000", "2016-12-31": "-101.00000", "2015-12-31": "3063.00000", "2014-12-31": "5809.00000", "2013-12-31": "5104.00000", "2012-12-31": "5043.00000", "2011-12-31": "4497.00000", "2010-12-31": "3832.00000", "2009-12-31": "3784.00000", "2008-12-31": "4072.00000", "2007-12-31": "2830.00000", "2006-12-31": "1760.60000", "2005-12-31": "987.20000"}, "Research And Development Expenses": {"2020-12-31": "", "2019-12-31": "", "2018-12-31": "", "2017-12-31": "", "2016-12-31": "", "2015-12-31": "", "2014-12-31": "", "2013-12-31": "", "2012-12-31": "", "2011-12-31": "", "2010-12-31": "", "2009-12-31": "", "2008-12-31": "", "2007-12-31": "", "2006-12-31": "", "2005-12-31": ""}, "SG&A Expenses": {"2020-12-31": "968.00000", "2019-12-31": "1303.00000", "2018-12-31": "1233.00000", "2017-12-31": "1169.00000", "2016-12-31": "1338.00000", "2015-12-31": "1764.00000", "2014-12-31": "2092.00000", "2013-12-31": "1905.00000", "2012-12-31": "1654.00000", "2011-12-31": "1560.00000", "2010-12-31": "1385.00000", "2009-12-31": "1322.00000", "2008-12-31": "1154.00000", "2007-12-31": "786.00000", "2006-12-31": "649.50000", "2005-12-31": "478.70000"}, "Other Operating Income Or Expenses": {"2020-12-31": "-1891.00000", "2019-12-31": "-2209.00000", "2018-12-31": "0.00000", "2017-12-31": "0.00000", "2016-12-31": "", "2015-12-31": "", "2014-12-31": "", "2013-12-31": "", "2012-12-31": "", "2011-12-31": "", "2010-12-31": "", "2009-12-31": "", "2008-12-31": "", "2007-12-31": "", "2006-12-31": "", "2005-12-31": ""}, "Operating Expenses": {"2020-12-31": "8515.00000", "2019-12-31": "14758.00000", "2018-12-31": "8242.00000", "2017-12-31": "7581.00000", "2016-12-31": "9662.00000", "2015-12-31": "15147.00000", "2014-12-31": "17827.00000", "2013-12-31": "16022.00000", "2012-12-31": "13805.00000", "2011-12-31": "11721.00000", "2010-12-31": "9709.00000", "2009-12-31": "10397.00000", "2008-12-31": "10513.00000", "2007-12-31": "7745.00000", "2006-12-31": "5914.70000", "2005-12-31": "4167.70000"}, "Operating Income": {"2020-12-31": "-2425.00000", "2019-12-31": "-6279.00000", "2018-12-31": "211.00000", "2017-12-31": "-277.00000", "2016-12-31": "-2411.00000", "2015-12-31": "-390.00000", "2014-12-31": "3613.00000", "2013-12-31": "3199.00000", "2012-12-31": "3389.00000", "2011-12-31": "2937.00000", "2010-12-31": "2447.00000", "2009-12-31": "2315.00000", "2008-12-31": "2918.00000", "2007-12-31": "2044.00000", "2006-12-31": "1111.10000", "2005-12-31": "476.79980"}, "Total Non-Operating Income/Expense": {"2020-12-31": "-354.00000", "2019-12-31": "-183.00000", "2018-12-31": "-170.00000", "2017-12-31": "-115.00000", "2016-12-31": "-212.00000", "2015-12-31": "-199.00000", "2014-12-31": "-119.00000", "2013-12-31": "-75.00000", "2012-12-31": "-49.00000", "2011-12-31": "-15.00000", "2010-12-31": "-50.00000", "2009-12-31": "-107.00000", "2008-12-31": "43.00000", "2007-12-31": "-15.00000", "2006-12-31": "-61.90000", "2005-12-31": "-46.80000"}, "Pre-Tax Income": {"2020-12-31": "-2779.00000", "2019-12-31": "-6462.00000", "2018-12-31": "41.00000", "2017-12-31": "-392.00000", "2016-12-31": "-2623.00000", "2015-12-31": "-589.00000", "2014-12-31": "3494.00000", "2013-12-31": "3124.00000", "2012-12-31": "3340.00000", "2011-12-31": "2922.00000", "2010-12-31": "2397.00000", "2009-12-31": "2208.00000", "2008-12-31": "2961.00000", "2007-12-31": "2029.00000", "2006-12-31": "1049.20000", "2005-12-31": "430.00000"}, "Income Taxes": {"2020-12-31": "-242.00000", "2019-12-31": "-369.00000", "2018-12-31": "63.00000", "2017-12-31": "-156.00000", "2016-12-31": "-207.00000", "2015-12-31": "178.00000", "2014-12-31": "1039.00000", "2013-12-31": "943.00000", "2012-12-31": "965.00000", "2011-12-31": "937.00000", "2010-12-31": "738.00000", "2009-12-31": "735.00000", "2008-12-31": "993.00000", "2007-12-31": "676.00000", "2006-12-31": "355.70000", "2005-12-31": "138.90000"}, "Income After Taxes": {"2020-12-31": "-2537.00000", "2019-12-31": "-6093.00000", "2018-12-31": "-22.00000", "2017-12-31": "-236.00000", "2016-12-31": "-2416.00000", "2015-12-31": "-767.00000", "2014-12-31": "2455.00000", "2013-12-31": "2181.00000", "2012-12-31": "2375.00000", "2011-12-31": "1985.00000", "2010-12-31": "1659.00000", "2009-12-31": "1473.00000", "2008-12-31": "1968.00000", "2007-12-31": "1353.00000", "2006-12-31": "693.49990", "2005-12-31": "291.10000"}, "Other Income": {"2020-12-31": "", "2019-12-31": "", "2018-12-31": "", "2017-12-31": "", "2016-12-31": "", "2015-12-31": "", "2014-12-31": "", "2013-12-31": "", "2012-12-31": "", "2011-12-31": "", "2010-12-31": "", "2009-12-31": "", "2008-12-31": "", "2007-12-31": "", "2006-12-31": "", "2005-12-31": ""}, "Income From Continuous Operations": {"2020-12-31": "-2537.00000", "2019-12-31": "-6093.00000", "2018-12-31": "-22.00000", "2017-12-31": "-236.00000", "2016-12-31": "-2416.00000", "2015-12-31": "-767.00000", "2014-12-31": "2455.00000", "2013-12-31": "2181.00000", "2012-12-31": "2375.00000", "2011-12-31": "1985.00000", "2010-12-31": "1659.00000", "2009-12-31": "1473.00000", "2008-12-31": "1968.00000", "2007-12-31": "1353.00000", "2006-12-31": "683.99990", "2005-12-31": "286.90000"}, "Income From Discontinued Operations": {"2020-12-31": "", "2019-12-31": "", "2018-12-31": "", "2017-12-31": "", "2016-12-31": "", "2015-12-31": "", "2014-12-31": "52.00000", "2013-12-31": "147.00000", "2012-12-31": "108.00000", "2011-12-31": "", "2010-12-31": "", "2009-12-31": "", "2008-12-31": "", "2007-12-31": "", "2006-12-31": "", "2005-12-31": ""}, "Net Income": {"2020-12-31": "-2542.00000", "2019-12-31": "-6095.00000", "2018-12-31": "-31.00000", "2017-12-31": "-237.00000", "2016-12-31": "-2412.00000", "2015-12-31": "-769.00000", "2014-12-31": "2502.00000", "2013-12-31": "2327.00000", "2012-12-31": "2491.00000", "2011-12-31": "1994.00000", "2010-12-31": "1667.00000", "2009-12-31": "1469.00000", "2008-12-31": "1952.00000", "2007-12-31": "1337.00000", "2006-12-31": "684.00000", "2005-12-31": "286.90000"}, "EBITDA": {"2020-12-31": "-695.00000", "2019-12-31": "-2134.00000", "2018-12-31": "901.00000", "2017-12-31": "421.00000", "2016-12-31": "-736.00000", "2015-12-31": "2046.00000", "2014-12-31": "4495.00000", "2013-12-31": "3937.00000", "2012-12-31": "4005.00000", "2011-12-31": "3492.00000", "2010-12-31": "2954.00000", "2009-12-31": "2805.00000", "2008-12-31": "3320.00000", "2007-12-31": "2258.00000", "2006-12-31": "1271.70000", "2005-12-31": "591.39980"}, "EBIT": {"2020-12-31": "-2425.00000", "2019-12-31": "-6279.00000", "2018-12-31": "211.00000", "2017-12-31": "-277.00000", "2016-12-31": "-2411.00000", "2015-12-31": "-390.00000", "2014-12-31": "3613.00000", "2013-12-31": "3199.00000", "2012-12-31": "3389.00000", "2011-12-31": "2937.00000", "2010-12-31": "2447.00000", "2009-12-31": "2315.00000", "2008-12-31": "2918.00000", "2007-12-31": "2044.00000", "2006-12-31": "1111.10000", "2005-12-31": "476.79980"}, "Basic Shares Outstanding": {"2020-12-31": "384.00000", "2019-12-31": "382.00000", "2018-12-31": "378.00000", "2017-12-31": "377.00000", "2016-12-31": "376.00000", "2015-12-31": "387.00000", "2014-12-31": "428.00000", "2013-12-31": "426.00000", "2012-12-31": "425.00000", "2011-12-31": "422.00000", "2010-12-31": "417.00000", "2009-12-31": "416.00000", "2008-12-31": "397.00000", "2007-12-31": "354.00000", "2006-12-31": "350.40000", "2005-12-31": "312.80000"}, "Shares Outstanding": {"2020-12-31": "384.00000", "2019-12-31": "382.00000", "2018-12-31": "378.00000", "2017-12-31": "377.00000", "2016-12-31": "376.00000", "2015-12-31": "387.00000", "2014-12-31": "430.00000", "2013-12-31": "428.00000", "2012-12-31": "427.00000", "2011-12-31": "424.00000", "2010-12-31": "419.00000", "2009-12-31": "417.00000", "2008-12-31": "399.00000", "2007-12-31": "355.00000", "2006-12-31": "353.60000", "2005-12-31": "316.50000"}, "Basic EPS": {"2020-12-31": "-6.62000", "2019-12-31": "-15.96000", "2018-12-31": "-0.08000", "2017-12-31": "-0.63000", "2016-12-31": "-6.41000", "2015-12-31": "-1.99000", "2014-12-31": "5.85000", "2013-12-31": "5.46000", "2012-12-31": "5.86000", "2011-12-31": "4.73000", "2010-12-31": "3.99000", "2009-12-31": "3.53000", "2008-12-31": "4.91000", "2007-12-31": "3.77000", "2006-12-31": "1.95000", "2005-12-31": "0.92000"}, "EPS - Earnings Per Share": {"2020-12-31": "-6.62000", "2019-12-31": "-15.96000", "2018-12-31": "-0.08000", "2017-12-31": "-0.63000", "2016-12-31": "-6.41000", "2015-12-31": "-1.99000", "2014-12-31": "5.82000", "2013-12-31": "5.44000", "2012-12-31": "5.83000", "2011-12-31": "4.70000", "2010-12-31": "3.98000", "2009-12-31": "3.52000", "2008-12-31": "4.90000", "2007-12-31": "3.76000", "2006-12-31": "1.93000", "2005-12-31": "0.91000"}}, "income statement, quarterly": {"Revenue": {"2020-12-31": "1327.00000", "2020-09-30": "1384.00000", "2020-06-30": "1496.00000", "2020-03-31": "1883.00000", "2019-12-31": "2281.00000", "2019-09-30": "2126.00000", "2019-06-30": "2132.00000", "2019-03-31": "1940.00000", "2018-12-31": "2398.00000", "2018-09-30": "2154.00000", "2018-06-30": "2106.00000", "2018-03-31": "1795.00000", "2017-12-31": "1969.00000", "2017-09-30": "1835.00000", "2017-06-30": "1759.00000", "2017-03-31": "1741.00000", "2016-12-31": "1692.00000", "2016-09-30": "1646.00000", "2016-06-30": "1724.00000", "2016-03-31": "2189.00000", "2015-12-31": "2722.00000", "2015-09-30": "3306.00000", "2015-06-30": "3909.00000", "2015-03-31": "4820.00000", "2014-12-31": "5709.00000", "2014-09-30": "5587.00000", "2014-06-30": "5255.00000", "2014-03-31": "4889.00000", "2013-12-31": "5302.00000", "2013-09-30": "4863.00000", "2013-06-30": "4680.00000", "2013-03-31": "5307.00000", "2012-12-31": "5685.00000", "2012-09-30": "5319.00000", "2012-06-30": "4734.00000", "2012-03-31": "4303.00000", "2011-12-31": "4259.00000", "2011-09-30": "3740.00000", "2011-06-30": "3513.00000", "2011-03-31": "3146.00000", "2010-12-31": "3172.00000", "2010-09-30": "3011.00000", "2010-06-30": "2941.00000", "2010-03-31": "3032.00000", "2009-12-31": "3134.00000", "2009-09-30": "3087.00000", "2009-06-30": "3010.00000", "2009-03-31": "3481.00000", "2008-12-31": "3810.00000", "2008-09-30": "3611.00000", "2008-06-30": "3325.00000", "2008-03-31": "2685.00000", "2007-12-31": "2658.90000", "2007-09-30": "2579.50000", "2007-06-30": "2384.90000", "2007-03-31": "2165.70000", "2006-12-31": "2078.70000", "2006-09-30": "1777.90000", "2006-06-30": "1657.40000", "2006-03-31": "1511.80000", "2005-12-31": "1377.40000", "2005-09-30": "1236.50000", "2005-06-30": "1215.70000", "2005-03-31": "814.90000"}, "Cost Of Goods Sold": {"2020-12-31": "1393.00000", "2020-09-30": "1245.00000", "2020-06-30": "1359.00000", "2020-03-31": "1659.00000", "2019-12-31": "1905.00000", "2019-09-30": "1975.00000", "2019-06-30": "2070.00000", "2019-03-31": "1684.00000", "2018-12-31": "1989.00000", "2018-09-30": "1761.00000", "2018-06-30": "1751.00000", "2018-03-31": "1508.00000", "2017-12-31": "1802.00000", "2017-09-30": "1550.00000", "2017-06-30": "1528.00000", "2017-03-31": "1532.00000", "2016-12-31": "2151.00000", "2016-09-30": "1567.00000", "2016-06-30": "1689.00000", "2016-03-31": "1945.00000", "2015-12-31": "2202.00000", "2015-09-30": "2634.00000", "2015-06-30": "3054.00000", "2015-03-31": "3643.00000", "2014-12-31": "4163.00000", "2014-09-30": "4059.00000", "2014-06-30": "3800.00000", "2014-03-31": "3599.00000", "2013-12-31": "3895.00000", "2013-09-30": "3503.00000", "2013-06-30": "3507.00000", "2013-03-31": "4043.00000", "2012-12-31": "4275.00000", "2012-09-30": "3948.00000", "2012-06-30": "3428.00000", "2012-03-31": "3036.00000", "2011-12-31": "2972.00000", "2011-09-30": "2576.00000", "2011-06-30": "2430.00000", "2011-03-31": "2171.00000", "2010-12-31": "2174.00000", "2010-09-30": "2066.00000", "2010-06-30": "2013.00000", "2010-03-31": "2070.00000", "2009-12-31": "2154.00000", "2009-09-30": "2196.00000", "2009-06-30": "2135.00000", "2009-03-31": "2442.00000", "2008-12-31": "2601.00000", "2008-09-30": "2511.00000", "2008-06-30": "2344.00000", "2008-03-31": "1888.00000", "2007-12-31": "1867.80000", "2007-09-30": "1839.20000", "2007-06-30": "1701.10000", "2007-03-31": "1550.70000", "2006-12-31": "1511.30000", "2006-09-30": "1335.20000", "2006-06-30": "1256.70000", "2006-03-31": "1162.00000", "2005-12-31": "1065.90000", "2005-09-30": "977.80000", "2005-06-30": "960.50000", "2005-03-31": "653.10000"}, "Gross Profit": {"2020-12-31": "-66.00000", "2020-09-30": "139.00000", "2020-06-30": "137.00000", "2020-03-31": "224.00000", "2019-12-31": "376.00000", "2019-09-30": "151.00000", "2019-06-30": "62.00000", "2019-03-31": "256.00000", "2018-12-31": "409.00000", "2018-09-30": "393.00000", "2018-06-30": "355.00000", "2018-03-31": "287.00000", "2017-12-31": "167.00000", "2017-09-30": "285.00000", "2017-06-30": "231.00000", "2017-03-31": "209.00000", "2016-12-31": "-459.00000", "2016-09-30": "79.00000", "2016-06-30": "35.00000", "2016-03-31": "244.00000", "2015-12-31": "520.00000", "2015-09-30": "672.00000", "2015-06-30": "855.00000", "2015-03-31": "1177.00000", "2014-12-31": "1546.00000", "2014-09-30": "1528.00000", "2014-06-30": "1455.00000", "2014-03-31": "1290.00000", "2013-12-31": "1407.00000", "2013-09-30": "1360.00000", "2013-06-30": "1173.00000", "2013-03-31": "1264.00000", "2012-12-31": "1410.00000", "2012-09-30": "1371.00000", "2012-06-30": "1306.00000", "2012-03-31": "1267.00000", "2011-12-31": "1287.00000", "2011-09-30": "1164.00000", "2011-06-30": "1083.00000", "2011-03-31": "975.00000", "2010-12-31": "998.00000", "2010-09-30": "945.00000", "2010-06-30": "928.00000", "2010-03-31": "962.00000", "2009-12-31": "980.00000", "2009-09-30": "891.00000", "2009-06-30": "875.00000", "2009-03-31": "1039.00000", "2008-12-31": "1209.00000", "2008-09-30": "1100.00000", "2008-06-30": "981.00000", "2008-03-31": "797.00000", "2007-12-31": "791.09990", "2007-09-30": "740.30000", "2007-06-30": "683.79990", "2007-03-31": "615.00000", "2006-12-31": "567.39990", "2006-09-30": "442.70010", "2006-06-30": "400.70010", "2006-03-31": "349.80000", "2005-12-31": "311.50000", "2005-09-30": "258.70000", "2005-06-30": "255.20000", "2005-03-31": "161.80000"}, "Research And Development Expenses": {"2020-12-31": "", "2020-09-30": "", "2020-06-30": "", "2020-03-31": "", "2019-12-31": "", "2019-09-30": "", "2019-06-30": "", "2019-03-31": "", "2018-12-31": "", "2018-09-30": "", "2018-06-30": "", "2018-03-31": "", "2017-12-31": "", "2017-09-30": "", "2017-06-30": "", "2017-03-31": "", "2016-12-31": "", "2016-09-30": "", "2016-06-30": "", "2016-03-31": "", "2015-12-31": "", "2015-09-30": "", "2015-06-30": "", "2015-03-31": "", "2014-12-31": "", "2014-09-30": "", "2014-06-30": "", "2014-03-31": "", "2013-12-31": "", "2013-09-30": "", "2013-06-30": "", "2013-03-31": "", "2012-12-31": "", "2012-09-30": "", "2012-06-30": "", "2012-03-31": "", "2011-12-31": "", "2011-09-30": "", "2011-06-30": "", "2011-03-31": "", "2010-12-31": "", "2010-09-30": "", "2010-06-30": "", "2010-03-31": "", "2009-12-31": "", "2009-09-30": "", "2009-06-30": "", "2009-03-31": "", "2008-12-31": "", "2008-09-30": "", "2008-06-30": "", "2008-03-31": "", "2007-12-31": "", "2007-09-30": "", "2007-06-30": "", "2007-03-31": "", "2006-12-31": "", "2006-09-30": "", "2006-06-30": "", "2006-03-31": "", "2005-12-31": "", "2005-09-30": "", "2005-06-30": "", "2005-03-31": ""}, "SG&A Expenses": {"2020-12-31": "235.00000", "2020-09-30": "213.00000", "2020-06-30": "237.00000", "2020-03-31": "283.00000", "2019-12-31": "289.00000", "2019-09-30": "293.00000", "2019-06-30": "417.00000", "2019-03-31": "304.00000", "2018-12-31": "322.00000", "2018-09-30": "320.00000", "2018-06-30": "303.00000", "2018-03-31": "288.00000", "2017-12-31": "278.00000", "2017-09-30": "292.00000", "2017-06-30": "293.00000", "2017-03-31": "306.00000", "2016-12-31": "307.00000", "2016-09-30": "293.00000", "2016-06-30": "305.00000", "2016-03-31": "433.00000", "2015-12-31": "379.00000", "2015-09-30": "383.00000", "2015-06-30": "417.00000", "2015-03-31": "607.00000", "2014-12-31": "528.00000", "2014-09-30": "540.00000", "2014-06-30": "542.00000", "2014-03-31": "491.00000", "2013-12-31": "482.00000", "2013-09-30": "476.00000", "2013-06-30": "460.00000", "2013-03-31": "513.00000", "2012-12-31": "456.00000", "2012-09-30": "473.00000", "2012-06-30": "427.00000", "2012-03-31": "390.00000", "2011-12-31": "427.00000", "2011-09-30": "392.00000", "2011-06-30": "375.00000", "2011-03-31": "366.00000", "2010-12-31": "373.00000", "2010-09-30": "349.00000", "2010-06-30": "338.00000", "2010-03-31": "325.00000", "2009-12-31": "358.00000", "2009-09-30": "279.00000", "2009-06-30": "334.00000", "2009-03-31": "319.00000", "2008-12-31": "332.00000", "2008-09-30": "310.00000", "2008-06-30": "274.00000", "2008-03-31": "228.00000", "2007-12-31": "216.40000", "2007-09-30": "194.90000", "2007-06-30": "186.60000", "2007-03-31": "187.90000", "2006-12-31": "186.20000", "2006-09-30": "157.20000", "2006-06-30": "154.10000", "2006-03-31": "144.10000", "2005-12-31": "139.10000", "2005-09-30": "110.90000", "2005-06-30": "142.60000", "2005-03-31": "86.10000"}, "Other Operating Income Or Expenses": {"2020-12-31": "", "2020-09-30": "0.00000", "2020-06-30": "0.00000", "2020-03-31": "-513.00000", "2019-12-31": "-10.00000", "2019-09-30": "-12.00000", "2019-06-30": "-2187.00000", "2019-03-31": "0.00000", "2018-12-31": "", "2018-09-30": "0.00000", "2018-06-30": "", "2018-03-31": "", "2017-12-31": "", "2017-09-30": "", "2017-06-30": "", "2017-03-31": "", "2016-12-31": "", "2016-09-30": "", "2016-06-30": "", "2016-03-31": "", "2015-12-31": "-1773.00000", "2015-09-30": "", "2015-06-30": "", "2015-03-31": "", "2014-12-31": "-163.00000", "2014-09-30": "", "2014-06-30": "", "2014-03-31": "", "2013-12-31": "-16.00000", "2013-09-30": "", "2013-06-30": "", "2013-03-31": "", "2012-12-31": "-51.00000", "2012-09-30": "", "2012-06-30": "", "2012-03-31": "", "2011-12-31": "-12.00000", "2011-09-30": "", "2011-06-30": "", "2011-03-31": "", "2010-12-31": "-1.00000", "2010-09-30": "", "2010-06-30": "", "2010-03-31": "", "2009-12-31": "-14.00000", "2009-09-30": "-11.00000", "2009-06-30": "-8.00000", "2009-03-31": "", "2008-12-31": "-20.00000", "2008-09-30": "", "2008-06-30": "-16.00000", "2008-03-31": "", "2007-12-31": "", "2007-09-30": "", "2007-06-30": "", "2007-03-31": "", "2006-12-31": "", "2006-09-30": "", "2006-06-30": "", "2006-03-31": "", "2005-12-31": "", "2005-09-30": "", "2005-06-30": "", "2005-03-31": ""}, "Operating Expenses": {"2020-12-31": "1628.00000", "2020-09-30": "1458.00000", "2020-06-30": "1596.00000", "2020-03-31": "3833.00000", "2019-12-31": "2630.00000", "2019-09-30": "2280.00000", "2019-06-30": "7860.00000", "2019-03-31": "1988.00000", "2018-12-31": "2311.00000", "2018-09-30": "2081.00000", "2018-06-30": "2054.00000", "2018-03-31": "1796.00000", "2017-12-31": "2080.00000", "2017-09-30": "1842.00000", "2017-06-30": "1821.00000", "2017-03-31": "1838.00000", "2016-12-31": "2458.00000", "2016-09-30": "2832.00000", "2016-06-30": "1994.00000", "2016-03-31": "2378.00000", "2015-12-31": "4354.00000", "2015-09-30": "3072.00000", "2015-06-30": "3471.00000", "2015-03-31": "4250.00000", "2014-12-31": "4854.00000", "2014-09-30": "4599.00000", "2014-06-30": "4342.00000", "2014-03-31": "4090.00000", "2013-12-31": "4393.00000", "2013-09-30": "3979.00000", "2013-06-30": "3967.00000", "2013-03-31": "4556.00000", "2012-12-31": "4782.00000", "2012-09-30": "4421.00000", "2012-06-30": "3855.00000", "2012-03-31": "3426.00000", "2011-12-31": "3411.00000", "2011-09-30": "2968.00000", "2011-06-30": "2805.00000", "2011-03-31": "2537.00000", "2010-12-31": "2548.00000", "2010-09-30": "2415.00000", "2010-06-30": "2351.00000", "2010-03-31": "2395.00000", "2009-12-31": "2526.00000", "2009-09-30": "2486.00000", "2009-06-30": "2624.00000", "2009-03-31": "2761.00000", "2008-12-31": "2953.00000", "2008-09-30": "2821.00000", "2008-06-30": "2634.00000", "2008-03-31": "2116.00000", "2007-12-31": "2084.20000", "2007-09-30": "2034.10000", "2007-06-30": "1887.70000", "2007-03-31": "1738.60000", "2006-12-31": "1697.50000", "2006-09-30": "1492.40000", "2006-06-30": "1410.80000", "2006-03-31": "1314.00000", "2005-12-31": "1213.60000", "2005-09-30": "1091.50000", "2005-06-30": "1113.60000", "2005-03-31": "748.99990"}, "Operating Income": {"2020-12-31": "-301.00000", "2020-09-30": "-74.00000", "2020-06-30": "-100.00000", "2020-03-31": "-1950.00000", "2019-12-31": "-349.00000", "2019-09-30": "-154.00000", "2019-06-30": "-5728.00000", "2019-03-31": "-48.00000", "2018-12-31": "87.00000", "2018-09-30": "73.00000", "2018-06-30": "52.00000", "2018-03-31": "-1.00000", "2017-12-31": "-111.00000", "2017-09-30": "-7.00000", "2017-06-30": "-62.00000", "2017-03-31": "-97.00000", "2016-12-31": "-766.00000", "2016-09-30": "-1186.00000", "2016-06-30": "-270.00000", "2016-03-31": "-189.00000", "2015-12-31": "-1632.00000", "2015-09-30": "234.00000", "2015-06-30": "438.00000", "2015-03-31": "570.00000", "2014-12-31": "855.00000", "2014-09-30": "988.00000", "2014-06-30": "913.00000", "2014-03-31": "799.00000", "2013-12-31": "909.00000", "2013-09-30": "884.00000", "2013-06-30": "713.00000", "2013-03-31": "751.00000", "2012-12-31": "903.00000", "2012-09-30": "898.00000", "2012-06-30": "879.00000", "2012-03-31": "877.00000", "2011-12-31": "848.00000", "2011-09-30": "772.00000", "2011-06-30": "708.00000", "2011-03-31": "609.00000", "2010-12-31": "624.00000", "2010-09-30": "596.00000", "2010-06-30": "590.00000", "2010-03-31": "637.00000", "2009-12-31": "608.00000", "2009-09-30": "601.00000", "2009-06-30": "386.00000", "2009-03-31": "720.00000", "2008-12-31": "857.00000", "2008-09-30": "790.00000", "2008-06-30": "691.00000", "2008-03-31": "569.00000", "2007-12-31": "574.70000", "2007-09-30": "545.40000", "2007-06-30": "497.20000", "2007-03-31": "427.10000", "2006-12-31": "381.20000", "2006-09-30": "285.50010", "2006-06-30": "246.60010", "2006-03-31": "197.80000", "2005-12-31": "163.80000", "2005-09-30": "145.00000", "2005-06-30": "102.10000", "2005-03-31": "65.90010"}, "Total Non-Operating Income/Expense": {"2020-12-31": "-25.00000", "2020-09-30": "-40.00000", "2020-06-30": "-34.00000", "2020-03-31": "-255.00000", "2019-12-31": "-82.00000", "2019-09-30": "-35.00000", "2019-06-30": "-29.00000", "2019-03-31": "-37.00000", "2018-12-31": "-46.00000", "2018-09-30": "-40.00000", "2018-06-30": "-22.00000", "2018-03-31": "-62.00000", "2017-12-31": "-17.00000", "2017-09-30": "-33.00000", "2017-06-30": "-29.00000", "2017-03-31": "-36.00000", "2016-12-31": "-39.00000", "2016-09-30": "-58.00000", "2016-06-30": "-68.00000", "2016-03-31": "-47.00000", "2015-12-31": "-42.00000", "2015-09-30": "-42.00000", "2015-06-30": "-47.00000", "2015-03-31": "-68.00000", "2014-12-31": "-25.00000", "2014-09-30": "-4.00000", "2014-06-30": "-20.00000", "2014-03-31": "-12.00000", "2013-12-31": "-22.00000", "2013-09-30": "-23.00000", "2013-06-30": "-1.00000", "2013-03-31": "-27.00000", "2012-12-31": "-32.00000", "2012-09-30": "-24.00000", "2012-06-30": "8.00000", "2012-03-31": "-4.00000", "2011-12-31": "-5.00000", "2011-09-30": "8.00000", "2011-06-30": "-2.00000", "2011-03-31": "-16.00000", "2010-12-31": "-1.00000", "2010-09-30": "-23.00000", "2010-06-30": "-5.00000", "2010-03-31": "-21.00000", "2009-12-31": "-33.00000", "2009-09-30": "-22.00000", "2009-06-30": "-33.00000", "2009-03-31": "-19.00000", "2008-12-31": "19.00000", "2008-09-30": "27.00000", "2008-06-30": "-11.00000", "2008-03-31": "19.00000", "2007-12-31": "-8.40000", "2007-09-30": "2.90000", "2007-06-30": "-3.90000", "2007-03-31": "-6.10000", "2006-12-31": "-11.90000", "2006-09-30": "-14.40000", "2006-06-30": "-20.70000", "2006-03-31": "-14.90000", "2005-12-31": "-12.40000", "2005-09-30": "-12.50000", "2005-06-30": "-11.50000", "2005-03-31": "-10.40000"}, "Pre-Tax Income": {"2020-12-31": "-326.00000", "2020-09-30": "-114.00000", "2020-06-30": "-134.00000", "2020-03-31": "-2205.00000", "2019-12-31": "-431.00000", "2019-09-30": "-189.00000", "2019-06-30": "-5757.00000", "2019-03-31": "-85.00000", "2018-12-31": "41.00000", "2018-09-30": "33.00000", "2018-06-30": "30.00000", "2018-03-31": "-63.00000", "2017-12-31": "-128.00000", "2017-09-30": "-40.00000", "2017-06-30": "-91.00000", "2017-03-31": "-133.00000", "2016-12-31": "-805.00000", "2016-09-30": "-1244.00000", "2016-06-30": "-338.00000", "2016-03-31": "-236.00000", "2015-12-31": "-1674.00000", "2015-09-30": "192.00000", "2015-06-30": "391.00000", "2015-03-31": "502.00000", "2014-12-31": "830.00000", "2014-09-30": "984.00000", "2014-06-30": "893.00000", "2014-03-31": "787.00000", "2013-12-31": "887.00000", "2013-09-30": "861.00000", "2013-06-30": "712.00000", "2013-03-31": "724.00000", "2012-12-31": "871.00000", "2012-09-30": "874.00000", "2012-06-30": "887.00000", "2012-03-31": "873.00000", "2011-12-31": "843.00000", "2011-09-30": "780.00000", "2011-06-30": "706.00000", "2011-03-31": "593.00000", "2010-12-31": "623.00000", "2010-09-30": "573.00000", "2010-06-30": "585.00000", "2010-03-31": "616.00000", "2009-12-31": "575.00000", "2009-09-30": "579.00000", "2009-06-30": "353.00000", "2009-03-31": "701.00000", "2008-12-31": "876.00000", "2008-09-30": "817.00000", "2008-06-30": "680.00000", "2008-03-31": "588.00000", "2007-12-31": "566.30000", "2007-09-30": "548.30000", "2007-06-30": "493.30000", "2007-03-31": "421.00000", "2006-12-31": "369.30000", "2006-09-30": "271.10000", "2006-06-30": "225.90000", "2006-03-31": "182.90000", "2005-12-31": "151.40000", "2005-09-30": "132.50000", "2005-06-30": "90.60000", "2005-03-31": "55.50000"}, "Income Taxes": {"2020-12-31": "22.00000", "2020-09-30": "-61.00000", "2020-06-30": "-47.00000", "2020-03-31": "-156.00000", "2019-12-31": "-46.00000", "2019-09-30": "60.00000", "2019-06-30": "-373.00000", "2019-03-31": "-10.00000", "2018-12-31": "26.00000", "2018-09-30": "29.00000", "2018-06-30": "5.00000", "2018-03-31": "3.00000", "2017-12-31": "-113.00000", "2017-09-30": "-13.00000", "2017-06-30": "-17.00000", "2017-03-31": "-13.00000", "2016-12-31": "-88.00000", "2016-09-30": "120.00000", "2016-06-30": "-121.00000", "2016-03-31": "-118.00000", "2015-12-31": "-152.00000", "2015-09-30": "36.00000", "2015-06-30": "105.00000", "2015-03-31": "189.00000", "2014-12-31": "233.00000", "2014-09-30": "283.00000", "2014-06-30": "284.00000", "2014-03-31": "239.00000", "2013-12-31": "257.00000", "2013-09-30": "263.00000", "2013-06-30": "218.00000", "2013-03-31": "224.00000", "2012-12-31": "203.00000", "2012-09-30": "265.00000", "2012-06-30": "285.00000", "2012-03-31": "269.00000", "2011-12-31": "270.00000", "2011-09-30": "252.00000", "2011-06-30": "226.00000", "2011-03-31": "189.00000", "2010-12-31": "186.00000", "2010-09-30": "169.00000", "2010-06-30": "186.00000", "2010-03-31": "197.00000", "2009-12-31": "184.00000", "2009-09-30": "192.00000", "2009-06-30": "131.00000", "2009-03-31": "228.00000", "2008-12-31": "286.00000", "2008-09-30": "264.00000", "2008-06-30": "255.00000", "2008-03-31": "188.00000", "2007-12-31": "185.30000", "2007-09-30": "177.80000", "2007-06-30": "172.00000", "2007-03-31": "140.70000", "2006-12-31": "127.30000", "2006-09-30": "90.80000", "2006-06-30": "76.30000", "2006-03-31": "61.30000", "2005-12-31": "48.70000", "2005-09-30": "42.40000", "2005-06-30": "28.30000", "2005-03-31": "19.50000"}, "Income After Taxes": {"2020-12-31": "-348.00000", "2020-09-30": "-53.00000", "2020-06-30": "-87.00000", "2020-03-31": "-2049.00000", "2019-12-31": "-385.00000", "2019-09-30": "-249.00000", "2019-06-30": "-5384.00000", "2019-03-31": "-75.00000", "2018-12-31": "15.00000", "2018-09-30": "4.00000", "2018-06-30": "25.00000", "2018-03-31": "-66.00000", "2017-12-31": "-15.00000", "2017-09-30": "-27.00000", "2017-06-30": "-74.00000", "2017-03-31": "-120.00000", "2016-12-31": "-717.00000", "2016-09-30": "-1364.00000", "2016-06-30": "-217.00000", "2016-03-31": "-118.00000", "2015-12-31": "-1522.00000", "2015-09-30": "156.00000", "2015-06-30": "286.00000", "2015-03-31": "313.00000", "2014-12-31": "597.00000", "2014-09-30": "701.00000", "2014-06-30": "609.00000", "2014-03-31": "548.00000", "2013-12-31": "630.00000", "2013-09-30": "598.00000", "2013-06-30": "494.00000", "2013-03-31": "500.00000", "2012-12-31": "668.00000", "2012-09-30": "609.00000", "2012-06-30": "602.00000", "2012-03-31": "604.00000", "2011-12-31": "573.00000", "2011-09-30": "528.00000", "2011-06-30": "480.00000", "2011-03-31": "404.00000", "2010-12-31": "437.00000", "2010-09-30": "404.00000", "2010-06-30": "399.00000", "2010-03-31": "419.00000", "2009-12-31": "391.00000", "2009-09-30": "387.00000", "2009-06-30": "222.00000", "2009-03-31": "473.00000", "2008-12-31": "590.00000", "2008-09-30": "553.00000", "2008-06-30": "425.00000", "2008-03-31": "400.00000", "2007-12-31": "381.00000", "2007-09-30": "370.50000", "2007-06-30": "321.30000", "2007-03-31": "280.30000", "2006-12-31": "242.00000", "2006-09-30": "180.30000", "2006-06-30": "149.60000", "2006-03-31": "121.60000", "2005-12-31": "102.70000", "2005-09-30": "90.10000", "2005-06-30": "62.30000", "2005-03-31": "36.00000"}, "Other Income": {"2020-12-31": "", "2020-09-30": "", "2020-06-30": "", "2020-03-31": "", "2019-12-31": "", "2019-09-30": "", "2019-06-30": "", "2019-03-31": "", "2018-12-31": "", "2018-09-30": "", "2018-06-30": "", "2018-03-31": "", "2017-12-31": "", "2017-09-30": "", "2017-06-30": "", "2017-03-31": "", "2016-12-31": "", "2016-09-30": "", "2016-06-30": "", "2016-03-31": "", "2015-12-31": "", "2015-09-30": "", "2015-06-30": "", "2015-03-31": "", "2014-12-31": "", "2014-09-30": "", "2014-06-30": "", "2014-03-31": "", "2013-12-31": "", "2013-09-30": "", "2013-06-30": "", "2013-03-31": "", "2012-12-31": "", "2012-09-30": "", "2012-06-30": "", "2012-03-31": "", "2011-12-31": "", "2011-09-30": "", "2011-06-30": "", "2011-03-31": "", "2010-12-31": "", "2010-09-30": "", "2010-06-30": "", "2010-03-31": "", "2009-12-31": "", "2009-09-30": "", "2009-06-30": "", "2009-03-31": "", "2008-12-31": "", "2008-09-30": "", "2008-06-30": "", "2008-03-31": "", "2007-12-31": "", "2007-09-30": "", "2007-06-30": "", "2007-03-31": "", "2006-12-31": "", "2006-09-30": "", "2006-06-30": "", "2006-03-31": "", "2005-12-31": "", "2005-09-30": "", "2005-06-30": "", "2005-03-31": ""}, "Income From Continuous Operations": {"2020-12-31": "-348.00000", "2020-09-30": "-53.00000", "2020-06-30": "-87.00000", "2020-03-31": "-2049.00000", "2019-12-31": "-385.00000", "2019-09-30": "-249.00000", "2019-06-30": "-5384.00000", "2019-03-31": "-75.00000", "2018-12-31": "15.00000", "2018-09-30": "4.00000", "2018-06-30": "25.00000", "2018-03-31": "-66.00000", "2017-12-31": "-15.00000", "2017-09-30": "-27.00000", "2017-06-30": "-74.00000", "2017-03-31": "-120.00000", "2016-12-31": "-717.00000", "2016-09-30": "-1364.00000", "2016-06-30": "-217.00000", "2016-03-31": "-118.00000", "2015-12-31": "-1522.00000", "2015-09-30": "156.00000", "2015-06-30": "286.00000", "2015-03-31": "313.00000", "2014-12-31": "597.00000", "2014-09-30": "701.00000", "2014-06-30": "609.00000", "2014-03-31": "548.00000", "2013-12-31": "630.00000", "2013-09-30": "598.00000", "2013-06-30": "494.00000", "2013-03-31": "500.00000", "2012-12-31": "668.00000", "2012-09-30": "609.00000", "2012-06-30": "602.00000", "2012-03-31": "604.00000", "2011-12-31": "573.00000", "2011-09-30": "528.00000", "2011-06-30": "480.00000", "2011-03-31": "404.00000", "2010-12-31": "437.00000", "2010-09-30": "404.00000", "2010-06-30": "399.00000", "2010-03-31": "419.00000", "2009-12-31": "391.00000", "2009-09-30": "387.00000", "2009-06-30": "222.00000", "2009-03-31": "473.00000", "2008-12-31": "590.00000", "2008-09-30": "553.00000", "2008-06-30": "425.00000", "2008-03-31": "400.00000", "2007-12-31": "376.70000", "2007-09-30": "366.00000", "2007-06-30": "318.50000", "2007-03-31": "275.90000", "2006-12-31": "239.20000", "2006-09-30": "176.60000", "2006-06-30": "147.90000", "2006-03-31": "120.30000", "2005-12-31": "101.60000", "2005-09-30": "88.50000", "2005-06-30": "61.20000", "2005-03-31": "35.60000"}, "Income From Discontinued Operations": {"2020-12-31": "", "2020-09-30": "", "2020-06-30": "", "2020-03-31": "", "2019-12-31": "", "2019-09-30": "", "2019-06-30": "", "2019-03-31": "", "2018-12-31": "", "2018-09-30": "", "2018-06-30": "", "2018-03-31": "", "2017-12-31": "", "2017-09-30": "", "2017-06-30": "", "2017-03-31": "", "2016-12-31": "", "2016-09-30": "", "2016-06-30": "", "2016-03-31": "", "2015-12-31": "", "2015-09-30": "", "2015-06-30": "", "2015-03-31": "", "2014-12-31": "", "2014-09-30": "", "2014-06-30": "11.00000", "2014-03-31": "41.00000", "2013-12-31": "31.00000", "2013-09-30": "38.00000", "2013-06-30": "37.00000", "2013-03-31": "", "2012-12-31": "", "2012-09-30": "", "2012-06-30": "", "2012-03-31": "", "2011-12-31": "", "2011-09-30": "", "2011-06-30": "", "2011-03-31": "", "2010-12-31": "", "2010-09-30": "", "2010-06-30": "", "2010-03-31": "", "2009-12-31": "", "2009-09-30": "", "2009-06-30": "", "2009-03-31": "", "2008-12-31": "", "2008-09-30": "", "2008-06-30": "", "2008-03-31": "", "2007-12-31": "", "2007-09-30": "", "2007-06-30": "", "2007-03-31": "", "2006-12-31": "", "2006-09-30": "", "2006-06-30": "", "2006-03-31": "", "2005-12-31": "", "2005-09-30": "", "2005-06-30": "", "2005-03-31": ""}, "Net Income": {"2020-12-31": "-347.00000", "2020-09-30": "-55.00000", "2020-06-30": "-93.00000", "2020-03-31": "-2047.00000", "2019-12-31": "-385.00000", "2019-09-30": "-244.00000", "2019-06-30": "-5389.00000", "2019-03-31": "-77.00000", "2018-12-31": "12.00000", "2018-09-30": "1.00000", "2018-06-30": "24.00000", "2018-03-31": "-68.00000", "2017-12-31": "-14.00000", "2017-09-30": "-26.00000", "2017-06-30": "-75.00000", "2017-03-31": "-122.00000", "2016-12-31": "-714.00000", "2016-09-30": "-1362.00000", "2016-06-30": "-217.00000", "2016-03-31": "-119.00000", "2015-12-31": "-1523.00000", "2015-09-30": "155.00000", "2015-06-30": "289.00000", "2015-03-31": "310.00000", "2014-12-31": "595.00000", "2014-09-30": "699.00000", "2014-06-30": "619.00000", "2014-03-31": "589.00000", "2013-12-31": "658.00000", "2013-09-30": "636.00000", "2013-06-30": "531.00000", "2013-03-31": "502.00000", "2012-12-31": "668.00000", "2012-09-30": "612.00000", "2012-06-30": "605.00000", "2012-03-31": "606.00000", "2011-12-31": "574.00000", "2011-09-30": "532.00000", "2011-06-30": "481.00000", "2011-03-31": "407.00000", "2010-12-31": "440.00000", "2010-09-30": "404.00000", "2010-06-30": "401.00000", "2010-03-31": "422.00000", "2009-12-31": "394.00000", "2009-09-30": "385.00000", "2009-06-30": "220.00000", "2009-03-31": "470.00000", "2008-12-31": "585.00000", "2008-09-30": "548.00000", "2008-06-30": "421.00000", "2008-03-31": "398.00000", "2007-12-31": "376.70000", "2007-09-30": "366.00000", "2007-06-30": "318.50000", "2007-03-31": "275.90000", "2006-12-31": "239.20000", "2006-09-30": "176.60000", "2006-06-30": "147.90000", "2006-03-31": "120.30000", "2005-12-31": "101.60000", "2005-09-30": "88.50000", "2005-06-30": "61.20000", "2005-03-31": "35.60000"}, "EBITDA": {"2020-12-31": "", "2020-09-30": "9.00000", "2020-06-30": "-18.00000", "2020-03-31": "-467.00000", "2019-12-31": "177.00000", "2019-09-30": "-52.00000", "2019-06-30": "-2388.00000", "2019-03-31": "129.00000", "2018-12-31": "258.00000", "2018-09-30": "245.00000", "2018-06-30": "226.00000", "2018-03-31": "172.00000", "2017-12-31": "64.00000", "2017-09-30": "167.00000", "2017-06-30": "112.00000", "2017-03-31": "78.00000", "2016-12-31": "-592.00000", "2016-09-30": "-38.00000", "2016-06-30": "-92.00000", "2016-03-31": "-14.00000", "2015-12-31": "185.00000", "2015-09-30": "473.00000", "2015-06-30": "628.00000", "2015-03-31": "760.00000", "2014-12-31": "1158.00000", "2014-09-30": "1186.00000", "2014-06-30": "1103.00000", "2014-03-31": "990.00000", "2013-12-31": "1104.00000", "2013-09-30": "1071.00000", "2013-06-30": "895.00000", "2013-03-31": "925.00000", "2012-12-31": "1057.00000", "2012-09-30": "1055.00000", "2012-06-30": "1036.00000", "2012-03-31": "1025.00000", "2011-12-31": "990.00000", "2011-09-30": "912.00000", "2011-06-30": "846.00000", "2011-03-31": "744.00000", "2010-12-31": "753.00000", "2010-09-30": "723.00000", "2010-06-30": "714.00000", "2010-03-31": "764.00000", "2009-12-31": "734.00000", "2009-09-30": "727.00000", "2009-06-30": "508.00000", "2009-03-31": "836.00000", "2008-12-31": "", "2008-09-30": "906.00000", "2008-06-30": "798.00000", "2008-03-31": "630.00000", "2007-12-31": "633.10000", "2007-09-30": "601.80000", "2007-06-30": "549.10000", "2007-03-31": "474.40000", "2006-12-31": "423.10000", "2006-09-30": "327.10010", "2006-06-30": "285.30010", "2006-03-31": "236.20000", "2005-12-31": "192.30000", "2005-09-30": "179.80000", "2005-06-30": "137.10000", "2005-03-31": "82.20010"}, "EBIT": {"2020-12-31": "-301.00000", "2020-09-30": "-74.00000", "2020-06-30": "-100.00000", "2020-03-31": "-1950.00000", "2019-12-31": "-349.00000", "2019-09-30": "-154.00000", "2019-06-30": "-5728.00000", "2019-03-31": "-48.00000", "2018-12-31": "87.00000", "2018-09-30": "73.00000", "2018-06-30": "52.00000", "2018-03-31": "-1.00000", "2017-12-31": "-111.00000", "2017-09-30": "-7.00000", "2017-06-30": "-62.00000", "2017-03-31": "-97.00000", "2016-12-31": "-766.00000", "2016-09-30": "-1186.00000", "2016-06-30": "-270.00000", "2016-03-31": "-189.00000", "2015-12-31": "-1632.00000", "2015-09-30": "234.00000", "2015-06-30": "438.00000", "2015-03-31": "570.00000", "2014-12-31": "855.00000", "2014-09-30": "988.00000", "2014-06-30": "913.00000", "2014-03-31": "799.00000", "2013-12-31": "909.00000", "2013-09-30": "884.00000", "2013-06-30": "713.00000", "2013-03-31": "751.00000", "2012-12-31": "903.00000", "2012-09-30": "898.00000", "2012-06-30": "879.00000", "2012-03-31": "877.00000", "2011-12-31": "848.00000", "2011-09-30": "772.00000", "2011-06-30": "708.00000", "2011-03-31": "609.00000", "2010-12-31": "624.00000", "2010-09-30": "596.00000", "2010-06-30": "590.00000", "2010-03-31": "637.00000", "2009-12-31": "608.00000", "2009-09-30": "601.00000", "2009-06-30": "386.00000", "2009-03-31": "720.00000", "2008-12-31": "857.00000", "2008-09-30": "790.00000", "2008-06-30": "691.00000", "2008-03-31": "569.00000", "2007-12-31": "574.70000", "2007-09-30": "545.40000", "2007-06-30": "497.20000", "2007-03-31": "427.10000", "2006-12-31": "381.20000", "2006-09-30": "285.50010", "2006-06-30": "246.60010", "2006-03-31": "197.80000", "2005-12-31": "163.80000", "2005-09-30": "145.00000", "2005-06-30": "102.10000", "2005-03-31": "65.90010"}, "Basic Shares Outstanding": {"2020-12-31": "385.00000", "2020-09-30": "385.00000", "2020-06-30": "385.00000", "2020-03-31": "383.00000", "2019-12-31": "382.00000", "2019-09-30": "382.00000", "2019-06-30": "382.00000", "2019-03-31": "380.00000", "2018-12-31": "378.00000", "2018-09-30": "379.00000", "2018-06-30": "378.00000", "2018-03-31": "377.00000", "2017-12-31": "377.00000", "2017-09-30": "377.00000", "2017-06-30": "377.00000", "2017-03-31": "376.00000", "2016-12-31": "376.00000", "2016-09-30": "376.00000", "2016-06-30": "375.00000", "2016-03-31": "375.00000", "2015-12-31": "375.00000", "2015-09-30": "380.00000", "2015-06-30": "387.00000", "2015-03-31": "407.00000", "2014-12-31": "427.00000", "2014-09-30": "429.00000", "2014-06-30": "428.00000", "2014-03-31": "428.00000", "2013-12-31": "427.00000", "2013-09-30": "426.00000", "2013-06-30": "426.00000", "2013-03-31": "426.00000", "2012-12-31": "426.00000", "2012-09-30": "425.00000", "2012-06-30": "425.00000", "2012-03-31": "423.00000", "2011-12-31": "422.00000", "2011-09-30": "422.00000", "2011-06-30": "422.00000", "2011-03-31": "420.00000", "2010-12-31": "418.00000", "2010-09-30": "417.00000", "2010-06-30": "417.00000", "2010-03-31": "417.00000", "2009-12-31": "416.00000", "2009-09-30": "416.00000", "2009-06-30": "416.00000", "2009-03-31": "416.00000", "2008-12-31": "416.00000", "2008-09-30": "416.00000", "2008-06-30": "402.00000", "2008-03-31": "356.00000", "2007-12-31": "355.80000", "2007-09-30": "355.50000", "2007-06-30": "354.40000", "2007-03-31": "351.80000", "2006-12-31": "351.10000", "2006-09-30": "350.80000", "2006-06-30": "350.40000", "2006-03-31": "349.20000", "2005-12-31": "348.60000", "2005-09-30": "347.40000", "2005-06-30": "344.60000", "2005-03-31": "210.60000"}, "Shares Outstanding": {"2020-12-31": "385.00000", "2020-09-30": "385.00000", "2020-06-30": "385.00000", "2020-03-31": "383.00000", "2019-12-31": "382.00000", "2019-09-30": "382.00000", "2019-06-30": "382.00000", "2019-03-31": "380.00000", "2018-12-31": "378.00000", "2018-09-30": "383.00000", "2018-06-30": "381.00000", "2018-03-31": "377.00000", "2017-12-31": "377.00000", "2017-09-30": "377.00000", "2017-06-30": "377.00000", "2017-03-31": "376.00000", "2016-12-31": "376.00000", "2016-09-30": "376.00000", "2016-06-30": "375.00000", "2016-03-31": "375.00000", "2015-12-31": "375.00000", "2015-09-30": "381.00000", "2015-06-30": "388.00000", "2015-03-31": "409.00000", "2014-12-31": "428.00000", "2014-09-30": "431.00000", "2014-06-30": "430.00000", "2014-03-31": "429.00000", "2013-12-31": "429.00000", "2013-09-30": "428.00000", "2013-06-30": "428.00000", "2013-03-31": "428.00000", "2012-12-31": "428.00000", "2012-09-30": "427.00000", "2012-06-30": "427.00000", "2012-03-31": "426.00000", "2011-12-31": "425.00000", "2011-09-30": "425.00000", "2011-06-30": "425.00000", "2011-03-31": "423.00000", "2010-12-31": "421.00000", "2010-09-30": "419.00000", "2010-06-30": "419.00000", "2010-03-31": "419.00000", "2009-12-31": "419.00000", "2009-09-30": "418.00000", "2009-06-30": "418.00000", "2009-03-31": "418.00000", "2008-12-31": "417.00000", "2008-09-30": "418.00000", "2008-06-30": "404.00000", "2008-03-31": "359.00000", "2007-12-31": "358.80000", "2007-09-30": "357.90000", "2007-06-30": "356.30000", "2007-03-31": "355.10000", "2006-12-31": "354.00000", "2006-09-30": "353.70000", "2006-06-30": "353.20000", "2006-03-31": "353.20000", "2005-12-31": "353.00000", "2005-09-30": "351.80000", "2005-06-30": "348.40000", "2005-03-31": "213.20000"}, "Basic EPS": {"2020-12-31": "-0.90000", "2020-09-30": "-0.14000", "2020-06-30": "-0.24000", "2020-03-31": "-5.34000", "2019-12-31": "-1.01000", "2019-09-30": "-0.64000", "2019-06-30": "-14.11000", "2019-03-31": "-0.20000", "2018-12-31": "0.04000", "2018-09-30": "0.00000", "2018-06-30": "0.06000", "2018-03-31": "-0.18000", "2017-12-31": "-0.04000", "2017-09-30": "-0.07000", "2017-06-30": "-0.20000", "2017-03-31": "-0.32000", "2016-12-31": "-1.89000", "2016-09-30": "-3.62000", "2016-06-30": "-0.58000", "2016-03-31": "-0.32000", "2015-12-31": "-4.06000", "2015-09-30": "0.41000", "2015-06-30": "0.75000", "2015-03-31": "0.76000", "2014-12-31": "1.39000", "2014-09-30": "1.63000", "2014-06-30": "1.45000", "2014-03-31": "1.38000", "2013-12-31": "1.54000", "2013-09-30": "1.49000", "2013-06-30": "1.25000", "2013-03-31": "1.18000", "2012-12-31": "1.57000", "2012-09-30": "1.44000", "2012-06-30": "1.42000", "2012-03-31": "1.43000", "2011-12-31": "1.36000", "2011-09-30": "1.26000", "2011-06-30": "1.14000", "2011-03-31": "0.97000", "2010-12-31": "1.05000", "2010-09-30": "0.97000", "2010-06-30": "0.96000", "2010-03-31": "1.01000", "2009-12-31": "0.95000", "2009-09-30": "0.93000", "2009-06-30": "0.53000", "2009-03-31": "1.13000", "2008-12-31": "1.41000", "2008-09-30": "1.32000", "2008-06-30": "1.05000", "2008-03-31": "1.12000", "2007-12-31": "1.06000", "2007-09-30": "1.03000", "2007-06-30": "0.90000", "2007-03-31": "0.78000", "2006-12-31": "0.68000", "2006-09-30": "0.50000", "2006-06-30": "0.42000", "2006-03-31": "0.34500", "2005-12-31": "0.29000", "2005-09-30": "0.25500", "2005-06-30": "0.17500", "2005-03-31": "0.17000"}, "EPS - Earnings Per Share": {"2020-12-31": "-0.90000", "2020-09-30": "-0.14000", "2020-06-30": "-0.24000", "2020-03-31": "-5.34000", "2019-12-31": "-1.01000", "2019-09-30": "-0.64000", "2019-06-30": "-14.11000", "2019-03-31": "-0.20000", "2018-12-31": "0.04000", "2018-09-30": "0.00000", "2018-06-30": "0.06000", "2018-03-31": "-0.18000", "2017-12-31": "-0.04000", "2017-09-30": "-0.07000", "2017-06-30": "-0.20000", "2017-03-31": "-0.32000", "2016-12-31": "-1.89000", "2016-09-30": "-3.62000", "2016-06-30": "-0.58000", "2016-03-31": "-0.32000", "2015-12-31": "-4.06000", "2015-09-30": "0.41000", "2015-06-30": "0.74000", "2015-03-31": "0.76000", "2014-12-31": "1.39000", "2014-09-30": "1.62000", "2014-06-30": "1.44000", "2014-03-31": "1.37000", "2013-12-31": "1.53000", "2013-09-30": "1.49000", "2013-06-30": "1.24000", "2013-03-31": "1.17000", "2012-12-31": "1.56000", "2012-09-30": "1.43000", "2012-06-30": "1.42000", "2012-03-31": "1.42000", "2011-12-31": "1.35000", "2011-09-30": "1.25000", "2011-06-30": "1.13000", "2011-03-31": "0.96000", "2010-12-31": "1.05000", "2010-09-30": "0.96000", "2010-06-30": "0.96000", "2010-03-31": "1.01000", "2009-12-31": "0.94000", "2009-09-30": "0.92000", "2009-06-30": "0.53000", "2009-03-31": "1.13000", "2008-12-31": "1.40000", "2008-09-30": "1.31000", "2008-06-30": "1.04000", "2008-03-31": "1.11000", "2007-12-31": "1.05000", "2007-09-30": "1.02000", "2007-06-30": "0.89000", "2007-03-31": "0.78000", "2006-12-31": "0.68000", "2006-09-30": "0.50000", "2006-06-30": "0.42000", "2006-03-31": "0.34000", "2005-12-31": "0.29000", "2005-09-30": "0.25000", "2005-06-30": "0.17500", "2005-03-31": "0.16500"}}, "balance sheet": {"Cash On Hand": {"2020-12-31": "1692.00000", "2019-12-31": "1171.00000", "2018-12-31": "1427.00000", "2017-12-31": "1437.00000", "2016-12-31": "1408.00000", "2015-12-31": "2080.00000", "2014-12-31": "3536.00000", "2013-12-31": "3436.00000", "2012-12-31": "3319.00000", "2011-12-31": "3535.00000", "2010-12-31": "3333.00000", "2009-12-31": "2622.00000", "2008-12-31": "1543.00000", "2007-12-31": "1841.80000", "2006-12-31": "957.40000", "2005-12-31": "209.40000"}, "Receivables": {"2020-12-31": "1274.00000", "2019-12-31": "1855.00000", "2018-12-31": "2101.00000", "2017-12-31": "2015.00000", "2016-12-31": "2083.00000", "2015-12-31": "2926.00000", "2014-12-31": "4416.00000", "2013-12-31": "4896.00000", "2012-12-31": "4320.00000", "2011-12-31": "3291.00000", "2010-12-31": "2425.00000", "2009-12-31": "2187.00000", "2008-12-31": "3136.00000", "2007-12-31": "2099.80000", "2006-12-31": "1614.60000", "2005-12-31": "1139.20000"}, "Inventory": {"2020-12-31": "1408.00000", "2019-12-31": "2197.00000", "2018-12-31": "2986.00000", "2017-12-31": "3003.00000", "2016-12-31": "3325.00000", "2015-12-31": "4678.00000", "2014-12-31": "5281.00000", "2013-12-31": "5603.00000", "2012-12-31": "5891.00000", "2011-12-31": "4030.00000", "2010-12-31": "3388.00000", "2009-12-31": "3490.00000", "2008-12-31": "3806.00000", "2007-12-31": "2574.70000", "2006-12-31": "1828.80000", "2005-12-31": "1198.30000"}, "Pre-Paid Expenses": {"2020-12-31": "", "2019-12-31": "247.00000", "2018-12-31": "200.00000", "2017-12-31": "267.00000", "2016-12-31": "395.00000", "2015-12-31": "491.00000", "2014-12-31": "604.00000", "2013-12-31": "576.00000", "2012-12-31": "574.00000", "2011-12-31": "325.00000", "2010-12-31": "258.00000", "2009-12-31": "269.00000", "2008-12-31": "283.00000", "2007-12-31": "302.50000", "2006-12-31": "154.30000", "2005-12-31": "50.80000"}, "Other Current Assets": {"2020-12-31": "835.00000", "2019-12-31": "643.00000", "2018-12-31": "565.00000", "2017-12-31": "495.00000", "2016-12-31": "665.00000", "2015-12-31": "1250.00000", "2014-12-31": "1878.00000", "2013-12-31": "1539.00000", "2012-12-31": "1225.00000", "2011-12-31": "593.00000", "2010-12-31": "815.00000", "2009-12-31": "740.00000", "2008-12-31": "618.00000", "2007-12-31": "643.50000", "2006-12-31": "308.90000", "2005-12-31": "341.90000"}, "Total Current Assets": {"2020-12-31": "5209.00000", "2019-12-31": "6113.00000", "2018-12-31": "7279.00000", "2017-12-31": "7217.00000", "2016-12-31": "7876.00000", "2015-12-31": "11425.00000", "2014-12-31": "16162.00000", "2013-12-31": "16423.00000", "2012-12-31": "15678.00000", "2011-12-31": "12110.00000", "2010-12-31": "10535.00000", "2009-12-31": "9598.00000", "2008-12-31": "9657.00000", "2007-12-31": "7593.80000", "2006-12-31": "4965.60000", "2005-12-31": "2998.20000"}, "Property, Plant, And Equipment": {"2020-12-31": "1927.00000", "2019-12-31": "2354.00000", "2018-12-31": "2797.00000", "2017-12-31": "3002.00000", "2016-12-31": "3150.00000", "2015-12-31": "3124.00000", "2014-12-31": "3362.00000", "2013-12-31": "3408.00000", "2012-12-31": "2945.00000", "2011-12-31": "2445.00000", "2010-12-31": "1840.00000", "2009-12-31": "1836.00000", "2008-12-31": "1677.00000", "2007-12-31": "1197.30000", "2006-12-31": "1022.10000", "2005-12-31": "877.60000"}, "Long-Term Investments": {"2020-12-31": "", "2019-12-31": "282.00000", "2018-12-31": "301.00000", "2017-12-31": "309.00000", "2016-12-31": "307.00000", "2015-12-31": "327.00000", "2014-12-31": "362.00000", "2013-12-31": "390.00000", "2012-12-31": "393.00000", "2011-12-31": "391.00000", "2010-12-31": "386.00000", "2009-12-31": "393.00000", "2008-12-31": "421.00000", "2007-12-31": "", "2006-12-31": "", "2005-12-31": ""}, "Goodwill And Intangible Assets": {"2020-12-31": "2020.00000", "2019-12-31": "3659.00000", "2018-12-31": "9284.00000", "2017-12-31": "9528.00000", "2016-12-31": "9597.00000", "2015-12-31": "10829.00000", "2014-12-31": "12983.00000", "2013-12-31": "14104.00000", "2012-12-31": "11915.00000", "2011-12-31": "10224.00000", "2010-12-31": "9893.00000", "2009-12-31": "9541.00000", "2008-12-31": "9525.00000", "2007-12-31": "3219.20000", "2006-12-31": "2949.90000", "2005-12-31": "2729.20000"}, "Other Long-Term Assets": {"2020-12-31": "207.00000", "2019-12-31": "67.00000", "2018-12-31": "124.00000", "2017-12-31": "137.00000", "2016-12-31": "124.00000", "2015-12-31": "135.00000", "2014-12-31": "190.00000", "2013-12-31": "115.00000", "2012-12-31": "140.00000", "2011-12-31": "78.00000", "2010-12-31": "55.00000", "2009-12-31": "72.00000", "2008-12-31": "73.00000", "2007-12-31": "49.00000", "2006-12-31": "25.60000", "2005-12-31": "21.30000"}, "Total Long-Term Assets": {"2020-12-31": "4720.00000", "2019-12-31": "7036.00000", "2018-12-31": "12517.00000", "2017-12-31": "12989.00000", "2016-12-31": "13264.00000", "2015-12-31": "14545.00000", "2014-12-31": "17400.00000", "2013-12-31": "18389.00000", "2012-12-31": "15806.00000", "2011-12-31": "13405.00000", "2010-12-31": "12515.00000", "2009-12-31": "11934.00000", "2008-12-31": "11822.00000", "2007-12-31": "4521.10000", "2006-12-31": "4053.70000", "2005-12-31": "3680.30000"}, "Total Assets": {"2020-12-31": "9929.00000", "2019-12-31": "13149.00000", "2018-12-31": "19796.00000", "2017-12-31": "20206.00000", "2016-12-31": "21140.00000", "2015-12-31": "25970.00000", "2014-12-31": "33562.00000", "2013-12-31": "34812.00000", "2012-12-31": "31484.00000", "2011-12-31": "25515.00000", "2010-12-31": "23050.00000", "2009-12-31": "21532.00000", "2008-12-31": "21479.00000", "2007-12-31": "12114.90000", "2006-12-31": "9019.30000", "2005-12-31": "6678.50000"}, "Total Current Liabilities": {"2020-12-31": "1867.00000", "2019-12-31": "2247.00000", "2018-12-31": "2341.00000", "2017-12-31": "2354.00000", "2016-12-31": "3047.00000", "2015-12-31": "3958.00000", "2014-12-31": "7374.00000", "2013-12-31": "6678.00000", "2012-12-31": "5649.00000", "2011-12-31": "5416.00000", "2010-12-31": "4536.00000", "2009-12-31": "4514.00000", "2008-12-31": "5623.00000", "2007-12-31": "4026.70000", "2006-12-31": "2665.20000", "2005-12-31": "1187.20000"}, "Long Term Debt": {"2020-12-31": "1834.00000", "2019-12-31": "1989.00000", "2018-12-31": "2482.00000", "2017-12-31": "2706.00000", "2016-12-31": "2708.00000", "2015-12-31": "3907.00000", "2014-12-31": "3014.00000", "2013-12-31": "3149.00000", "2012-12-31": "3148.00000", "2011-12-31": "159.00000", "2010-12-31": "514.00000", "2009-12-31": "876.00000", "2008-12-31": "870.00000", "2007-12-31": "737.90000", "2006-12-31": "834.70000", "2005-12-31": "835.60000"}, "Other Non-Current Liabilities": {"2020-12-31": "337.00000", "2019-12-31": "253.00000", "2018-12-31": "298.00000", "2017-12-31": "309.00000", "2016-12-31": "318.00000", "2015-12-31": "283.00000", "2014-12-31": "430.00000", "2013-12-31": "363.00000", "2012-12-31": "334.00000", "2011-12-31": "360.00000", "2010-12-31": "253.00000", "2009-12-31": "163.00000", "2008-12-31": "128.00000", "2007-12-31": "61.80000", "2006-12-31": "71.40000", "2005-12-31": "63.70000"}, "Total Long Term Liabilities": {"2020-12-31": "2783.00000", "2019-12-31": "3056.00000", "2018-12-31": "3566.00000", "2017-12-31": "3692.00000", "2016-12-31": "4090.00000", "2015-12-31": "5552.00000", "2014-12-31": "5416.00000", "2013-12-31": "5804.00000", "2012-12-31": "5479.00000", "2011-12-31": "2371.00000", "2010-12-31": "2652.00000", "2009-12-31": "2790.00000", "2008-12-31": "3132.00000", "2007-12-31": "1426.80000", "2006-12-31": "1330.60000", "2005-12-31": "1297.10000"}, "Total Liabilities": {"2020-12-31": "4650.00000", "2019-12-31": "5303.00000", "2018-12-31": "5907.00000", "2017-12-31": "6046.00000", "2016-12-31": "7137.00000", "2015-12-31": "9510.00000", "2014-12-31": "12790.00000", "2013-12-31": "12482.00000", "2012-12-31": "11128.00000", "2011-12-31": "7787.00000", "2010-12-31": "7188.00000", "2009-12-31": "7304.00000", "2008-12-31": "8755.00000", "2007-12-31": "5453.50000", "2006-12-31": "3995.80000", "2005-12-31": "2484.30000"}, "Common Stock Net": {"2020-12-31": "", "2019-12-31": "4.00000", "2018-12-31": "4.00000", "2017-12-31": "4.00000", "2016-12-31": "4.00000", "2015-12-31": "4.00000", "2014-12-31": "4.00000", "2013-12-31": "4.00000", "2012-12-31": "4.00000", "2011-12-31": "4.00000", "2010-12-31": "4.00000", "2009-12-31": "4.00000", "2008-12-31": "4.00000", "2007-12-31": "3.60000", "2006-12-31": "3.50000", "2005-12-31": "1.70000"}, "Retained Earnings (Accumulated Deficit)": {"2020-12-31": "", "2019-12-31": "690.00000", "2018-12-31": "6862.00000", "2017-12-31": "6966.00000", "2016-12-31": "7285.00000", "2015-12-31": "9927.00000", "2014-12-31": "13181.00000", "2013-12-31": "13323.00000", "2012-12-31": "11385.00000", "2011-12-31": "9103.00000", "2010-12-31": "7300.00000", "2009-12-31": "5805.00000", "2008-12-31": "4796.00000", "2007-12-31": "2845.60000", "2006-12-31": "1513.90000", "2005-12-31": "829.90000"}, "Comprehensive Income": {"2020-12-31": "", "2019-12-31": "-1423.00000", "2018-12-31": "-1437.00000", "2017-12-31": "-1110.00000", "2016-12-31": "-1452.00000", "2015-12-31": "-1553.00000", "2014-12-31": "-834.00000", "2013-12-31": "-4.00000", "2012-12-31": "107.00000", "2011-12-31": "-23.00000", "2010-12-31": "91.00000", "2009-12-31": "90.00000", "2008-12-31": "-161.00000", "2007-12-31": "195.00000", "2006-12-31": "46.10000", "2005-12-31": "-21.80000"}, "Other Share Holders Equity": {"2020-12-31": "", "2019-12-31": "", "2018-12-31": "", "2017-12-31": "", "2016-12-31": "", "2015-12-31": "", "2014-12-31": "", "2013-12-31": "", "2012-12-31": "", "2011-12-31": "", "2010-12-31": "", "2009-12-31": "", "2008-12-31": "", "2007-12-31": "", "2006-12-31": "", "2005-12-31": ""}, "Share Holder Equity": {"2020-12-31": "5279.00000", "2019-12-31": "7846.00000", "2018-12-31": "13889.00000", "2017-12-31": "14160.00000", "2016-12-31": "14003.00000", "2015-12-31": "16460.00000", "2014-12-31": "20772.00000", "2013-12-31": "22330.00000", "2012-12-31": "20356.00000", "2011-12-31": "17728.00000", "2010-12-31": "15862.00000", "2009-12-31": "14228.00000", "2008-12-31": "12724.00000", "2007-12-31": "6661.40000", "2006-12-31": "5023.50000", "2005-12-31": "4194.20000"}, "Total Liabilities And Share Holders Equity": {"2020-12-31": "9929.00000", "2019-12-31": "13149.00000", "2018-12-31": "19796.00000", "2017-12-31": "20206.00000", "2016-12-31": "21140.00000", "2015-12-31": "25970.00000", "2014-12-31": "33562.00000", "2013-12-31": "34812.00000", "2012-12-31": "31484.00000", "2011-12-31": "25515.00000", "2010-12-31": "23050.00000", "2009-12-31": "21532.00000", "2008-12-31": "21479.00000", "2007-12-31": "12114.90000", "2006-12-31": "9019.30000", "2005-12-31": "6678.50000"}}, "balance sheet, quarterly": {"Cash On Hand": {"2020-12-31": "1692.00000", "2020-09-30": "1485.00000", "2020-06-30": "1447.00000", "2020-03-31": "1115.00000", "2019-12-31": "1171.00000", "2019-09-30": "1313.00000", "2019-06-30": "1121.00000", "2019-03-31": "1270.00000", "2018-12-31": "1427.00000", "2018-09-30": "1293.00000", "2018-06-30": "1137.00000", "2018-03-31": "1236.00000", "2017-12-31": "1437.00000", "2017-09-30": "1722.00000", "2017-06-30": "1530.00000", "2017-03-31": "1479.00000", "2016-12-31": "1408.00000", "2016-09-30": "1510.00000", "2016-06-30": "1661.00000", "2016-03-31": "1759.00000", "2015-12-31": "2080.00000", "2015-09-30": "1846.00000", "2015-06-30": "2544.00000", "2015-03-31": "3024.00000", "2014-12-31": "3536.00000", "2014-09-30": "4091.00000", "2014-06-30": "3885.00000", "2014-03-31": "3688.00000", "2013-12-31": "3436.00000", "2013-09-30": "2741.00000", "2013-06-30": "2327.00000", "2013-03-31": "2441.00000", "2012-12-31": "3319.00000", "2012-09-30": "1702.00000", "2012-06-30": "1917.00000", "2012-03-31": "3390.00000", "2011-12-31": "3535.00000", "2011-09-30": "3870.00000", "2011-06-30": "3440.00000", "2011-03-31": "3060.00000", "2010-12-31": "3333.00000", "2010-09-30": "3070.00000", "2010-06-30": "2688.00000", "2010-03-31": "2608.00000", "2009-12-31": "2622.00000", "2009-09-30": "3192.00000", "2009-06-30": "2286.00000", "2009-03-31": "2232.00000", "2008-12-31": "1543.00000", "2008-09-30": "1764.90000", "2008-06-30": "1652.40000", "2008-03-31": "2139.40000", "2007-12-31": "1841.80000", "2007-09-30": "1486.00000", "2007-06-30": "1032.70000", "2007-03-31": "1190.20000", "2006-12-31": "957.40000", "2006-09-30": "786.70000", "2006-06-30": "515.70000", "2006-03-31": "263.00000", "2005-12-31": "209.40000", "2005-09-30": "162.20000", "2005-06-30": "322.40000", "2005-03-31": "295.10000"}, "Receivables": {"2020-12-31": "1274.00000", "2020-09-30": "1382.00000", "2020-06-30": "1502.00000", "2020-03-31": "1879.00000", "2019-12-31": "1855.00000", "2019-09-30": "1799.00000", "2019-06-30": "1973.00000", "2019-03-31": "1793.00000", "2018-12-31": "2101.00000", "2018-09-30": "2005.00000", "2018-06-30": "1967.00000", "2018-03-31": "2102.00000", "2017-12-31": "2015.00000", "2017-09-30": "2060.00000", "2017-06-30": "2086.00000", "2017-03-31": "1978.00000", "2016-12-31": "2083.00000", "2016-09-30": "1808.00000", "2016-06-30": "2044.00000", "2016-03-31": "2212.00000", "2015-12-31": "2926.00000", "2015-09-30": "3325.00000", "2015-06-30": "3476.00000", "2015-03-31": "4024.00000", "2014-12-31": "4416.00000", "2014-09-30": "4482.00000", "2014-06-30": "4427.00000", "2014-03-31": "5310.00000", "2013-12-31": "4896.00000", "2013-09-30": "4801.00000", "2013-06-30": "4424.00000", "2013-03-31": "4279.00000", "2012-12-31": "4320.00000", "2012-09-30": "4033.00000", "2012-06-30": "3860.00000", "2012-03-31": "3330.00000", "2011-12-31": "3291.00000", "2011-09-30": "3109.00000", "2011-06-30": "2849.00000", "2011-03-31": "2757.00000", "2010-12-31": "2425.00000", "2010-09-30": "2408.00000", "2010-06-30": "2387.00000", "2010-03-31": "2111.00000", "2009-12-31": "2187.00000", "2009-09-30": "2204.00000", "2009-06-30": "2603.00000", "2009-03-31": "2892.00000", "2008-12-31": "3136.00000", "2008-09-30": "3113.50000", "2008-06-30": "3015.00000", "2008-03-31": "2258.60000", "2007-12-31": "2099.80000", "2007-09-30": "2154.20000", "2007-06-30": "1886.20000", "2007-03-31": "1682.10000", "2006-12-31": "1614.60000", "2006-09-30": "1394.60000", "2006-06-30": "1267.80000", "2006-03-31": "1204.50000", "2005-12-31": "1139.20000", "2005-09-30": "989.10000", "2005-06-30": "892.50000", "2005-03-31": "877.80000"}, "Inventory": {"2020-12-31": "1408.00000", "2020-09-30": "1745.00000", "2020-06-30": "1929.00000", "2020-03-31": "2032.00000", "2019-12-31": "2197.00000", "2019-09-30": "2537.00000", "2019-06-30": "2858.00000", "2019-03-31": "3131.00000", "2018-12-31": "2986.00000", "2018-09-30": "3177.00000", "2018-06-30": "3158.00000", "2018-03-31": "3146.00000", "2017-12-31": "3003.00000", "2017-09-30": "3219.00000", "2017-06-30": "3207.00000", "2017-03-31": "3254.00000", "2016-12-31": "3325.00000", "2016-09-30": "4161.00000", "2016-06-30": "4287.00000", "2016-03-31": "4534.00000", "2015-12-31": "4678.00000", "2015-09-30": "5172.00000", "2015-06-30": "5394.00000", "2015-03-31": "5378.00000", "2014-12-31": "5281.00000", "2014-09-30": "5464.00000", "2014-06-30": "5198.00000", "2014-03-31": "5659.00000", "2013-12-31": "5603.00000", "2013-09-30": "6078.00000", "2013-06-30": "6083.00000", "2013-03-31": "6135.00000", "2012-12-31": "5891.00000", "2012-09-30": "5989.00000", "2012-06-30": "5501.00000", "2012-03-31": "4528.00000", "2011-12-31": "4030.00000", "2011-09-30": "3907.00000", "2011-06-30": "3756.00000", "2011-03-31": "3570.00000", "2010-12-31": "3388.00000", "2010-09-30": "3562.00000", "2010-06-30": "3443.00000", "2010-03-31": "3423.00000", "2009-12-31": "3490.00000", "2009-09-30": "3767.00000", "2009-06-30": "3825.00000", "2009-03-31": "3833.00000", "2008-12-31": "3806.00000", "2008-09-30": "3627.40000", "2008-06-30": "3484.10000", "2008-03-31": "2821.40000", "2007-12-31": "2574.70000", "2007-09-30": "2252.10000", "2007-06-30": "2243.20000", "2007-03-31": "1993.10000", "2006-12-31": "1828.80000", "2006-09-30": "1712.40000", "2006-06-30": "1536.40000", "2006-03-31": "1353.50000", "2005-12-31": "1198.30000", "2005-09-30": "1110.90000", "2005-06-30": "1070.20000", "2005-03-31": "1052.00000"}, "Pre-Paid Expenses": {"2020-12-31": "", "2020-09-30": "209.00000", "2020-06-30": "204.00000", "2020-03-31": "237.00000", "2019-12-31": "247.00000", "2019-09-30": "251.00000", "2019-06-30": "", "2019-03-31": "205.00000", "2018-12-31": "200.00000", "2018-09-30": "263.00000", "2018-06-30": "301.00000", "2018-03-31": "287.00000", "2017-12-31": "267.00000", "2017-09-30": "306.00000", "2017-06-30": "319.00000", "2017-03-31": "380.00000", "2016-12-31": "395.00000", "2016-09-30": "467.00000", "2016-06-30": "422.00000", "2016-03-31": "503.00000", "2015-12-31": "491.00000", "2015-09-30": "530.00000", "2015-06-30": "562.00000", "2015-03-31": "569.00000", "2014-12-31": "604.00000", "2014-09-30": "619.00000", "2014-06-30": "595.00000", "2014-03-31": "709.00000", "2013-12-31": "576.00000", "2013-09-30": "625.00000", "2013-06-30": "579.00000", "2013-03-31": "474.00000", "2012-12-31": "574.00000", "2012-09-30": "592.00000", "2012-06-30": "499.00000", "2012-03-31": "426.00000", "2011-12-31": "325.00000", "2011-09-30": "339.00000", "2011-06-30": "381.00000", "2011-03-31": "311.00000", "2010-12-31": "258.00000", "2010-09-30": "285.00000", "2010-06-30": "276.00000", "2010-03-31": "257.00000", "2009-12-31": "269.00000", "2009-09-30": "405.00000", "2009-06-30": "391.00000", "2009-03-31": "411.00000", "2008-12-31": "283.00000", "2008-09-30": "443.30000", "2008-06-30": "438.00000", "2008-03-31": "323.00000", "2007-12-31": "302.50000", "2007-09-30": "316.30000", "2007-06-30": "231.10000", "2007-03-31": "187.00000", "2006-12-31": "154.30000", "2006-09-30": "144.50000", "2006-06-30": "111.20000", "2006-03-31": "90.20000", "2005-12-31": "50.80000", "2005-09-30": "57.80000", "2005-06-30": "51.70000", "2005-03-31": "49.10000"}, "Other Current Assets": {"2020-12-31": "835.00000", "2020-09-30": "555.00000", "2020-06-30": "508.00000", "2020-03-31": "639.00000", "2019-12-31": "643.00000", "2019-09-30": "615.00000", "2019-06-30": "814.00000", "2019-03-31": "539.00000", "2018-12-31": "565.00000", "2018-09-30": "483.00000", "2018-06-30": "445.00000", "2018-03-31": "415.00000", "2017-12-31": "495.00000", "2017-09-30": "518.00000", "2017-06-30": "599.00000", "2017-03-31": "653.00000", "2016-12-31": "665.00000", "2016-09-30": "765.00000", "2016-06-30": "790.00000", "2016-03-31": "1040.00000", "2015-12-31": "1250.00000", "2015-09-30": "1669.00000", "2015-06-30": "1810.00000", "2015-03-31": "1926.00000", "2014-12-31": "1878.00000", "2014-09-30": "1615.00000", "2014-06-30": "1567.00000", "2014-03-31": "1520.00000", "2013-12-31": "1539.00000", "2013-09-30": "1640.00000", "2013-06-30": "1448.00000", "2013-03-31": "1333.00000", "2012-12-31": "1225.00000", "2012-09-30": "1065.00000", "2012-06-30": "953.00000", "2012-03-31": "810.00000", "2011-12-31": "593.00000", "2011-09-30": "531.00000", "2011-06-30": "499.00000", "2011-03-31": "744.00000", "2010-12-31": "815.00000", "2010-09-30": "769.00000", "2010-06-30": "802.00000", "2010-03-31": "918.00000", "2009-12-31": "740.00000", "2009-09-30": "612.00000", "2009-06-30": "590.00000", "2009-03-31": "616.00000", "2008-12-31": "618.00000", "2008-09-30": "653.90000", "2008-06-30": "605.00000", "2008-03-31": "766.20000", "2007-12-31": "643.50000", "2007-09-30": "493.40000", "2007-06-30": "440.40000", "2007-03-31": "374.70000", "2006-12-31": "308.90000", "2006-09-30": "345.30000", "2006-06-30": "378.00000", "2006-03-31": "348.70000", "2005-12-31": "341.90000", "2005-09-30": "328.30000", "2005-06-30": "349.00000", "2005-03-31": "248.80000"}, "Total Current Assets": {"2020-12-31": "5209.00000", "2020-09-30": "5376.00000", "2020-06-30": "5590.00000", "2020-03-31": "5902.00000", "2019-12-31": "6113.00000", "2019-09-30": "6515.00000", "2019-06-30": "6766.00000", "2019-03-31": "6938.00000", "2018-12-31": "7279.00000", "2018-09-30": "7221.00000", "2018-06-30": "7008.00000", "2018-03-31": "7186.00000", "2017-12-31": "7217.00000", "2017-09-30": "7825.00000", "2017-06-30": "7741.00000", "2017-03-31": "7744.00000", "2016-12-31": "7876.00000", "2016-09-30": "8711.00000", "2016-06-30": "9204.00000", "2016-03-31": "10048.00000", "2015-12-31": "11425.00000", "2015-09-30": "12933.00000", "2015-06-30": "14167.00000", "2015-03-31": "15299.00000", "2014-12-31": "16162.00000", "2014-09-30": "16670.00000", "2014-06-30": "16003.00000", "2014-03-31": "17211.00000", "2013-12-31": "16423.00000", "2013-09-30": "16255.00000", "2013-06-30": "15221.00000", "2013-03-31": "14994.00000", "2012-12-31": "15678.00000", "2012-09-30": "13667.00000", "2012-06-30": "13014.00000", "2012-03-31": "12836.00000", "2011-12-31": "12110.00000", "2011-09-30": "12038.00000", "2011-06-30": "11226.00000", "2011-03-31": "10739.00000", "2010-12-31": "10535.00000", "2010-09-30": "10326.00000", "2010-06-30": "9826.00000", "2010-03-31": "9545.00000", "2009-12-31": "9598.00000", "2009-09-30": "10407.00000", "2009-06-30": "9910.00000", "2009-03-31": "10190.00000", "2008-12-31": "9657.00000", "2008-09-30": "9808.60000", "2008-06-30": "9402.20000", "2008-03-31": "8465.10000", "2007-12-31": "7593.80000", "2007-09-30": "6832.80000", "2007-06-30": "5949.30000", "2007-03-31": "5533.80000", "2006-12-31": "4965.60000", "2006-09-30": "4445.10000", "2006-06-30": "3868.20000", "2006-03-31": "3318.50000", "2005-12-31": "2998.20000", "2005-09-30": "2708.40000", "2005-06-30": "2740.40000", "2005-03-31": "2546.20000"}, "Property, Plant, And Equipment": {"2020-12-31": "1927.00000", "2020-09-30": "1994.00000", "2020-06-30": "2010.00000", "2020-03-31": "2003.00000", "2019-12-31": "2354.00000", "2019-09-30": "2361.00000", "2019-06-30": "2356.00000", "2019-03-31": "2605.00000", "2018-12-31": "2797.00000", "2018-09-30": "2813.00000", "2018-06-30": "2859.00000", "2018-03-31": "2926.00000", "2017-12-31": "3002.00000", "2017-09-30": "3031.00000", "2017-06-30": "3052.00000", "2017-03-31": "3108.00000", "2016-12-31": "3150.00000", "2016-09-30": "3261.00000", "2016-06-30": "3277.00000", "2016-03-31": "3303.00000", "2015-12-31": "3124.00000", "2015-09-30": "3122.00000", "2015-06-30": "3250.00000", "2015-03-31": "3216.00000", "2014-12-31": "3362.00000", "2014-09-30": "3377.00000", "2014-06-30": "3440.00000", "2014-03-31": "3437.00000", "2013-12-31": "3408.00000", "2013-09-30": "3333.00000", "2013-06-30": "3210.00000", "2013-03-31": "3215.00000", "2012-12-31": "2945.00000", "2012-09-30": "2818.00000", "2012-06-30": "2700.00000", "2012-03-31": "2531.00000", "2011-12-31": "2445.00000", "2011-09-30": "1967.00000", "2011-06-30": "1921.00000", "2011-03-31": "1861.00000", "2010-12-31": "1840.00000", "2010-09-30": "1808.00000", "2010-06-30": "1792.00000", "2010-03-31": "1810.00000", "2009-12-31": "1836.00000", "2009-09-30": "1753.00000", "2009-06-30": "1758.00000", "2009-03-31": "1677.00000", "2008-12-31": "1677.00000", "2008-09-30": "1735.00000", "2008-06-30": "1750.90000", "2008-03-31": "1262.60000", "2007-12-31": "1197.30000", "2007-09-30": "1163.80000", "2007-06-30": "1133.40000", "2007-03-31": "1047.50000", "2006-12-31": "1022.10000", "2006-09-30": "924.10000", "2006-06-30": "909.30000", "2006-03-31": "878.40000", "2005-12-31": "877.60000", "2005-09-30": "840.10000", "2005-06-30": "931.90000", "2005-03-31": "932.80000"}, "Long-Term Investments": {"2020-12-31": "", "2020-09-30": "59.00000", "2020-06-30": "66.00000", "2020-03-31": "57.00000", "2019-12-31": "282.00000", "2019-09-30": "291.00000", "2019-06-30": "294.00000", "2019-03-31": "299.00000", "2018-12-31": "301.00000", "2018-09-30": "304.00000", "2018-06-30": "308.00000", "2018-03-31": "312.00000", "2017-12-31": "309.00000", "2017-09-30": "309.00000", "2017-06-30": "306.00000", "2017-03-31": "302.00000", "2016-12-31": "307.00000", "2016-09-30": "311.00000", "2016-06-30": "314.00000", "2016-03-31": "324.00000", "2015-12-31": "327.00000", "2015-09-30": "331.00000", "2015-06-30": "327.00000", "2015-03-31": "360.00000", "2014-12-31": "362.00000", "2014-09-30": "356.00000", "2014-06-30": "351.00000", "2014-03-31": "402.00000", "2013-12-31": "390.00000", "2013-09-30": "373.00000", "2013-06-30": "357.00000", "2013-03-31": "410.00000", "2012-12-31": "393.00000", "2012-09-30": "370.00000", "2012-06-30": "365.00000", "2012-03-31": "409.00000", "2011-12-31": "391.00000", "2011-09-30": "371.00000", "2011-06-30": "361.00000", "2011-03-31": "402.00000", "2010-12-31": "386.00000", "2010-09-30": "365.00000", "2010-06-30": "358.00000", "2010-03-31": "390.00000", "2009-12-31": "393.00000", "2009-09-30": "389.00000", "2009-06-30": "387.00000", "2009-03-31": "451.00000", "2008-12-31": "421.00000", "2008-09-30": "218.80000", "2008-06-30": "205.30000", "2008-03-31": "", "2007-12-31": "", "2007-09-30": "", "2007-06-30": "", "2007-03-31": "", "2006-12-31": "", "2006-09-30": "", "2006-06-30": "", "2006-03-31": "", "2005-12-31": "", "2005-09-30": "", "2005-06-30": "", "2005-03-31": ""}, "Goodwill And Intangible Assets": {"2020-12-31": "2020.00000", "2020-09-30": "2009.00000", "2020-06-30": "2018.00000", "2020-03-31": "2049.00000", "2019-12-31": "3659.00000", "2019-09-30": "4102.00000", "2019-06-30": "4106.00000", "2019-03-31": "9234.00000", "2018-12-31": "9284.00000", "2018-09-30": "9411.00000", "2018-06-30": "9444.00000", "2018-03-31": "9432.00000", "2017-12-31": "9528.00000", "2017-09-30": "9542.00000", "2017-06-30": "9567.00000", "2017-03-31": "9532.00000", "2016-12-31": "9597.00000", "2016-09-30": "9641.00000", "2016-06-30": "10695.00000", "2016-03-31": "10803.00000", "2015-12-31": "10829.00000", "2015-09-30": "12552.00000", "2015-06-30": "12764.00000", "2015-03-31": "12799.00000", "2014-12-31": "12983.00000", "2014-09-30": "13309.00000", "2014-06-30": "13448.00000", "2014-03-31": "13828.00000", "2013-12-31": "14104.00000", "2013-09-30": "14216.00000", "2013-06-30": "14302.00000", "2013-03-31": "14404.00000", "2012-12-31": "11915.00000", "2012-09-30": "11371.00000", "2012-06-30": "11429.00000", "2012-03-31": "10210.00000", "2011-12-31": "10224.00000", "2011-09-30": "9937.00000", "2011-06-30": "10012.00000", "2011-03-31": "9934.00000", "2010-12-31": "9893.00000", "2010-09-30": "9402.00000", "2010-06-30": "9460.00000", "2010-03-31": "9531.00000", "2009-12-31": "9541.00000", "2009-09-30": "9508.00000", "2009-06-30": "9600.00000", "2009-03-31": "9522.00000", "2008-12-31": "9525.00000", "2008-09-30": "9679.30000", "2008-06-30": "9774.60000", "2008-03-31": "3286.40000", "2007-12-31": "3219.20000", "2007-09-30": "3223.70000", "2007-06-30": "3159.00000", "2007-03-31": "3003.80000", "2006-12-31": "2949.90000", "2006-09-30": "2739.50000", "2006-06-30": "2747.60000", "2006-03-31": "2740.40000", "2005-12-31": "2729.20000", "2005-09-30": "2737.40000", "2005-06-30": "2629.60000", "2005-03-31": "2616.90000"}, "Other Long-Term Assets": {"2020-12-31": "207.00000", "2020-09-30": "155.00000", "2020-06-30": "158.00000", "2020-03-31": "69.00000", "2019-12-31": "67.00000", "2019-09-30": "63.00000", "2019-06-30": "129.00000", "2019-03-31": "126.00000", "2018-12-31": "124.00000", "2018-09-30": "131.00000", "2018-06-30": "126.00000", "2018-03-31": "141.00000", "2017-12-31": "137.00000", "2017-09-30": "156.00000", "2017-06-30": "151.00000", "2017-03-31": "131.00000", "2016-12-31": "124.00000", "2016-09-30": "135.00000", "2016-06-30": "147.00000", "2016-03-31": "132.00000", "2015-12-31": "135.00000", "2015-09-30": "170.00000", "2015-06-30": "182.00000", "2015-03-31": "191.00000", "2014-12-31": "190.00000", "2014-09-30": "125.00000", "2014-06-30": "113.00000", "2014-03-31": "123.00000", "2013-12-31": "115.00000", "2013-09-30": "124.00000", "2013-06-30": "108.00000", "2013-03-31": "138.00000", "2012-12-31": "140.00000", "2012-09-30": "116.00000", "2012-06-30": "87.00000", "2012-03-31": "97.00000", "2011-12-31": "78.00000", "2011-09-30": "37.00000", "2011-06-30": "57.00000", "2011-03-31": "62.00000", "2010-12-31": "55.00000", "2010-09-30": "61.00000", "2010-06-30": "43.00000", "2010-03-31": "59.00000", "2009-12-31": "72.00000", "2009-09-30": "116.00000", "2009-06-30": "89.00000", "2009-03-31": "93.00000", "2008-12-31": "73.00000", "2008-09-30": "64.10000", "2008-06-30": "69.50000", "2008-03-31": "18.70000", "2007-12-31": "49.00000", "2007-09-30": "74.70000", "2007-06-30": "28.30000", "2007-03-31": "25.70000", "2006-12-31": "25.60000", "2006-09-30": "20.10000", "2006-06-30": "20.30000", "2006-03-31": "19.80000", "2005-12-31": "21.30000", "2005-09-30": "22.40000", "2005-06-30": "20.60000", "2005-03-31": "56.60000"}, "Total Long-Term Assets": {"2020-12-31": "4720.00000", "2020-09-30": "4792.00000", "2020-06-30": "4857.00000", "2020-03-31": "4788.00000", "2019-12-31": "7036.00000", "2019-09-30": "7490.00000", "2019-06-30": "7583.00000", "2019-03-31": "13064.00000", "2018-12-31": "12517.00000", "2018-09-30": "12672.00000", "2018-06-30": "12750.00000", "2018-03-31": "12824.00000", "2017-12-31": "12989.00000", "2017-09-30": "13109.00000", "2017-06-30": "13146.00000", "2017-03-31": "13160.00000", "2016-12-31": "13264.00000", "2016-09-30": "13483.00000", "2016-06-30": "14580.00000", "2016-03-31": "14706.00000", "2015-12-31": "14545.00000", "2015-09-30": "16695.00000", "2015-06-30": "17058.00000", "2015-03-31": "17125.00000", "2014-12-31": "17400.00000", "2014-09-30": "17600.00000", "2014-06-30": "17824.00000", "2014-03-31": "18269.00000", "2013-12-31": "18389.00000", "2013-09-30": "18418.00000", "2013-06-30": "18372.00000", "2013-03-31": "18562.00000", "2012-12-31": "15806.00000", "2012-09-30": "14995.00000", "2012-06-30": "14819.00000", "2012-03-31": "13451.00000", "2011-12-31": "13405.00000", "2011-09-30": "12506.00000", "2011-06-30": "12530.00000", "2011-03-31": "12417.00000", "2010-12-31": "12515.00000", "2010-09-30": "11905.00000", "2010-06-30": "11822.00000", "2010-03-31": "11921.00000", "2009-12-31": "11934.00000", "2009-09-30": "11955.00000", "2009-06-30": "12029.00000", "2009-03-31": "11890.00000", "2008-12-31": "11822.00000", "2008-09-30": "11926.30000", "2008-06-30": "11869.30000", "2008-03-31": "4635.40000", "2007-12-31": "4521.10000", "2007-09-30": "4513.00000", "2007-06-30": "4361.00000", "2007-03-31": "4136.30000", "2006-12-31": "4053.70000", "2006-09-30": "3746.30000", "2006-06-30": "3730.30000", "2006-03-31": "3691.00000", "2005-12-31": "3680.30000", "2005-09-30": "3659.60000", "2005-06-30": "3642.70000", "2005-03-31": "3690.70000"}, "Total Assets": {"2020-12-31": "9929.00000", "2020-09-30": "10168.00000", "2020-06-30": "10447.00000", "2020-03-31": "10690.00000", "2019-12-31": "13149.00000", "2019-09-30": "14005.00000", "2019-06-30": "14349.00000", "2019-03-31": "20002.00000", "2018-12-31": "19796.00000", "2018-09-30": "19893.00000", "2018-06-30": "19758.00000", "2018-03-31": "20010.00000", "2017-12-31": "20206.00000", "2017-09-30": "20934.00000", "2017-06-30": "20887.00000", "2017-03-31": "20904.00000", "2016-12-31": "21140.00000", "2016-09-30": "22194.00000", "2016-06-30": "23784.00000", "2016-03-31": "24754.00000", "2015-12-31": "25970.00000", "2015-09-30": "29628.00000", "2015-06-30": "31225.00000", "2015-03-31": "32424.00000", "2014-12-31": "33562.00000", "2014-09-30": "34270.00000", "2014-06-30": "33827.00000", "2014-03-31": "35480.00000", "2013-12-31": "34812.00000", "2013-09-30": "34673.00000", "2013-06-30": "33593.00000", "2013-03-31": "33556.00000", "2012-12-31": "31484.00000", "2012-09-30": "28662.00000", "2012-06-30": "27833.00000", "2012-03-31": "26287.00000", "2011-12-31": "25515.00000", "2011-09-30": "24544.00000", "2011-06-30": "23756.00000", "2011-03-31": "23156.00000", "2010-12-31": "23050.00000", "2010-09-30": "22231.00000", "2010-06-30": "21648.00000", "2010-03-31": "21466.00000", "2009-12-31": "21532.00000", "2009-09-30": "22362.00000", "2009-06-30": "21939.00000", "2009-03-31": "22080.00000", "2008-12-31": "21479.00000", "2008-09-30": "21734.90000", "2008-06-30": "21271.50000", "2008-03-31": "13100.50000", "2007-12-31": "12114.90000", "2007-09-30": "11345.80000", "2007-06-30": "10310.30000", "2007-03-31": "9670.10000", "2006-12-31": "9019.30000", "2006-09-30": "8191.40000", "2006-06-30": "7598.50000", "2006-03-31": "7009.50000", "2005-12-31": "6678.50000", "2005-09-30": "6368.00000", "2005-06-30": "6383.10000", "2005-03-31": "6236.90000"}, "Total Current Liabilities": {"2020-12-31": "1867.00000", "2020-09-30": "1884.00000", "2020-06-30": "1954.00000", "2020-03-31": "2163.00000", "2019-12-31": "2247.00000", "2019-09-30": "2276.00000", "2019-06-30": "2221.00000", "2019-03-31": "2103.00000", "2018-12-31": "2341.00000", "2018-09-30": "2276.00000", "2018-06-30": "2194.00000", "2018-03-31": "2132.00000", "2017-12-31": "2354.00000", "2017-09-30": "2842.00000", "2017-06-30": "2851.00000", "2017-03-31": "2852.00000", "2016-12-31": "3047.00000", "2016-09-30": "2615.00000", "2016-06-30": "2947.00000", "2016-03-31": "3435.00000", "2015-12-31": "3958.00000", "2015-09-30": "5193.00000", "2015-06-30": "5672.00000", "2015-03-31": "6667.00000", "2014-12-31": "7374.00000", "2014-09-30": "7201.00000", "2014-06-30": "6915.00000", "2014-03-31": "7098.00000", "2013-12-31": "6678.00000", "2013-09-30": "6317.00000", "2013-06-30": "5619.00000", "2013-03-31": "5546.00000", "2012-12-31": "5649.00000", "2012-09-30": "5681.00000", "2012-06-30": "6481.00000", "2012-03-31": "5445.00000", "2011-12-31": "5416.00000", "2011-09-30": "4744.00000", "2011-06-30": "4250.00000", "2011-03-31": "4132.00000", "2010-12-31": "4536.00000", "2010-09-30": "3872.00000", "2010-06-30": "3937.00000", "2010-03-31": "3744.00000", "2009-12-31": "4514.00000", "2009-09-30": "4989.00000", "2009-06-30": "5167.00000", "2009-03-31": "5768.00000", "2008-12-31": "5623.00000", "2008-09-30": "5660.50000", "2008-06-30": "5752.30000", "2008-03-31": "4497.90000", "2007-12-31": "4026.70000", "2007-09-30": "3644.90000", "2007-06-30": "3220.00000", "2007-03-31": "3015.10000", "2006-12-31": "2665.20000", "2006-09-30": "2112.10000", "2006-06-30": "1724.40000", "2006-03-31": "1366.60000", "2005-12-31": "1187.20000", "2005-09-30": "901.60000", "2005-06-30": "1106.30000", "2005-03-31": "989.10000"}, "Long Term Debt": {"2020-12-31": "1834.00000", "2020-09-30": "1824.00000", "2020-06-30": "2029.00000", "2020-03-31": "2002.00000", "2019-12-31": "1989.00000", "2019-09-30": "2484.00000", "2019-06-30": "2483.00000", "2019-03-31": "2483.00000", "2018-12-31": "2482.00000", "2018-09-30": "2706.00000", "2018-06-30": "2707.00000", "2018-03-31": "2707.00000", "2017-12-31": "2706.00000", "2017-09-30": "2707.00000", "2017-06-30": "2708.00000", "2017-03-31": "2707.00000", "2016-12-31": "2708.00000", "2016-09-30": "3210.00000", "2016-06-30": "3268.00000", "2016-03-31": "3372.00000", "2015-12-31": "3907.00000", "2015-09-30": "3981.00000", "2015-06-30": "4154.00000", "2015-03-31": "4094.00000", "2014-12-31": "3014.00000", "2014-09-30": "2995.00000", "2014-06-30": "3148.00000", "2014-03-31": "3149.00000", "2013-12-31": "3149.00000", "2013-09-30": "3749.00000", "2013-06-30": "4120.00000", "2013-03-31": "4349.00000", "2012-12-31": "3148.00000", "2012-09-30": "1175.00000", "2012-06-30": "159.00000", "2012-03-31": "159.00000", "2011-12-31": "159.00000", "2011-09-30": "510.00000", "2011-06-30": "511.00000", "2011-03-31": "512.00000", "2010-12-31": "514.00000", "2010-09-30": "516.00000", "2010-06-30": "519.00000", "2010-03-31": "724.00000", "2009-12-31": "876.00000", "2009-09-30": "875.00000", "2009-06-30": "873.00000", "2009-03-31": "868.00000", "2008-12-31": "870.00000", "2008-09-30": "1492.70000", "2008-06-30": "1392.70000", "2008-03-31": "737.40000", "2007-12-31": "737.90000", "2007-09-30": "737.80000", "2007-06-30": "740.70000", "2007-03-31": "737.80000", "2006-12-31": "834.70000", "2006-09-30": "829.90000", "2006-06-30": "831.40000", "2006-03-31": "834.80000", "2005-12-31": "835.60000", "2005-09-30": "841.00000", "2005-06-30": "835.40000", "2005-03-31": "838.30000"}, "Other Non-Current Liabilities": {"2020-12-31": "337.00000", "2020-09-30": "231.00000", "2020-06-30": "223.00000", "2020-03-31": "256.00000", "2019-12-31": "253.00000", "2019-09-30": "269.00000", "2019-06-30": "285.00000", "2019-03-31": "283.00000", "2018-12-31": "298.00000", "2018-09-30": "263.00000", "2018-06-30": "223.00000", "2018-03-31": "335.00000", "2017-12-31": "309.00000", "2017-09-30": "309.00000", "2017-06-30": "307.00000", "2017-03-31": "317.00000", "2016-12-31": "318.00000", "2016-09-30": "326.00000", "2016-06-30": "280.00000", "2016-03-31": "275.00000", "2015-12-31": "283.00000", "2015-09-30": "422.00000", "2015-06-30": "418.00000", "2015-03-31": "527.00000", "2014-12-31": "430.00000", "2014-09-30": "367.00000", "2014-06-30": "344.00000", "2014-03-31": "353.00000", "2013-12-31": "363.00000", "2013-09-30": "439.00000", "2013-06-30": "445.00000", "2013-03-31": "439.00000", "2012-12-31": "334.00000", "2012-09-30": "321.00000", "2012-06-30": "327.00000", "2012-03-31": "316.00000", "2011-12-31": "360.00000", "2011-09-30": "275.00000", "2011-06-30": "275.00000", "2011-03-31": "279.00000", "2010-12-31": "253.00000", "2010-09-30": "242.00000", "2010-06-30": "264.00000", "2010-03-31": "252.00000", "2009-12-31": "163.00000", "2009-09-30": "121.00000", "2009-06-30": "144.00000", "2009-03-31": "127.00000", "2008-12-31": "128.00000", "2008-09-30": "72.90000", "2008-06-30": "79.40000", "2008-03-31": "65.00000", "2007-12-31": "61.80000", "2007-09-30": "71.50000", "2007-06-30": "71.70000", "2007-03-31": "71.20000", "2006-12-31": "71.40000", "2006-09-30": "66.20000", "2006-06-30": "63.50000", "2006-03-31": "70.30000", "2005-12-31": "63.70000", "2005-09-30": "87.90000", "2005-06-30": "73.40000", "2005-03-31": "84.60000"}, "Total Long Term Liabilities": {"2020-12-31": "2783.00000", "2020-09-30": "2744.00000", "2020-06-30": "2960.00000", "2020-03-31": "2973.00000", "2019-12-31": "3056.00000", "2019-09-30": "3600.00000", "2019-06-30": "3641.00000", "2019-03-31": "4059.00000", "2018-12-31": "3566.00000", "2018-09-30": "3641.00000", "2018-06-30": "3596.00000", "2018-03-31": "3727.00000", "2017-12-31": "3692.00000", "2017-09-30": "3941.00000", "2017-06-30": "4014.00000", "2017-03-31": "4067.00000", "2016-12-31": "4090.00000", "2016-09-30": "4691.00000", "2016-06-30": "4651.00000", "2016-03-31": "4886.00000", "2015-12-31": "5552.00000", "2015-09-30": "6229.00000", "2015-06-30": "6548.00000", "2015-03-31": "6635.00000", "2014-12-31": "5416.00000", "2014-09-30": "5450.00000", "2014-06-30": "5494.00000", "2014-03-31": "5590.00000", "2013-12-31": "5804.00000", "2013-09-30": "6631.00000", "2013-06-30": "7023.00000", "2013-03-31": "7331.00000", "2012-12-31": "5479.00000", "2012-09-30": "3298.00000", "2012-06-30": "2421.00000", "2012-03-31": "2322.00000", "2011-12-31": "2371.00000", "2011-09-30": "2561.00000", "2011-06-30": "2601.00000", "2011-03-31": "2623.00000", "2010-12-31": "2652.00000", "2010-09-30": "2955.00000", "2010-06-30": "2874.00000", "2010-03-31": "3142.00000", "2009-12-31": "2790.00000", "2009-09-30": "3094.00000", "2009-06-30": "3167.00000", "2009-03-31": "3139.00000", "2008-12-31": "3132.00000", "2008-09-30": "3784.10000", "2008-06-30": "3643.40000", "2008-03-31": "1470.40000", "2007-12-31": "1426.80000", "2007-09-30": "1354.00000", "2007-06-30": "1280.80000", "2007-03-31": "1286.70000", "2006-12-31": "1330.60000", "2006-09-30": "1311.50000", "2006-06-30": "1293.20000", "2006-03-31": "1287.20000", "2005-12-31": "1297.10000", "2005-09-30": "1339.70000", "2005-06-30": "1298.40000", "2005-03-31": "1315.20000"}, "Total Liabilities": {"2020-12-31": "4650.00000", "2020-09-30": "4628.00000", "2020-06-30": "4914.00000", "2020-03-31": "5136.00000", "2019-12-31": "5303.00000", "2019-09-30": "5876.00000", "2019-06-30": "5862.00000", "2019-03-31": "6162.00000", "2018-12-31": "5907.00000", "2018-09-30": "5917.00000", "2018-06-30": "5790.00000", "2018-03-31": "5859.00000", "2017-12-31": "6046.00000", "2017-09-30": "6783.00000", "2017-06-30": "6865.00000", "2017-03-31": "6919.00000", "2016-12-31": "7137.00000", "2016-09-30": "7306.00000", "2016-06-30": "7598.00000", "2016-03-31": "8321.00000", "2015-12-31": "9510.00000", "2015-09-30": "11422.00000", "2015-06-30": "12220.00000", "2015-03-31": "13302.00000", "2014-12-31": "12790.00000", "2014-09-30": "12651.00000", "2014-06-30": "12409.00000", "2014-03-31": "12688.00000", "2013-12-31": "12482.00000", "2013-09-30": "12948.00000", "2013-06-30": "12642.00000", "2013-03-31": "12877.00000", "2012-12-31": "11128.00000", "2012-09-30": "8979.00000", "2012-06-30": "8902.00000", "2012-03-31": "7767.00000", "2011-12-31": "7787.00000", "2011-09-30": "7305.00000", "2011-06-30": "6851.00000", "2011-03-31": "6755.00000", "2010-12-31": "7188.00000", "2010-09-30": "6827.00000", "2010-06-30": "6811.00000", "2010-03-31": "6886.00000", "2009-12-31": "7304.00000", "2009-09-30": "8083.00000", "2009-06-30": "8334.00000", "2009-03-31": "8907.00000", "2008-12-31": "8755.00000", "2008-09-30": "9444.60000", "2008-06-30": "9395.70000", "2008-03-31": "5968.30000", "2007-12-31": "5453.50000", "2007-09-30": "4998.90000", "2007-06-30": "4500.80000", "2007-03-31": "4301.80000", "2006-12-31": "3995.80000", "2006-09-30": "3423.60000", "2006-06-30": "3017.60000", "2006-03-31": "2653.80000", "2005-12-31": "2484.30000", "2005-09-30": "2241.30000", "2005-06-30": "2404.70000", "2005-03-31": "2304.30000"}, "Common Stock Net": {"2020-12-31": "", "2020-09-30": "4.00000", "2020-06-30": "4.00000", "2020-03-31": "4.00000", "2019-12-31": "4.00000", "2019-09-30": "4.00000", "2019-06-30": "4.00000", "2019-03-31": "4.00000", "2018-12-31": "4.00000", "2018-09-30": "4.00000", "2018-06-30": "4.00000", "2018-03-31": "4.00000", "2017-12-31": "4.00000", "2017-09-30": "4.00000", "2017-06-30": "4.00000", "2017-03-31": "4.00000", "2016-12-31": "4.00000", "2016-09-30": "4.00000", "2016-06-30": "4.00000", "2016-03-31": "4.00000", "2015-12-31": "4.00000", "2015-09-30": "4.00000", "2015-06-30": "4.00000", "2015-03-31": "4.00000", "2014-12-31": "4.00000", "2014-09-30": "4.00000", "2014-06-30": "4.00000", "2014-03-31": "4.00000", "2013-12-31": "4.00000", "2013-09-30": "4.00000", "2013-06-30": "4.00000", "2013-03-31": "4.00000", "2012-12-31": "4.00000", "2012-09-30": "4.00000", "2012-06-30": "4.00000", "2012-03-31": "4.00000", "2011-12-31": "4.00000", "2011-09-30": "4.00000", "2011-06-30": "4.00000", "2011-03-31": "4.00000", "2010-12-31": "4.00000", "2010-09-30": "4.00000", "2010-06-30": "4.00000", "2010-03-31": "4.00000", "2009-12-31": "4.00000", "2009-09-30": "4.00000", "2009-06-30": "4.00000", "2009-03-31": "4.00000", "2008-12-31": "4.00000", "2008-09-30": "4.20000", "2008-06-30": "4.20000", "2008-03-31": "3.60000", "2007-12-31": "3.60000", "2007-09-30": "3.60000", "2007-06-30": "1.80000", "2007-03-31": "1.80000", "2006-12-31": "3.50000", "2006-09-30": "1.80000", "2006-06-30": "1.80000", "2006-03-31": "1.70000", "2005-12-31": "1.70000", "2005-09-30": "1.70000", "2005-06-30": "1.70000", "2005-03-31": "1.70000"}, "Retained Earnings (Accumulated Deficit)": {"2020-12-31": "", "2020-09-30": "-1529.00000", "2020-06-30": "-1474.00000", "2020-03-31": "-1381.00000", "2019-12-31": "690.00000", "2019-09-30": "1094.00000", "2019-06-30": "1358.00000", "2019-03-31": "6766.00000", "2018-12-31": "6862.00000", "2018-09-30": "6869.00000", "2018-06-30": "6888.00000", "2018-03-31": "6883.00000", "2017-12-31": "6966.00000", "2017-09-30": "6999.00000", "2017-06-30": "7044.00000", "2017-03-31": "7138.00000", "2016-12-31": "7285.00000", "2016-09-30": "8018.00000", "2016-06-30": "9399.00000", "2016-03-31": "9635.00000", "2015-12-31": "9927.00000", "2015-09-30": "13398.00000", "2015-06-30": "13417.00000", "2015-03-31": "13306.00000", "2014-12-31": "13181.00000", "2014-09-30": "12782.00000", "2014-06-30": "12281.00000", "2014-03-31": "13801.00000", "2013-12-31": "13323.00000", "2013-09-30": "12776.00000", "2013-06-30": "12251.00000", "2013-03-31": "11831.00000", "2012-12-31": "11385.00000", "2012-09-30": "10773.00000", "2012-06-30": "10212.00000", "2012-03-31": "9658.00000", "2011-12-31": "9103.00000", "2011-09-30": "8580.00000", "2011-06-30": "8095.00000", "2011-03-31": "7661.00000", "2010-12-31": "7300.00000", "2010-09-30": "6906.00000", "2010-06-30": "6544.00000", "2010-03-31": "6185.00000", "2009-12-31": "5805.00000", "2009-09-30": "5871.00000", "2009-06-30": "5486.00000", "2009-03-31": "5266.00000", "2008-12-31": "4796.00000", "2008-09-30": "4211.10000", "2008-06-30": "3663.40000", "2008-03-31": "3241.70000", "2007-12-31": "2845.60000", "2007-09-30": "2468.90000", "2007-06-30": "2102.90000", "2007-03-31": "1784.40000", "2006-12-31": "1513.90000", "2006-09-30": "1274.70000", "2006-06-30": "1098.10000", "2006-03-31": "950.20000", "2005-12-31": "829.90000", "2005-09-30": "754.50000", "2005-06-30": "666.00000", "2005-03-31": "604.80000"}, "Comprehensive Income": {"2020-12-31": "", "2020-09-30": "-1577.00000", "2020-06-30": "-1613.00000", "2020-03-31": "-1655.00000", "2019-12-31": "-1423.00000", "2019-09-30": "-1524.00000", "2019-06-30": "-1392.00000", "2019-03-31": "-1413.00000", "2018-12-31": "-1437.00000", "2018-09-30": "-1328.00000", "2018-06-30": "-1298.00000", "2018-03-31": "-1061.00000", "2017-12-31": "-1110.00000", "2017-09-30": "-1109.00000", "2017-06-30": "-1258.00000", "2017-03-31": "-1356.00000", "2016-12-31": "-1452.00000", "2016-09-30": "-1283.00000", "2016-06-30": "-1325.00000", "2016-03-31": "-1308.00000", "2015-12-31": "-1553.00000", "2015-09-30": "-1477.00000", "2015-06-30": "-1119.00000", "2015-03-31": "-1318.00000", "2014-12-31": "-834.00000", "2014-09-30": "-362.00000", "2014-06-30": "48.00000", "2014-03-31": "-41.00000", "2013-12-31": "-4.00000", "2013-09-30": "1.00000", "2013-06-30": "-201.00000", "2013-03-31": "-58.00000", "2012-12-31": "107.00000", "2012-09-30": "79.00000", "2012-06-30": "-69.00000", "2012-03-31": "104.00000", "2011-12-31": "-23.00000", "2011-09-30": "37.00000", "2011-06-30": "225.00000", "2011-03-31": "192.00000", "2010-12-31": "91.00000", "2010-09-30": "109.00000", "2010-06-30": "-67.00000", "2010-03-31": "50.00000", "2009-12-31": "90.00000", "2009-09-30": "92.00000", "2009-06-30": "", "2009-03-31": "-194.00000", "2008-12-31": "-161.00000", "2008-09-30": "97.20000", "2008-06-30": "254.00000", "2008-03-31": "242.70000", "2007-12-31": "195.00000", "2007-09-30": "276.50000", "2007-06-30": "130.20000", "2007-03-31": "60.20000", "2006-12-31": "46.10000", "2006-09-30": "41.70000", "2006-06-30": "44.10000", "2006-03-31": "-5.70000", "2005-12-31": "-21.80000", "2005-09-30": "-4.00000", "2005-06-30": "-12.90000", "2005-03-31": "18.30000"}, "Other Share Holders Equity": {"2020-12-31": "", "2020-09-30": "", "2020-06-30": "", "2020-03-31": "", "2019-12-31": "", "2019-09-30": "", "2019-06-30": "", "2019-03-31": "", "2018-12-31": "", "2018-09-30": "", "2018-06-30": "", "2018-03-31": "", "2017-12-31": "", "2017-09-30": "", "2017-06-30": "", "2017-03-31": "", "2016-12-31": "", "2016-09-30": "", "2016-06-30": "", "2016-03-31": "", "2015-12-31": "", "2015-09-30": "", "2015-06-30": "", "2015-03-31": "", "2014-12-31": "", "2014-09-30": "", "2014-06-30": "", "2014-03-31": "", "2013-12-31": "", "2013-09-30": "", "2013-06-30": "", "2013-03-31": "", "2012-12-31": "", "2012-09-30": "", "2012-06-30": "", "2012-03-31": "", "2011-12-31": "", "2011-09-30": "", "2011-06-30": "", "2011-03-31": "", "2010-12-31": "", "2010-09-30": "", "2010-06-30": "", "2010-03-31": "", "2009-12-31": "", "2009-09-30": "", "2009-06-30": "", "2009-03-31": "", "2008-12-31": "", "2008-09-30": "", "2008-06-30": "", "2008-03-31": "", "2007-12-31": "", "2007-09-30": "", "2007-06-30": "", "2007-03-31": "", "2006-12-31": "", "2006-09-30": "", "2006-06-30": "", "2006-03-31": "", "2005-12-31": "", "2005-09-30": "", "2005-06-30": "", "2005-03-31": ""}, "Share Holder Equity": {"2020-12-31": "5279.00000", "2020-09-30": "5540.00000", "2020-06-30": "5533.00000", "2020-03-31": "5554.00000", "2019-12-31": "7846.00000", "2019-09-30": "8129.00000", "2019-06-30": "8487.00000", "2019-03-31": "13840.00000", "2018-12-31": "13889.00000", "2018-09-30": "13976.00000", "2018-06-30": "13968.00000", "2018-03-31": "14151.00000", "2017-12-31": "14160.00000", "2017-09-30": "14151.00000", "2017-06-30": "14022.00000", "2017-03-31": "13985.00000", "2016-12-31": "14003.00000", "2016-09-30": "14888.00000", "2016-06-30": "16186.00000", "2016-03-31": "16433.00000", "2015-12-31": "16460.00000", "2015-09-30": "18206.00000", "2015-06-30": "19005.00000", "2015-03-31": "19122.00000", "2014-12-31": "20772.00000", "2014-09-30": "21619.00000", "2014-06-30": "21418.00000", "2014-03-31": "22792.00000", "2013-12-31": "22330.00000", "2013-09-30": "21725.00000", "2013-06-30": "20951.00000", "2013-03-31": "20679.00000", "2012-12-31": "20356.00000", "2012-09-30": "19683.00000", "2012-06-30": "18931.00000", "2012-03-31": "18520.00000", "2011-12-31": "17728.00000", "2011-09-30": "17239.00000", "2011-06-30": "16905.00000", "2011-03-31": "16401.00000", "2010-12-31": "15862.00000", "2010-09-30": "15404.00000", "2010-06-30": "14837.00000", "2010-03-31": "14580.00000", "2009-12-31": "14228.00000", "2009-09-30": "14279.00000", "2009-06-30": "13605.00000", "2009-03-31": "13173.00000", "2008-12-31": "12724.00000", "2008-09-30": "12290.30000", "2008-06-30": "11875.80000", "2008-03-31": "7132.20000", "2007-12-31": "6661.40000", "2007-09-30": "6346.90000", "2007-06-30": "5809.50000", "2007-03-31": "5368.30000", "2006-12-31": "5023.50000", "2006-09-30": "4767.80000", "2006-06-30": "4580.90000", "2006-03-31": "4355.70000", "2005-12-31": "4194.20000", "2005-09-30": "4126.70000", "2005-06-30": "3978.40000", "2005-03-31": "3932.60000"}, "Total Liabilities And Share Holders Equity": {"2020-12-31": "9929.00000", "2020-09-30": "10168.00000", "2020-06-30": "10447.00000", "2020-03-31": "10690.00000", "2019-12-31": "13149.00000", "2019-09-30": "14005.00000", "2019-06-30": "14349.00000", "2019-03-31": "20002.00000", "2018-12-31": "19796.00000", "2018-09-30": "19893.00000", "2018-06-30": "19758.00000", "2018-03-31": "20010.00000", "2017-12-31": "20206.00000", "2017-09-30": "20934.00000", "2017-06-30": "20887.00000", "2017-03-31": "20904.00000", "2016-12-31": "21140.00000", "2016-09-30": "22194.00000", "2016-06-30": "23784.00000", "2016-03-31": "24754.00000", "2015-12-31": "25970.00000", "2015-09-30": "29628.00000", "2015-06-30": "31225.00000", "2015-03-31": "32424.00000", "2014-12-31": "33562.00000", "2014-09-30": "34270.00000", "2014-06-30": "33827.00000", "2014-03-31": "35480.00000", "2013-12-31": "34812.00000", "2013-09-30": "34673.00000", "2013-06-30": "33593.00000", "2013-03-31": "33556.00000", "2012-12-31": "31484.00000", "2012-09-30": "28662.00000", "2012-06-30": "27833.00000", "2012-03-31": "26287.00000", "2011-12-31": "25515.00000", "2011-09-30": "24544.00000", "2011-06-30": "23756.00000", "2011-03-31": "23156.00000", "2010-12-31": "23050.00000", "2010-09-30": "22231.00000", "2010-06-30": "21648.00000", "2010-03-31": "21466.00000", "2009-12-31": "21532.00000", "2009-09-30": "22362.00000", "2009-06-30": "21939.00000", "2009-03-31": "22080.00000", "2008-12-31": "21479.00000", "2008-09-30": "21734.90000", "2008-06-30": "21271.50000", "2008-03-31": "13100.50000", "2007-12-31": "12114.90000", "2007-09-30": "11345.80000", "2007-06-30": "10310.30000", "2007-03-31": "9670.10000", "2006-12-31": "9019.30000", "2006-09-30": "8191.40000", "2006-06-30": "7598.50000", "2006-03-31": "7009.50000", "2005-12-31": "6678.50000", "2005-09-30": "6368.00000", "2005-06-30": "6383.10000", "2005-03-31": "6236.90000"}}, "cash flow statement": {"Net Income/Loss": {"2020-12-31": "-2537.00000", "2019-12-31": "-6093.00000", "2018-12-31": "-22.00000", "2017-12-31": "-236.00000", "2016-12-31": "-2416.00000", "2015-12-31": "-767.00000", "2014-12-31": "2455.00000", "2013-12-31": "2181.00000", "2012-12-31": "2375.00000", "2011-12-31": "1985.00000", "2010-12-31": "1659.00000", "2009-12-31": "1473.00000", "2008-12-31": "1968.00000", "2007-12-31": "1353.00000", "2006-12-31": "684.00000", "2005-12-31": "286.90000"}, "Total Depreciation And Amortization - Cash Flow": {"2020-12-31": "1730.00000", "2019-12-31": "4145.00000", "2018-12-31": "690.00000", "2017-12-31": "698.00000", "2016-12-31": "1675.00000", "2015-12-31": "2436.00000", "2014-12-31": "882.00000", "2013-12-31": "738.00000", "2012-12-31": "616.00000", "2011-12-31": "555.00000", "2010-12-31": "507.00000", "2009-12-31": "490.00000", "2008-12-31": "402.00000", "2007-12-31": "214.00000", "2006-12-31": "160.60000", "2005-12-31": "114.60000"}, "Other Non-Cash Items": {"2020-12-31": "1733.00000", "2019-12-31": "2627.00000", "2018-12-31": "92.00000", "2017-12-31": "-78.00000", "2016-12-31": "657.00000", "2015-12-31": "129.00000", "2014-12-31": "71.00000", "2013-12-31": "128.00000", "2012-12-31": "33.00000", "2011-12-31": "-233.00000", "2010-12-31": "7.00000", "2009-12-31": "154.00000", "2008-12-31": "70.00000", "2007-12-31": "68.00000", "2006-12-31": "44.90000", "2005-12-31": "48.40000"}, "Total Non-Cash Items": {"2020-12-31": "3463.00000", "2019-12-31": "6772.00000", "2018-12-31": "782.00000", "2017-12-31": "620.00000", "2016-12-31": "2332.00000", "2015-12-31": "2565.00000", "2014-12-31": "953.00000", "2013-12-31": "866.00000", "2012-12-31": "649.00000", "2011-12-31": "322.00000", "2010-12-31": "514.00000", "2009-12-31": "644.00000", "2008-12-31": "472.00000", "2007-12-31": "282.00000", "2006-12-31": "205.50000", "2005-12-31": "163.00000"}, "Change In Accounts Receivable": {"2020-12-31": "", "2019-12-31": "275.00000", "2018-12-31": "-72.00000", "2017-12-31": "72.00000", "2016-12-31": "845.00000", "2015-12-31": "1091.00000", "2014-12-31": "-153.00000", "2013-12-31": "-516.00000", "2012-12-31": "-492.00000", "2011-12-31": "-696.00000", "2010-12-31": "-189.00000", "2009-12-31": "1033.00000", "2008-12-31": "-626.00000", "2007-12-31": "-465.00000", "2006-12-31": "-442.10000", "2005-12-31": "-293.90000"}, "Change In Inventories": {"2020-12-31": "", "2019-12-31": "104.00000", "2018-12-31": "-7.00000", "2017-12-31": "229.00000", "2016-12-31": "782.00000", "2015-12-31": "410.00000", "2014-12-31": "-710.00000", "2013-12-31": "238.00000", "2012-12-31": "-974.00000", "2011-12-31": "-591.00000", "2010-12-31": "39.00000", "2009-12-31": "468.00000", "2008-12-31": "-643.00000", "2007-12-31": "-758.00000", "2006-12-31": "-619.90000", "2005-12-31": "-215.40000"}, "Change In Accounts Payable": {"2020-12-31": "", "2019-12-31": "-19.00000", "2018-12-31": "196.00000", "2017-12-31": "86.00000", "2016-12-31": "-243.00000", "2015-12-31": "-570.00000", "2014-12-31": "95.00000", "2013-12-31": "18.00000", "2012-12-31": "40.00000", "2011-12-31": "205.00000", "2010-12-31": "40.00000", "2009-12-31": "-361.00000", "2008-12-31": "95.00000", "2007-12-31": "84.00000", "2006-12-31": "-93.50000", "2005-12-31": "68.10000"}, "Change In Assets/Liabilities": {"2020-12-31": "", "2019-12-31": "-106.00000", "2018-12-31": "-155.00000", "2017-12-31": "235.00000", "2016-12-31": "579.00000", "2015-12-31": "-93.00000", "2014-12-31": "-781.00000", "2013-12-31": "317.00000", "2012-12-31": "-570.00000", "2011-12-31": "635.00000", "2010-12-31": "-807.00000", "2009-12-31": "-1162.00000", "2008-12-31": "1028.00000", "2007-12-31": "692.00000", "2006-12-31": "1482.70000", "2005-12-31": "68.80000"}, "Total Change In Assets/Liabilities": {"2020-12-31": "", "2019-12-31": "35.00000", "2018-12-31": "-239.00000", "2017-12-31": "448.00000", "2016-12-31": "1044.00000", "2015-12-31": "-466.00000", "2014-12-31": "-794.00000", "2013-12-31": "350.00000", "2012-12-31": "-2404.00000", "2011-12-31": "-164.00000", "2010-12-31": "-631.00000", "2009-12-31": "-22.00000", "2008-12-31": "-146.00000", "2007-12-31": "-447.00000", "2006-12-31": "327.20000", "2005-12-31": "-372.40000"}, "Cash Flow From Operating Activities": {"2020-12-31": "926.00000", "2019-12-31": "714.00000", "2018-12-31": "521.00000", "2017-12-31": "832.00000", "2016-12-31": "960.00000", "2015-12-31": "1332.00000", "2014-12-31": "2614.00000", "2013-12-31": "3397.00000", "2012-12-31": "620.00000", "2011-12-31": "2143.00000", "2010-12-31": "1542.00000", "2009-12-31": "2095.00000", "2008-12-31": "2294.00000", "2007-12-31": "1188.00000", "2006-12-31": "1216.70000", "2005-12-31": "77.50000"}, "Net Change In Property, Plant, And Equipment": {"2020-12-31": "-226.00000", "2019-12-31": "-233.00000", "2018-12-31": "-244.00000", "2017-12-31": "-192.00000", "2016-12-31": "-284.00000", "2015-12-31": "-453.00000", "2014-12-31": "-699.00000", "2013-12-31": "-614.00000", "2012-12-31": "-569.00000", "2011-12-31": "-483.00000", "2010-12-31": "-232.00000", "2009-12-31": "-250.00000", "2008-12-31": "-379.00000", "2007-12-31": "-252.00000", "2006-12-31": "-200.40000", "2005-12-31": "-105.00000"}, "Net Change In Intangible Assets": {"2020-12-31": "", "2019-12-31": "", "2018-12-31": "", "2017-12-31": "", "2016-12-31": "", "2015-12-31": "", "2014-12-31": "", "2013-12-31": "", "2012-12-31": "", "2011-12-31": "", "2010-12-31": "", "2009-12-31": "", "2008-12-31": "", "2007-12-31": "", "2006-12-31": "", "2005-12-31": ""}, "Net Acquisitions/Divestitures": {"2020-12-31": "-14.00000", "2019-12-31": "-180.00000", "2018-12-31": "-280.00000", "2017-12-31": "-86.00000", "2016-12-31": "-230.00000", "2015-12-31": "-86.00000", "2014-12-31": "-291.00000", "2013-12-31": "-2397.00000", "2012-12-31": "-1767.00000", "2011-12-31": "-1038.00000", "2010-12-31": "-556.00000", "2009-12-31": "-322.00000", "2008-12-31": "-2207.00000", "2007-12-31": "-324.00000", "2006-12-31": "-329.70000", "2005-12-31": "147.50000"}, "Net Change In Short-term Investments": {"2020-12-31": "", "2019-12-31": "", "2018-12-31": "", "2017-12-31": "", "2016-12-31": "", "2015-12-31": "", "2014-12-31": "", "2013-12-31": "", "2012-12-31": "", "2011-12-31": "", "2010-12-31": "", "2009-12-31": "", "2008-12-31": "", "2007-12-31": "", "2006-12-31": "", "2005-12-31": ""}, "Net Change In Long-Term Investments": {"2020-12-31": "", "2019-12-31": "", "2018-12-31": "", "2017-12-31": "", "2016-12-31": "", "2015-12-31": "", "2014-12-31": "", "2013-12-31": "", "2012-12-31": "", "2011-12-31": "", "2010-12-31": "", "2009-12-31": "", "2008-12-31": "", "2007-12-31": "", "2006-12-31": "", "2005-12-31": ""}, "Net Change In Investments - Total": {"2020-12-31": "", "2019-12-31": "", "2018-12-31": "", "2017-12-31": "", "2016-12-31": "", "2015-12-31": "", "2014-12-31": "", "2013-12-31": "", "2012-12-31": "", "2011-12-31": "", "2010-12-31": "", "2009-12-31": "", "2008-12-31": "", "2007-12-31": "", "2006-12-31": "", "2005-12-31": ""}, "Investing Activities - Other": {"2020-12-31": "96.00000", "2019-12-31": "98.00000", "2018-12-31": "67.00000", "2017-12-31": "33.00000", "2016-12-31": "26.00000", "2015-12-31": "25.00000", "2014-12-31": "-114.00000", "2013-12-31": "47.00000", "2012-12-31": "-1092.00000", "2011-12-31": "63.00000", "2010-12-31": "45.00000", "2009-12-31": "20.00000", "2008-12-31": "113.00000", "2007-12-31": "1.00000", "2006-12-31": "", "2005-12-31": "-4.50000"}, "Cash Flow From Investing Activities": {"2020-12-31": "-144.00000", "2019-12-31": "-315.00000", "2018-12-31": "-457.00000", "2017-12-31": "-245.00000", "2016-12-31": "-488.00000", "2015-12-31": "-514.00000", "2014-12-31": "-1104.00000", "2013-12-31": "-2964.00000", "2012-12-31": "-3428.00000", "2011-12-31": "-1458.00000", "2010-12-31": "-743.00000", "2009-12-31": "-552.00000", "2008-12-31": "-2473.00000", "2007-12-31": "-575.00000", "2006-12-31": "-530.10000", "2005-12-31": "38.00000"}, "Net Long-Term Debt": {"2020-12-31": "", "2019-12-31": "-32.00000", "2018-12-31": "-8.00000", "2017-12-31": "-6.00000", "2016-12-31": "", "2015-12-31": "", "2014-12-31": "", "2013-12-31": "", "2012-12-31": "", "2011-12-31": "", "2010-12-31": "", "2009-12-31": "", "2008-12-31": "", "2007-12-31": "", "2006-12-31": "", "2005-12-31": ""}, "Net Current Debt": {"2020-12-31": "-181.00000", "2019-12-31": "-489.00000", "2018-12-31": "", "2017-12-31": "-500.00000", "2016-12-31": "-900.00000", "2015-12-31": "762.00000", "2014-12-31": "18.00000", "2013-12-31": "", "2012-12-31": "2638.00000", "2011-12-31": "-391.00000", "2010-12-31": "-13.00000", "2009-12-31": "-40.00000", "2008-12-31": "-189.00000", "2007-12-31": "36.00000", "2006-12-31": "-5.10000", "2005-12-31": "-152.30000"}, "Debt Issuance/Retirement Net - Total": {"2020-12-31": "-181.00000", "2019-12-31": "-521.00000", "2018-12-31": "-8.00000", "2017-12-31": "-506.00000", "2016-12-31": "-900.00000", "2015-12-31": "762.00000", "2014-12-31": "18.00000", "2013-12-31": "", "2012-12-31": "2638.00000", "2011-12-31": "-391.00000", "2010-12-31": "-13.00000", "2009-12-31": "-40.00000", "2008-12-31": "-189.00000", "2007-12-31": "36.00000", "2006-12-31": "-5.10000", "2005-12-31": "-152.30000"}, "Net Common Equity Issued/Repurchased": {"2020-12-31": "", "2019-12-31": "", "2018-12-31": "", "2017-12-31": "", "2016-12-31": "4.00000", "2015-12-31": "-2214.00000", "2014-12-31": "-671.00000", "2013-12-31": "58.00000", "2012-12-31": "113.00000", "2011-12-31": "96.00000", "2010-12-31": "73.00000", "2009-12-31": "8.00000", "2008-12-31": "78.00000", "2007-12-31": "91.00000", "2006-12-31": "32.70000", "2005-12-31": "111.90000"}, "Net Total Equity Issued/Repurchased": {"2020-12-31": "", "2019-12-31": "", "2018-12-31": "", "2017-12-31": "", "2016-12-31": "4.00000", "2015-12-31": "-2214.00000", "2014-12-31": "-671.00000", "2013-12-31": "58.00000", "2012-12-31": "113.00000", "2011-12-31": "96.00000", "2010-12-31": "73.00000", "2009-12-31": "8.00000", "2008-12-31": "78.00000", "2007-12-31": "91.00000", "2006-12-31": "32.70000", "2005-12-31": "111.90000"}, "Total Common And Preferred Stock Dividends Paid": {"2020-12-31": "-19.00000", "2019-12-31": "-77.00000", "2018-12-31": "-76.00000", "2017-12-31": "-76.00000", "2016-12-31": "-230.00000", "2015-12-31": "-710.00000", "2014-12-31": "-703.00000", "2013-12-31": "-389.00000", "2012-12-31": "-209.00000", "2011-12-31": "-191.00000", "2010-12-31": "-172.00000", "2009-12-31": "-460.00000", "2008-12-31": "", "2007-12-31": "", "2006-12-31": "", "2005-12-31": ""}, "Financial Activities - Other": {"2020-12-31": "-59.00000", "2019-12-31": "-49.00000", "2018-12-31": "54.00000", "2017-12-31": "-13.00000", "2016-12-31": "-15.00000", "2015-12-31": "-1.00000", "2014-12-31": "13.00000", "2013-12-31": "26.00000", "2012-12-31": "41.00000", "2011-12-31": "22.00000", "2010-12-31": "10.00000", "2009-12-31": "1.00000", "2008-12-31": "37.00000", "2007-12-31": "23.00000", "2006-12-31": "13.50000", "2005-12-31": ""}, "Cash Flow From Financial Activities": {"2020-12-31": "-259.00000", "2019-12-31": "-647.00000", "2018-12-31": "-30.00000", "2017-12-31": "-595.00000", "2016-12-31": "-1141.00000", "2015-12-31": "-2163.00000", "2014-12-31": "-1343.00000", "2013-12-31": "-305.00000", "2012-12-31": "2583.00000", "2011-12-31": "-464.00000", "2010-12-31": "-102.00000", "2009-12-31": "-491.00000", "2008-12-31": "-74.00000", "2007-12-31": "150.00000", "2006-12-31": "41.10000", "2005-12-31": "-40.40000"}, "Net Cash Flow": {"2020-12-31": "521.00000", "2019-12-31": "-256.00000", "2018-12-31": "-10.00000", "2017-12-31": "29.00000", "2016-12-31": "-672.00000", "2015-12-31": "-1456.00000", "2014-12-31": "100.00000", "2013-12-31": "117.00000", "2012-12-31": "-216.00000", "2011-12-31": "202.00000", "2010-12-31": "711.00000", "2009-12-31": "1079.00000", "2008-12-31": "-299.00000", "2007-12-31": "885.00000", "2006-12-31": "748.00000", "2005-12-31": "66.70000"}, "Stock-Based Compensation": {"2020-12-31": "", "2019-12-31": "130.00000", "2018-12-31": "110.00000", "2017-12-31": "124.00000", "2016-12-31": "107.00000", "2015-12-31": "109.00000", "2014-12-31": "101.00000", "2013-12-31": "92.00000", "2012-12-31": "80.00000", "2011-12-31": "73.00000", "2010-12-31": "66.00000", "2009-12-31": "68.00000", "2008-12-31": "67.00000", "2007-12-31": "43.00000", "2006-12-31": "31.20000", "2005-12-31": "15.60000"}, "Common Stock Dividends Paid": {"2020-12-31": "-19.00000", "2019-12-31": "-77.00000", "2018-12-31": "-76.00000", "2017-12-31": "-76.00000", "2016-12-31": "-230.00000", "2015-12-31": "-710.00000", "2014-12-31": "-703.00000", "2013-12-31": "-389.00000", "2012-12-31": "-209.00000", "2011-12-31": "-191.00000", "2010-12-31": "-172.00000", "2009-12-31": "-460.00000", "2008-12-31": "0.00000", "2007-12-31": "", "2006-12-31": "", "2005-12-31": ""}}, "cash flow statement, quarterly": {"Net Income/Loss": {"2020-12-31": -348, "2020-09-30": -53, "2020-06-30": -87, "2020-03-31": "-2049.00000", "2019-12-31": -385, "2019-09-30": -249, "2019-06-30": -5384, "2019-03-31": "-75.00000", "2018-12-31": 15, "2018-09-30": 4, "2018-06-30": 25, "2018-03-31": "-66.00000", "2017-12-31": -15, "2017-09-30": -27, "2017-06-30": -74, "2017-03-31": "-120.00000", "2016-12-31": -717, "2016-09-30": -1364, "2016-06-30": -217, "2016-03-31": "-118.00000", "2015-12-31": -1522, "2015-09-30": 156, "2015-06-30": 286, "2015-03-31": "313.00000", "2014-12-31": 597, "2014-09-30": 701, "2014-06-30": 609, "2014-03-31": "548.00000", "2013-12-31": 630, "2013-09-30": 598, "2013-06-30": 453, "2013-03-31": "500.00000", "2012-12-31": 560, "2012-09-30": 609, "2012-06-30": 602, "2012-03-31": "604.00000", "2011-12-31": 573, "2011-09-30": 528, "2011-06-30": 480, "2011-03-31": "404.00000", "2010-12-31": 437, "2010-09-30": 404, "2010-06-30": 399, "2010-03-31": "419.00000", "2009-12-31": 391, "2009-09-30": 387, "2009-06-30": 222, "2009-03-31": "473.00000", "2008-12-31": 590, "2008-09-30": 553, "2008-06-30": 425, "2008-03-31": "400.00000", "2007-12-31": 392.6, "2007-09-30": 366, "2007-06-30": 318.5, "2007-03-31": "275.90000", "2006-12-31": 239.2, "2006-09-30": 176.6, "2006-06-30": 147.9, "2006-03-31": "120.30000", "2005-12-31": 101.6, "2005-09-30": 88.5, "2005-06-30": 61.2, "2005-03-31": "35.60000"}, "Total Depreciation And Amortization - Cash Flow": {"2020-12-31": 82, "2020-09-30": 83, "2020-06-30": 82, "2020-03-31": "1483.00000", "2019-12-31": 526, "2019-09-30": 102, "2019-06-30": 3340, "2019-03-31": "177.00000", "2018-12-31": 171, "2018-09-30": 172, "2018-06-30": 174, "2018-03-31": "173.00000", "2017-12-31": 175, "2017-09-30": 174, "2017-06-30": 174, "2017-03-31": "175.00000", "2016-12-31": 174, "2016-09-30": 1148, "2016-06-30": 178, "2016-03-31": "175.00000", "2015-12-31": 1817, "2015-09-30": 239, "2015-06-30": 190, "2015-03-31": "190.00000", "2014-12-31": 303, "2014-09-30": 198, "2014-06-30": 190, "2014-03-31": "191.00000", "2013-12-31": 195, "2013-09-30": 187, "2013-06-30": 182, "2013-03-31": "174.00000", "2012-12-31": 154, "2012-09-30": 157, "2012-06-30": 157, "2012-03-31": "148.00000", "2011-12-31": 142, "2011-09-30": 140, "2011-06-30": 138, "2011-03-31": "135.00000", "2010-12-31": 129, "2010-09-30": 127, "2010-06-30": 124, "2010-03-31": "127.00000", "2009-12-31": 126, "2009-09-30": 126, "2009-06-30": 122, "2009-03-31": "116.00000", "2008-12-31": 118, "2008-09-30": 116, "2008-06-30": 107, "2008-03-31": "61.00000", "2007-12-31": 58.4, "2007-09-30": 56.4, "2007-06-30": 51.9, "2007-03-31": "47.30000", "2006-12-31": 41.9, "2006-09-30": 41.6, "2006-06-30": 38.7, "2006-03-31": "38.40000", "2005-12-31": 28.5, "2005-09-30": 34.8, "2005-06-30": 35, "2005-03-31": "16.30000"}, "Other Non-Cash Items": {"2020-12-31": 770, "2020-09-30": 52, "2020-06-30": 57, "2020-03-31": "854.00000", "2019-12-31": 78, "2019-09-30": 329, "2019-06-30": 2194, "2019-03-31": "26.00000", "2018-12-31": -53, "2018-09-30": 55, "2018-06-30": 68, "2018-03-31": "22.00000", "2017-12-31": -239, "2017-09-30": 50, "2017-06-30": 52, "2017-03-31": "59.00000", "2016-12-31": -522, "2016-09-30": 1253, "2016-06-30": -28, "2016-03-31": "-46.00000", "2015-12-31": -3, "2015-09-30": -74, "2015-06-30": 131, "2015-03-31": "75.00000", "2014-12-31": -193, "2014-09-30": 65, "2014-06-30": 97, "2014-03-31": "102.00000", "2013-12-31": -89, "2013-09-30": 141, "2013-06-30": 110, "2013-03-31": "-34.00000", "2012-12-31": -101, "2012-09-30": 15, "2012-06-30": 17, "2012-03-31": "102.00000", "2011-12-31": -135, "2011-09-30": -144, "2011-06-30": -48, "2011-03-31": "94.00000", "2010-12-31": -17, "2010-09-30": 101, "2010-06-30": -209, "2010-03-31": "132.00000", "2009-12-31": 19, "2009-09-30": -49, "2009-06-30": 161, "2009-03-31": "23.00000", "2008-12-31": 108, "2008-09-30": -28, "2008-06-30": -30, "2008-03-31": "20.00000", "2007-12-31": 26.4, "2007-09-30": 40, "2007-06-30": -1.3, "2007-03-31": "2.90000", "2006-12-31": 47.4, "2006-09-30": -4.4, "2006-06-30": 6, "2006-03-31": "-4.10000", "2005-12-31": -1.3, "2005-09-30": 39.2, "2005-06-30": -4.8, "2005-03-31": "15.30000"}, "Total Non-Cash Items": {"2020-12-31": 852, "2020-09-30": 135, "2020-06-30": 139, "2020-03-31": "2337.00000", "2019-12-31": 604, "2019-09-30": 431, "2019-06-30": 5534, "2019-03-31": "203.00000", "2018-12-31": 118, "2018-09-30": 227, "2018-06-30": 242, "2018-03-31": "195.00000", "2017-12-31": -64, "2017-09-30": 224, "2017-06-30": 226, "2017-03-31": "234.00000", "2016-12-31": -348, "2016-09-30": 2401, "2016-06-30": 150, "2016-03-31": "129.00000", "2015-12-31": 1814, "2015-09-30": 165, "2015-06-30": 321, "2015-03-31": "265.00000", "2014-12-31": 110, "2014-09-30": 263, "2014-06-30": 287, "2014-03-31": "293.00000", "2013-12-31": 106, "2013-09-30": 328, "2013-06-30": 292, "2013-03-31": "140.00000", "2012-12-31": 53, "2012-09-30": 172, "2012-06-30": 174, "2012-03-31": "250.00000", "2011-12-31": 7, "2011-09-30": -4, "2011-06-30": 90, "2011-03-31": "229.00000", "2010-12-31": 112, "2010-09-30": 228, "2010-06-30": -85, "2010-03-31": "259.00000", "2009-12-31": 145, "2009-09-30": 77, "2009-06-30": 283, "2009-03-31": "139.00000", "2008-12-31": 226, "2008-09-30": 88, "2008-06-30": 77, "2008-03-31": "81.00000", "2007-12-31": 84.8, "2007-09-30": 96.4, "2007-06-30": 50.6, "2007-03-31": "50.20000", "2006-12-31": 89.3, "2006-09-30": 37.2, "2006-06-30": 44.7, "2006-03-31": "34.30000", "2005-12-31": 27.2, "2005-09-30": 74, "2005-06-30": 30.2, "2005-03-31": "31.60000"}, "Change In Accounts Receivable": {"2020-12-31": -469, "2020-09-30": 113, "2020-06-30": 383, "2020-03-31": "-27.00000", "2019-12-31": -63, "2019-09-30": 194, "2019-06-30": -182, "2019-03-31": "326.00000", "2018-12-31": -109, "2018-09-30": -50, "2018-06-30": 166, "2018-03-31": "-79.00000", "2017-12-31": 59, "2017-09-30": 22, "2017-06-30": -110, "2017-03-31": "101.00000", "2016-12-31": 845, "2016-09-30": -858, "2016-06-30": 152, "2016-03-31": "706.00000", "2015-12-31": 46, "2015-09-30": 138, "2015-06-30": 538, "2015-03-31": "369.00000", "2014-12-31": 48, "2014-09-30": -78, "2014-06-30": 202, "2014-03-31": "-325.00000", "2013-12-31": -151, "2013-09-30": -361, "2013-06-30": -212, "2013-03-31": "208.00000", "2012-12-31": -241, "2012-09-30": -89, "2012-06-30": -122, "2012-03-31": "-40.00000", "2011-12-31": -50, "2011-09-30": -267, "2011-06-30": -58, "2011-03-31": "-321.00000", "2010-12-31": 49, "2010-09-30": -33, "2010-06-30": -279, "2010-03-31": "74.00000", "2009-12-31": 54, "2009-09-30": 389, "2009-06-30": 363, "2009-03-31": "227.00000", "2008-12-31": -30, "2008-09-30": -89, "2008-06-30": -354, "2008-03-31": "-153.00000", "2007-12-31": 70.6, "2007-09-30": -271.6, "2007-06-30": -194.1, "2007-03-31": "-69.90000", "2006-12-31": -186.6, "2006-09-30": -126.8, "2006-06-30": -63.4, "2006-03-31": "-65.30000", "2005-12-31": -161.6, "2005-09-30": -122.7, "2005-06-30": 10.3, "2005-03-31": "-19.90000"}, "Change In Inventories": {"2020-12-31": -288, "2020-09-30": 165, "2020-06-30": 76, "2020-03-31": "47.00000", "2019-12-31": 273, "2019-09-30": 24, "2019-06-30": -41, "2019-03-31": "-152.00000", "2018-12-31": 186, "2018-09-30": -43, "2018-06-30": -4, "2018-03-31": "-146.00000", "2017-12-31": 126, "2017-09-30": -19, "2017-06-30": 57, "2017-03-31": "65.00000", "2016-12-31": 352, "2016-09-30": 110, "2016-06-30": 208, "2016-03-31": "112.00000", "2015-12-31": 416, "2015-09-30": 186, "2015-06-30": -66, "2015-03-31": "-126.00000", "2014-12-31": 107, "2014-09-30": -301, "2014-06-30": -415, "2014-03-31": "-101.00000", "2013-12-31": 366, "2013-09-30": -74, "2013-06-30": -41, "2013-03-31": "-13.00000", "2012-12-31": 178, "2012-09-30": -367, "2012-06-30": -293, "2012-03-31": "-492.00000", "2011-12-31": -61, "2011-09-30": -167, "2011-06-30": -163, "2011-03-31": "-200.00000", "2010-12-31": 140, "2010-09-30": -130, "2010-06-30": -38, "2010-03-31": "67.00000", "2009-12-31": 365, "2009-09-30": 28, "2009-06-30": 114, "2009-03-31": "-39.00000", "2008-12-31": -193, "2008-09-30": -153, "2008-06-30": -73, "2008-03-31": "-224.00000", "2007-12-31": -338.1, "2007-09-30": -9.6, "2007-06-30": -242.4, "2007-03-31": "-167.90000", "2006-12-31": -105.8, "2006-09-30": -176, "2006-06-30": -182.9, "2006-03-31": "-155.20000", "2005-12-31": -118.5, "2005-09-30": -40, "2005-06-30": -34.8, "2005-03-31": "-22.10000"}, "Change In Accounts Payable": {"2020-12-31": 240, "2020-09-30": -80, "2020-06-30": -106, "2020-03-31": "-54.00000", "2019-12-31": 1, "2019-09-30": 13, "2019-06-30": 16, "2019-03-31": "-49.00000", "2018-12-31": 44, "2018-09-30": 64, "2018-06-30": 74, "2018-03-31": "14.00000", "2017-12-31": 50, "2017-09-30": -1, "2017-06-30": 63, "2017-03-31": "-26.00000", "2016-12-31": -13, "2016-09-30": -40, "2016-06-30": -33, "2016-03-31": "-157.00000", "2015-12-31": -110, "2015-09-30": -117, "2015-06-30": -142, "2015-03-31": "-201.00000", "2014-12-31": -91, "2014-09-30": 85, "2014-06-30": 34, "2014-03-31": "67.00000", "2013-12-31": 17, "2013-09-30": 48, "2013-06-30": -39, "2013-03-31": "-8.00000", "2012-12-31": -125, "2012-09-30": 58, "2012-06-30": 5, "2012-03-31": "102.00000", "2011-12-31": 59, "2011-09-30": 58, "2011-06-30": 73, "2011-03-31": "15.00000", "2010-12-31": 39, "2010-09-30": -12, "2010-06-30": 59, "2010-03-31": "-46.00000", "2009-12-31": 23, "2009-09-30": -232, "2009-06-30": -155, "2009-03-31": "3.00000", "2008-12-31": -106, "2008-09-30": 179, "2008-06-30": -33, "2008-03-31": "55.00000", "2007-12-31": -12, "2007-09-30": 17.9, "2007-06-30": 10.9, "2007-03-31": "67.20000", "2006-12-31": -393.5, "2006-09-30": 78.7, "2006-06-30": 183.9, "2006-03-31": "37.40000", "2005-12-31": 91.7, "2005-09-30": -53.1, "2005-06-30": 19.9, "2005-03-31": "9.60000"}, "Change In Assets/Liabilities": {"2020-12-31": 104, "2020-09-30": -18, "2020-06-30": -28, "2020-03-31": "-58.00000", "2019-12-31": 22, "2019-09-30": -59, "2019-06-30": -57, "2019-03-31": "-12.00000", "2018-12-31": -152, "2018-09-30": -76, "2018-06-30": -205, "2018-03-31": "278.00000", "2017-12-31": 217, "2017-09-30": 5, "2017-06-30": 43, "2017-03-31": "-30.00000", "2016-12-31": 60, "2016-09-30": -2, "2016-06-30": 276, "2016-03-31": "245.00000", "2015-12-31": 240, "2015-09-30": 12, "2015-06-30": -62, "2015-03-31": "-283.00000", "2014-12-31": -1079, "2014-09-30": -157, "2014-06-30": 370, "2014-03-31": "85.00000", "2013-12-31": 170, "2013-09-30": 458, "2013-06-30": 61, "2013-03-31": "-372.00000", "2012-12-31": 214, "2012-09-30": -234, "2012-06-30": -62, "2012-03-31": "-488.00000", "2011-12-31": -209, "2011-09-30": 261, "2011-06-30": 735, "2011-03-31": "-152.00000", "2010-12-31": -256, "2010-09-30": -4, "2010-06-30": 131, "2010-03-31": "-678.00000", "2009-12-31": -852, "2009-09-30": 35, "2009-06-30": -327, "2009-03-31": "-18.00000", "2008-12-31": 101, "2008-09-30": -116, "2008-06-30": 599, "2008-03-31": "444.00000", "2007-12-31": 261.8, "2007-09-30": 214.1, "2007-06-30": 107.4, "2007-03-31": "108.70000", "2006-12-31": 879.4, "2006-09-30": 339.6, "2006-06-30": 148.6, "2006-03-31": "115.10000", "2005-12-31": 161, "2005-09-30": 50.1, "2005-06-30": -65, "2005-03-31": "-77.30000"}, "Total Change In Assets/Liabilities": {"2020-12-31": -318, "2020-09-30": 241, "2020-06-30": 326, "2020-03-31": "-249.00000", "2019-12-31": 254, "2019-09-30": 170, "2019-06-30": -223, "2019-03-31": "-166.00000", "2018-12-31": 88, "2018-09-30": -41, "2018-06-30": -28, "2018-03-31": "-258.00000", "2017-12-31": 400, "2017-09-30": 35, "2017-06-30": 16, "2017-03-31": "-3.00000", "2016-12-31": 1218, "2016-09-30": -979, "2016-06-30": 195, "2016-03-31": "610.00000", "2015-12-31": 322, "2015-09-30": 89, "2015-06-30": -413, "2015-03-31": "-464.00000", "2014-12-31": 29, "2014-09-30": -445, "2014-06-30": -25, "2014-03-31": "-353.00000", "2013-12-31": 782, "2013-09-30": 83, "2013-06-30": -381, "2013-03-31": "-134.00000", "2012-12-31": 187, "2012-09-30": -644, "2012-06-30": -1029, "2012-03-31": "-918.00000", "2011-12-31": 42, "2011-09-30": 110, "2011-06-30": 342, "2011-03-31": "-658.00000", "2010-12-31": 258, "2010-09-30": -179, "2010-06-30": -127, "2010-03-31": "-583.00000", "2009-12-31": -410, "2009-09-30": 220, "2009-06-30": -5, "2009-03-31": "173.00000", "2008-12-31": -228, "2008-09-30": -179, "2008-06-30": 139, "2008-03-31": "122.00000", "2007-12-31": -17.7, "2007-09-30": -49.2, "2007-06-30": -318.2, "2007-03-31": "-61.90000", "2006-12-31": 193.5, "2006-09-30": 115.5, "2006-06-30": 86.2, "2006-03-31": "-68.00000", "2005-12-31": -27.4, "2005-09-30": -165.7, "2005-06-30": -69.6, "2005-03-31": "-109.70000"}, "Cash Flow From Operating Activities": {"2020-12-31": 186, "2020-09-30": 323, "2020-06-30": 378, "2020-03-31": "39.00000", "2019-12-31": 473, "2019-09-30": 352, "2019-06-30": -73, "2019-03-31": "-38.00000", "2018-12-31": 221, "2018-09-30": 190, "2018-06-30": 239, "2018-03-31": "-129.00000", "2017-12-31": 321, "2017-09-30": 232, "2017-06-30": 168, "2017-03-31": "111.00000", "2016-12-31": 153, "2016-09-30": 58, "2016-06-30": 128, "2016-03-31": "621.00000", "2015-12-31": 614, "2015-09-30": 410, "2015-06-30": 194, "2015-03-31": "114.00000", "2014-12-31": 736, "2014-09-30": 519, "2014-06-30": 871, "2014-03-31": "488.00000", "2013-12-31": 1518, "2013-09-30": 1009, "2013-06-30": 364, "2013-03-31": "506.00000", "2012-12-31": 800, "2012-09-30": 137, "2012-06-30": -253, "2012-03-31": "-64.00000", "2011-12-31": 622, "2011-09-30": 634, "2011-06-30": 912, "2011-03-31": "-25.00000", "2010-12-31": 807, "2010-09-30": 453, "2010-06-30": 187, "2010-03-31": "95.00000", "2009-12-31": 126, "2009-09-30": 684, "2009-06-30": 500, "2009-03-31": "785.00000", "2008-12-31": 588, "2008-09-30": 462, "2008-06-30": 641, "2008-03-31": "603.00000", "2007-12-31": 459.7, "2007-09-30": 413.2, "2007-06-30": 50.9, "2007-03-31": "264.20000", "2006-12-31": 522, "2006-09-30": 329.3, "2006-06-30": 278.8, "2006-03-31": "86.60000", "2005-12-31": 101.4, "2005-09-30": -3.2, "2005-06-30": 21.8, "2005-03-31": "-42.50000"}, "Net Change In Property, Plant, And Equipment": {"2020-12-31": -53, "2020-09-30": -49, "2020-06-30": -56, "2020-03-31": "-68.00000", "2019-12-31": -67, "2019-09-30": -69, "2019-06-30": -54, "2019-03-31": "-43.00000", "2018-12-31": -71, "2018-09-30": -71, "2018-06-30": -63, "2018-03-31": "-39.00000", "2017-12-31": -65, "2017-09-30": -42, "2017-06-30": -43, "2017-03-31": "-42.00000", "2016-12-31": -63, "2016-09-30": -60, "2016-06-30": -77, "2016-03-31": "-84.00000", "2015-12-31": -121, "2015-09-30": -98, "2015-06-30": -104, "2015-03-31": "-130.00000", "2014-12-31": -231, "2014-09-30": -168, "2014-06-30": -175, "2014-03-31": "-125.00000", "2013-12-31": -180, "2013-09-30": -150, "2013-06-30": -116, "2013-03-31": "-168.00000", "2012-12-31": -187, "2012-09-30": -129, "2012-06-30": -140, "2012-03-31": "-113.00000", "2011-12-31": -166, "2011-09-30": -125, "2011-06-30": -113, "2011-03-31": "-79.00000", "2010-12-31": -92, "2010-09-30": -62, "2010-06-30": -47, "2010-03-31": "-31.00000", "2009-12-31": -64, "2009-09-30": -43, "2009-06-30": -64, "2009-03-31": "-79.00000", "2008-12-31": -115, "2008-09-30": -104, "2008-06-30": -106, "2008-03-31": "-54.00000", "2007-12-31": -74.6, "2007-09-30": -55.8, "2007-06-30": -73.6, "2007-03-31": "-48.00000", "2006-12-31": -61.8, "2006-09-30": -55.9, "2006-06-30": -52.5, "2006-03-31": "-30.20000", "2005-12-31": -37.2, "2005-09-30": -29.3, "2005-06-30": -28.5, "2005-03-31": "-10.00000"}, "Net Change In Intangible Assets": {"2020-12-31": 0, "2020-09-30": 0, "2020-06-30": 0, "2020-03-31": "", "2019-12-31": 0, "2019-09-30": 0, "2019-06-30": 0, "2019-03-31": "", "2018-12-31": 0, "2018-09-30": 0, "2018-06-30": 0, "2018-03-31": "", "2017-12-31": 0, "2017-09-30": 0, "2017-06-30": 0, "2017-03-31": "", "2016-12-31": 0, "2016-09-30": 0, "2016-06-30": 0, "2016-03-31": "", "2015-12-31": 0, "2015-09-30": 0, "2015-06-30": 0, "2015-03-31": "", "2014-12-31": 0, "2014-09-30": 0, "2014-06-30": 0, "2014-03-31": "", "2013-12-31": 0, "2013-09-30": 0, "2013-06-30": 0, "2013-03-31": "", "2012-12-31": 0, "2012-09-30": 0, "2012-06-30": 0, "2012-03-31": "", "2011-12-31": 0, "2011-09-30": 0, "2011-06-30": 0, "2011-03-31": "", "2010-12-31": 0, "2010-09-30": 0, "2010-06-30": 0, "2010-03-31": "", "2009-12-31": 0, "2009-09-30": 0, "2009-06-30": 0, "2009-03-31": "", "2008-12-31": 0, "2008-09-30": 0, "2008-06-30": 0, "2008-03-31": "", "2007-12-31": 0, "2007-09-30": 0, "2007-06-30": 0, "2007-03-31": "", "2006-12-31": 0, "2006-09-30": 0, "2006-06-30": 0, "2006-03-31": "", "2005-12-31": 0, "2005-09-30": 0, "2005-06-30": 0, "2005-03-31": ""}, "Net Acquisitions/Divestitures": {"2020-12-31": -14, "2020-09-30": 0, "2020-06-30": 0, "2020-03-31": "", "2019-12-31": 0, "2019-09-30": -115, "2019-06-30": 0, "2019-03-31": "-65.00000", "2018-12-31": 0, "2018-09-30": 0, "2018-06-30": -244, "2018-03-31": "-36.00000", "2017-12-31": -1, "2017-09-30": -3, "2017-06-30": -76, "2017-03-31": "-6.00000", "2016-12-31": -170, "2016-09-30": -24, "2016-06-30": -15, "2016-03-31": "-21.00000", "2015-12-31": -16, "2015-09-30": -26, "2015-06-30": -21, "2015-03-31": "-23.00000", "2014-12-31": -110, "2014-09-30": -79, "2014-06-30": -100, "2014-03-31": "-2.00000", "2013-12-31": 0, "2013-09-30": -7, "2013-06-30": -15, "2013-03-31": "-2375.00000", "2012-12-31": 538, "2012-09-30": -291, "2012-06-30": -1956, "2012-03-31": "-58.00000", "2011-12-31": -723, "2011-09-30": -56, "2011-06-30": -208, "2011-03-31": "-51.00000", "2010-12-31": -487, "2010-09-30": -7, "2010-06-30": -16, "2010-03-31": "-46.00000", "2009-12-31": -181, "2009-09-30": 248, "2009-06-30": -389, "2009-03-31": "", "2008-12-31": -20, "2008-09-30": -26, "2008-06-30": -2032, "2008-03-31": "-129.00000", "2007-12-31": -36.6, "2007-09-30": -50, "2007-06-30": -199.3, "2007-03-31": "-38.10000", "2006-12-31": -300, "2006-09-30": -7.3, "2006-06-30": -1.4, "2006-03-31": "-21.00000", "2005-12-31": -16, "2005-09-30": 0, "2005-06-30": 4.7, "2005-03-31": "158.80000"}, "Net Change In Short-term Investments": {"2020-12-31": 0, "2020-09-30": 0, "2020-06-30": 0, "2020-03-31": "", "2019-12-31": 0, "2019-09-30": 0, "2019-06-30": 0, "2019-03-31": "", "2018-12-31": 0, "2018-09-30": 0, "2018-06-30": 0, "2018-03-31": "", "2017-12-31": 0, "2017-09-30": 0, "2017-06-30": 0, "2017-03-31": "", "2016-12-31": 0, "2016-09-30": 0, "2016-06-30": 0, "2016-03-31": "", "2015-12-31": 0, "2015-09-30": 0, "2015-06-30": 0, "2015-03-31": "", "2014-12-31": 0, "2014-09-30": 0, "2014-06-30": 0, "2014-03-31": "", "2013-12-31": 0, "2013-09-30": 0, "2013-06-30": 0, "2013-03-31": "", "2012-12-31": 0, "2012-09-30": 0, "2012-06-30": 0, "2012-03-31": "", "2011-12-31": 0, "2011-09-30": 0, "2011-06-30": 0, "2011-03-31": "", "2010-12-31": 0, "2010-09-30": 0, "2010-06-30": 0, "2010-03-31": "", "2009-12-31": 0, "2009-09-30": 0, "2009-06-30": 0, "2009-03-31": "", "2008-12-31": 0, "2008-09-30": 0, "2008-06-30": 0, "2008-03-31": "", "2007-12-31": 0, "2007-09-30": 0, "2007-06-30": 0, "2007-03-31": "", "2006-12-31": 0, "2006-09-30": 0, "2006-06-30": 0, "2006-03-31": "", "2005-12-31": 0, "2005-09-30": 0, "2005-06-30": 0, "2005-03-31": ""}, "Net Change In Long-Term Investments": {"2020-12-31": 0, "2020-09-30": 0, "2020-06-30": 0, "2020-03-31": "", "2019-12-31": 0, "2019-09-30": 0, "2019-06-30": 0, "2019-03-31": "", "2018-12-31": 0, "2018-09-30": 0, "2018-06-30": 0, "2018-03-31": "", "2017-12-31": 0, "2017-09-30": 0, "2017-06-30": 0, "2017-03-31": "", "2016-12-31": 0, "2016-09-30": 0, "2016-06-30": 0, "2016-03-31": "", "2015-12-31": 0, "2015-09-30": 0, "2015-06-30": 0, "2015-03-31": "", "2014-12-31": 0, "2014-09-30": 0, "2014-06-30": 0, "2014-03-31": "", "2013-12-31": 0, "2013-09-30": 0, "2013-06-30": 0, "2013-03-31": "", "2012-12-31": 0, "2012-09-30": 0, "2012-06-30": 0, "2012-03-31": "", "2011-12-31": 0, "2011-09-30": 0, "2011-06-30": 0, "2011-03-31": "", "2010-12-31": 0, "2010-09-30": 0, "2010-06-30": 0, "2010-03-31": "", "2009-12-31": 0, "2009-09-30": 0, "2009-06-30": 0, "2009-03-31": "", "2008-12-31": 0, "2008-09-30": 0, "2008-06-30": 0, "2008-03-31": "", "2007-12-31": 0, "2007-09-30": 0, "2007-06-30": 0, "2007-03-31": "", "2006-12-31": 0, "2006-09-30": 0, "2006-06-30": 0, "2006-03-31": "", "2005-12-31": 0, "2005-09-30": 0, "2005-06-30": 0, "2005-03-31": ""}, "Net Change In Investments - Total": {"2020-12-31": 0, "2020-09-30": 0, "2020-06-30": 0, "2020-03-31": "", "2019-12-31": 0, "2019-09-30": 0, "2019-06-30": 0, "2019-03-31": "", "2018-12-31": 0, "2018-09-30": 0, "2018-06-30": 0, "2018-03-31": "", "2017-12-31": 0, "2017-09-30": 0, "2017-06-30": 0, "2017-03-31": "", "2016-12-31": 0, "2016-09-30": 0, "2016-06-30": 0, "2016-03-31": "", "2015-12-31": 0, "2015-09-30": 0, "2015-06-30": 0, "2015-03-31": "", "2014-12-31": 0, "2014-09-30": 0, "2014-06-30": 0, "2014-03-31": "", "2013-12-31": 0, "2013-09-30": 0, "2013-06-30": 0, "2013-03-31": "", "2012-12-31": 0, "2012-09-30": 0, "2012-06-30": 0, "2012-03-31": "", "2011-12-31": 0, "2011-09-30": 0, "2011-06-30": 0, "2011-03-31": "", "2010-12-31": 0, "2010-09-30": 0, "2010-06-30": 0, "2010-03-31": "", "2009-12-31": 0, "2009-09-30": 0, "2009-06-30": 0, "2009-03-31": "", "2008-12-31": 0, "2008-09-30": 0, "2008-06-30": 0, "2008-03-31": "", "2007-12-31": 0, "2007-09-30": 0, "2007-06-30": 0, "2007-03-31": "", "2006-12-31": 0, "2006-09-30": 0, "2006-06-30": 0, "2006-03-31": "", "2005-12-31": 0, "2005-09-30": 0, "2005-06-30": 0, "2005-03-31": ""}, "Investing Activities - Other": {"2020-12-31": 83, "2020-09-30": 0, "2020-06-30": -2, "2020-03-31": "15.00000", "2019-12-31": 20, "2019-09-30": 72, "2019-06-30": 5, "2019-03-31": "1.00000", "2018-12-31": 6, "2018-09-30": 39, "2018-06-30": 8, "2018-03-31": "14.00000", "2017-12-31": 5, "2017-09-30": 9, "2017-06-30": 13, "2017-03-31": "6.00000", "2016-12-31": 22, "2016-09-30": 1, "2016-06-30": 1, "2016-03-31": "2.00000", "2015-12-31": 1, "2015-09-30": 18, "2015-06-30": 2, "2015-03-31": "4.00000", "2014-12-31": 34, "2014-09-30": 104, "2014-06-30": -253, "2014-03-31": "1.00000", "2013-12-31": 28, "2013-09-30": 9, "2013-06-30": 2, "2013-03-31": "8.00000", "2012-12-31": -1116, "2012-09-30": 7, "2012-06-30": 6, "2012-03-31": "11.00000", "2011-12-31": 7, "2011-09-30": 29, "2011-06-30": 20, "2011-03-31": "7.00000", "2010-12-31": 6, "2010-09-30": 7, "2010-06-30": 20, "2010-03-31": "12.00000", "2009-12-31": 12, "2009-09-30": 0, "2009-06-30": 8, "2009-03-31": "", "2008-12-31": 1, "2008-09-30": 0, "2008-06-30": 112, "2008-03-31": "", "2007-12-31": -0.5, "2007-09-30": 0.9, "2007-06-30": 0.3, "2007-03-31": "0.30000", "2006-12-31": -0.1, "2006-09-30": 0, "2006-06-30": 0.1, "2006-03-31": "", "2005-12-31": 5.3, "2005-09-30": -12.6, "2005-06-30": -0.5, "2005-03-31": "3.30000"}, "Cash Flow From Investing Activities": {"2020-12-31": 16, "2020-09-30": -49, "2020-06-30": -58, "2020-03-31": "-53.00000", "2019-12-31": -47, "2019-09-30": -112, "2019-06-30": -49, "2019-03-31": "-107.00000", "2018-12-31": -65, "2018-09-30": -32, "2018-06-30": -299, "2018-03-31": "-61.00000", "2017-12-31": -61, "2017-09-30": -36, "2017-06-30": -106, "2017-03-31": "-42.00000", "2016-12-31": -211, "2016-09-30": -83, "2016-06-30": -91, "2016-03-31": "-103.00000", "2015-12-31": -136, "2015-09-30": -106, "2015-06-30": -123, "2015-03-31": "-149.00000", "2014-12-31": -307, "2014-09-30": -143, "2014-06-30": -528, "2014-03-31": "-126.00000", "2013-12-31": -152, "2013-09-30": -148, "2013-06-30": -129, "2013-03-31": "-2535.00000", "2012-12-31": -765, "2012-09-30": -413, "2012-06-30": -2090, "2012-03-31": "-160.00000", "2011-12-31": -882, "2011-09-30": -152, "2011-06-30": -301, "2011-03-31": "-123.00000", "2010-12-31": -573, "2010-09-30": -62, "2010-06-30": -43, "2010-03-31": "-65.00000", "2009-12-31": -233, "2009-09-30": 205, "2009-06-30": -445, "2009-03-31": "-79.00000", "2008-12-31": -134, "2008-09-30": -130, "2008-06-30": -2026, "2008-03-31": "-183.00000", "2007-12-31": -111.7, "2007-09-30": -104.9, "2007-06-30": -272.6, "2007-03-31": "-85.80000", "2006-12-31": -361.9, "2006-09-30": -63.2, "2006-06-30": -53.8, "2006-03-31": "-51.20000", "2005-12-31": -47.9, "2005-09-30": -41.9, "2005-06-30": -24.3, "2005-03-31": "152.10000"}, "Net Long-Term Debt": {"2020-12-31": 0, "2020-09-30": 0, "2020-06-30": 0, "2020-03-31": "", "2019-12-31": -32, "2019-09-30": 0, "2019-06-30": 0, "2019-03-31": "", "2018-12-31": -8, "2018-09-30": 0, "2018-06-30": 0, "2018-03-31": "", "2017-12-31": -6, "2017-09-30": 0, "2017-06-30": 0, "2017-03-31": "", "2016-12-31": 0, "2016-09-30": 0, "2016-06-30": 0, "2016-03-31": "", "2015-12-31": 0, "2015-09-30": 0, "2015-06-30": 0, "2015-03-31": "", "2014-12-31": 155, "2014-09-30": -4, "2014-06-30": -150, "2014-03-31": "-1.00000", "2013-12-31": 1758, "2013-09-30": -1172, "2013-06-30": -400, "2013-03-31": "-186.00000", "2012-12-31": 3, "2012-09-30": -1, "2012-06-30": -1, "2012-03-31": "-1.00000", "2011-12-31": 374, "2011-09-30": -2, "2011-06-30": -202, "2011-03-31": "-170.00000", "2010-12-31": 13, "2010-09-30": -4, "2010-06-30": -7, "2010-03-31": "-2.00000", "2009-12-31": 35, "2009-09-30": -1, "2009-06-30": -34, "2009-03-31": "", "2008-12-31": 0, "2008-09-30": 0, "2008-06-30": 0, "2008-03-31": "", "2007-12-31": 0, "2007-09-30": 0, "2007-06-30": 0, "2007-03-31": "", "2006-12-31": 0, "2006-09-30": 0, "2006-06-30": 0, "2006-03-31": "", "2005-12-31": 0, "2005-09-30": 0, "2005-06-30": 0, "2005-03-31": ""}, "Net Current Debt": {"2020-12-31": 0, "2020-09-30": -206, "2020-06-30": 25, "2020-03-31": "", "2019-12-31": -489, "2019-09-30": 0, "2019-06-30": 0, "2019-03-31": "", "2018-12-31": 0, "2018-09-30": 0, "2018-06-30": 0, "2018-03-31": "", "2017-12-31": -496, "2017-09-30": -1, "2017-06-30": -1, "2017-03-31": "-2.00000", "2016-12-31": -3, "2016-09-30": -112, "2016-06-30": -101, "2016-03-31": "-684.00000", "2015-12-31": -53, "2015-09-30": -324, "2015-06-30": 60, "2015-03-31": "1079.00000", "2014-12-31": -135, "2014-09-30": 2, "2014-06-30": 151, "2014-03-31": "", "2013-12-31": -2357, "2013-09-30": 801, "2013-06-30": 170, "2013-03-31": "1386.00000", "2012-12-31": 1619, "2012-09-30": 80, "2012-06-30": 939, "2012-03-31": "", "2011-12-31": -391, "2011-09-30": 0, "2011-06-30": 0, "2011-03-31": "", "2010-12-31": -15, "2010-09-30": 2, "2010-06-30": 0, "2010-03-31": "", "2009-12-31": -47, "2009-09-30": 7, "2009-06-30": 0, "2009-03-31": "", "2008-12-31": -636, "2008-09-30": -202, "2008-06-30": 795, "2008-03-31": "-146.00000", "2007-12-31": 44, "2007-09-30": -3.2, "2007-06-30": -3.7, "2007-03-31": "-1.10000", "2006-12-31": -3.8, "2006-09-30": 0.7, "2006-06-30": 0.1, "2006-03-31": "-2.10000", "2005-12-31": -5.7, "2005-09-30": -145.7, "2005-06-30": -8.8, "2005-03-31": "7.90000"}, "Debt Issuance/Retirement Net - Total": {"2020-12-31": 0, "2020-09-30": -206, "2020-06-30": 25, "2020-03-31": "", "2019-12-31": -521, "2019-09-30": 0, "2019-06-30": 0, "2019-03-31": "", "2018-12-31": -8, "2018-09-30": 0, "2018-06-30": 0, "2018-03-31": "", "2017-12-31": -502, "2017-09-30": -1, "2017-06-30": -1, "2017-03-31": "-2.00000", "2016-12-31": -3, "2016-09-30": -112, "2016-06-30": -101, "2016-03-31": "-684.00000", "2015-12-31": -53, "2015-09-30": -324, "2015-06-30": 60, "2015-03-31": "1079.00000", "2014-12-31": 20, "2014-09-30": -2, "2014-06-30": 1, "2014-03-31": "-1.00000", "2013-12-31": -599, "2013-09-30": -371, "2013-06-30": -230, "2013-03-31": "1200.00000", "2012-12-31": 1622, "2012-09-30": 79, "2012-06-30": 938, "2012-03-31": "-1.00000", "2011-12-31": -17, "2011-09-30": -2, "2011-06-30": -202, "2011-03-31": "-170.00000", "2010-12-31": -2, "2010-09-30": -2, "2010-06-30": -7, "2010-03-31": "-2.00000", "2009-12-31": -12, "2009-09-30": 6, "2009-06-30": -34, "2009-03-31": "", "2008-12-31": -636, "2008-09-30": -202, "2008-06-30": 795, "2008-03-31": "-146.00000", "2007-12-31": 44, "2007-09-30": -3.2, "2007-06-30": -3.7, "2007-03-31": "-1.10000", "2006-12-31": -3.8, "2006-09-30": 0.7, "2006-06-30": 0.1, "2006-03-31": "-2.10000", "2005-12-31": -5.7, "2005-09-30": -145.7, "2005-06-30": -8.8, "2005-03-31": "7.90000"}, "Net Common Equity Issued/Repurchased": {"2020-12-31": 0, "2020-09-30": 0, "2020-06-30": 0, "2020-03-31": "", "2019-12-31": 0, "2019-09-30": 0, "2019-06-30": 0, "2019-03-31": "", "2018-12-31": 0, "2018-09-30": 0, "2018-06-30": 0, "2018-03-31": "", "2017-12-31": -11, "2017-09-30": 11, "2017-06-30": -9, "2017-03-31": "9.00000", "2016-12-31": 2, "2016-09-30": 1, "2016-06-30": 0, "2016-03-31": "1.00000", "2015-12-31": 1, "2015-09-30": -443, "2015-06-30": -445, "2015-03-31": "-1327.00000", "2014-12-31": -778, "2014-09-30": 73, "2014-06-30": 29, "2014-03-31": "5.00000", "2013-12-31": 33, "2013-09-30": 13, "2013-06-30": 7, "2013-03-31": "5.00000", "2012-12-31": 2, "2012-09-30": 18, "2012-06-30": 5, "2012-03-31": "88.00000", "2011-12-31": 2, "2011-09-30": 23, "2011-06-30": 13, "2011-03-31": "58.00000", "2010-12-31": 73, "2010-09-30": -8, "2010-06-30": 3, "2010-03-31": "5.00000", "2009-12-31": 8, "2009-09-30": 0, "2009-06-30": 0, "2009-03-31": "", "2008-12-31": -6, "2008-09-30": 7, "2008-06-30": 66, "2008-03-31": "11.00000", "2007-12-31": -13.9, "2007-09-30": 29.6, "2007-06-30": 33.1, "2007-03-31": "42.20000", "2006-12-31": 2, "2006-09-30": 3.7, "2006-06-30": 13.8, "2006-03-31": "13.20000", "2005-12-31": 4.5, "2005-09-30": 30.9, "2005-06-30": 40, "2005-03-31": "36.50000"}, "Net Total Equity Issued/Repurchased": {"2020-12-31": 0, "2020-09-30": 0, "2020-06-30": 0, "2020-03-31": "", "2019-12-31": 0, "2019-09-30": 0, "2019-06-30": 0, "2019-03-31": "", "2018-12-31": 0, "2018-09-30": 0, "2018-06-30": 0, "2018-03-31": "", "2017-12-31": -11, "2017-09-30": 11, "2017-06-30": -9, "2017-03-31": "9.00000", "2016-12-31": 2, "2016-09-30": 1, "2016-06-30": 0, "2016-03-31": "1.00000", "2015-12-31": 1, "2015-09-30": -443, "2015-06-30": -445, "2015-03-31": "-1327.00000", "2014-12-31": -778, "2014-09-30": 73, "2014-06-30": 29, "2014-03-31": "5.00000", "2013-12-31": 33, "2013-09-30": 13, "2013-06-30": 7, "2013-03-31": "5.00000", "2012-12-31": 2, "2012-09-30": 18, "2012-06-30": 5, "2012-03-31": "88.00000", "2011-12-31": 2, "2011-09-30": 23, "2011-06-30": 13, "2011-03-31": "58.00000", "2010-12-31": 73, "2010-09-30": -8, "2010-06-30": 3, "2010-03-31": "5.00000", "2009-12-31": 8, "2009-09-30": 0, "2009-06-30": 0, "2009-03-31": "", "2008-12-31": -6, "2008-09-30": 7, "2008-06-30": 66, "2008-03-31": "11.00000", "2007-12-31": -13.9, "2007-09-30": 29.6, "2007-06-30": 33.1, "2007-03-31": "42.20000", "2006-12-31": 2, "2006-09-30": 3.7, "2006-06-30": 13.8, "2006-03-31": "13.20000", "2005-12-31": 4.5, "2005-09-30": 30.9, "2005-06-30": 40, "2005-03-31": "36.50000"}, "Total Common And Preferred Stock Dividends Paid": {"2020-12-31": 0, "2020-09-30": 0, "2020-06-30": 0, "2020-03-31": "-19.00000", "2019-12-31": -19, "2019-09-30": -20, "2019-06-30": -19, "2019-03-31": "-19.00000", "2018-12-31": -19, "2018-09-30": -19, "2018-06-30": -19, "2018-03-31": "-19.00000", "2017-12-31": -19, "2017-09-30": -19, "2017-06-30": -19, "2017-03-31": "-19.00000", "2016-12-31": -19, "2016-09-30": -19, "2016-06-30": -19, "2016-03-31": "-173.00000", "2015-12-31": -173, "2015-09-30": -174, "2015-06-30": -178, "2015-03-31": "-185.00000", "2014-12-31": -196, "2014-09-30": -198, "2014-06-30": -198, "2014-03-31": "-111.00000", "2013-12-31": -111, "2013-09-30": -111, "2013-06-30": -111, "2013-03-31": "-56.00000", "2012-12-31": -56, "2012-09-30": -51, "2012-06-30": -51, "2012-03-31": "-51.00000", "2011-12-31": -51, "2011-09-30": -47, "2011-06-30": -47, "2011-03-31": "-46.00000", "2010-12-31": -46, "2010-09-30": -42, "2010-06-30": -42, "2010-03-31": "-42.00000", "2009-12-31": -460, "2009-09-30": 0, "2009-06-30": 0, "2009-03-31": "", "2008-12-31": 0, "2008-09-30": 0, "2008-06-30": 0, "2008-03-31": "", "2007-12-31": 0, "2007-09-30": 0, "2007-06-30": 0, "2007-03-31": "", "2006-12-31": 0, "2006-09-30": 0, "2006-06-30": 0, "2006-03-31": "", "2005-12-31": 0, "2005-09-30": 0, "2005-06-30": 0, "2005-03-31": ""}, "Financial Activities - Other": {"2020-12-31": -3, "2020-09-30": -23, "2020-06-30": -9, "2020-03-31": "-24.00000", "2019-12-31": -34, "2019-09-30": -14, "2019-06-30": 0, "2019-03-31": "-1.00000", "2018-12-31": 9, "2018-09-30": 27, "2018-06-30": 17, "2018-03-31": "1.00000", "2017-12-31": -11, "2017-09-30": -12, "2017-06-30": 11, "2017-03-31": "-1.00000", "2016-12-31": -5, "2016-09-30": 4, "2016-06-30": -9, "2016-03-31": "-5.00000", "2015-12-31": 1, "2015-09-30": -1, "2015-06-30": 2, "2015-03-31": "-3.00000", "2014-12-31": 4, "2014-09-30": -3, "2014-06-30": 10, "2014-03-31": "2.00000", "2013-12-31": 9, "2013-09-30": 4, "2013-06-30": 0, "2013-03-31": "13.00000", "2012-12-31": 10, "2012-09-30": 4, "2012-06-30": 5, "2012-03-31": "22.00000", "2011-12-31": 0, "2011-09-30": 6, "2011-06-30": 2, "2011-03-31": "14.00000", "2010-12-31": -4, "2010-09-30": 11, "2010-06-30": 0, "2010-03-31": "3.00000", "2009-12-31": -2, "2009-09-30": 2, "2009-06-30": 0, "2009-03-31": "1.00000", "2008-12-31": 0, "2008-09-30": 1, "2008-06-30": 34, "2008-03-31": "2.00000", "2007-12-31": 3, "2007-09-30": 3.6, "2007-06-30": 7.3, "2007-03-31": "9.10000", "2006-12-31": 2, "2006-09-30": 1.1, "2006-06-30": 5.2, "2006-03-31": "5.20000", "2005-12-31": 0, "2005-09-30": 0, "2005-06-30": 0, "2005-03-31": ""}, "Cash Flow From Financial Activities": {"2020-12-31": -3, "2020-09-30": -229, "2020-06-30": 16, "2020-03-31": "-43.00000", "2019-12-31": -574, "2019-09-30": -34, "2019-06-30": -19, "2019-03-31": "-20.00000", "2018-12-31": -18, "2018-09-30": 8, "2018-06-30": -2, "2018-03-31": "-18.00000", "2017-12-31": -543, "2017-09-30": -21, "2017-06-30": -18, "2017-03-31": "-13.00000", "2016-12-31": -25, "2016-09-30": -126, "2016-06-30": -129, "2016-03-31": "-861.00000", "2015-12-31": -224, "2015-09-30": -942, "2015-06-30": -561, "2015-03-31": "-436.00000", "2014-12-31": -950, "2014-09-30": -130, "2014-06-30": -158, "2014-03-31": "-105.00000", "2013-12-31": -668, "2013-09-30": -465, "2013-06-30": -334, "2013-03-31": "1162.00000", "2012-12-31": 1578, "2012-09-30": 50, "2012-06-30": 897, "2012-03-31": "58.00000", "2011-12-31": -66, "2011-09-30": -20, "2011-06-30": -234, "2011-03-31": "-144.00000", "2010-12-31": 21, "2010-09-30": -41, "2010-06-30": -46, "2010-03-31": "-36.00000", "2009-12-31": -466, "2009-09-30": 8, "2009-06-30": -34, "2009-03-31": "1.00000", "2008-12-31": -642, "2008-09-30": -194, "2008-06-30": 895, "2008-03-31": "-133.00000", "2007-12-31": 33.1, "2007-09-30": 30, "2007-06-30": 36.7, "2007-03-31": "50.20000", "2006-12-31": 0.2, "2006-09-30": 5.5, "2006-06-30": 19.1, "2006-03-31": "16.30000", "2005-12-31": -1.2, "2005-09-30": -114.8, "2005-06-30": 31.2, "2005-03-31": "44.40000"}, "Net Cash Flow": {"2020-12-31": 207, "2020-09-30": 38, "2020-06-30": 332, "2020-03-31": "-56.00000", "2019-12-31": -142, "2019-09-30": 192, "2019-06-30": -149, "2019-03-31": "-157.00000", "2018-12-31": 134, "2018-09-30": 156, "2018-06-30": -99, "2018-03-31": "-201.00000", "2017-12-31": -285, "2017-09-30": 192, "2017-06-30": 51, "2017-03-31": "71.00000", "2016-12-31": -102, "2016-09-30": -151, "2016-06-30": -98, "2016-03-31": "-321.00000", "2015-12-31": 234, "2015-09-30": -698, "2015-06-30": -480, "2015-03-31": "-512.00000", "2014-12-31": -555, "2014-09-30": 206, "2014-06-30": 197, "2014-03-31": "252.00000", "2013-12-31": 695, "2013-09-30": 414, "2013-06-30": -114, "2013-03-31": "-878.00000", "2012-12-31": 1617, "2012-09-30": -215, "2012-06-30": -1473, "2012-03-31": "-145.00000", "2011-12-31": -335, "2011-09-30": 430, "2011-06-30": 380, "2011-03-31": "-273.00000", "2010-12-31": 263, "2010-09-30": 382, "2010-06-30": 80, "2010-03-31": "-14.00000", "2009-12-31": -570, "2009-09-30": 906, "2009-06-30": 54, "2009-03-31": "689.00000", "2008-12-31": -222, "2008-09-30": 113, "2008-06-30": -487, "2008-03-31": "297.00000", "2007-12-31": 356.4, "2007-09-30": 453.3, "2007-06-30": -157.5, "2007-03-31": "232.80000", "2006-12-31": 170.7, "2006-09-30": 271, "2006-06-30": 252.7, "2006-03-31": "53.60000", "2005-12-31": 47.2, "2005-09-30": -160.2, "2005-06-30": 27.3, "2005-03-31": "152.40000"}, "Stock-Based Compensation": {"2020-12-31": 0, "2020-09-30": 0, "2020-06-30": 0, "2020-03-31": "", "2019-12-31": 130, "2019-09-30": 0, "2019-06-30": 0, "2019-03-31": "", "2018-12-31": 110, "2018-09-30": 0, "2018-06-30": 0, "2018-03-31": "", "2017-12-31": 124, "2017-09-30": 0, "2017-06-30": 0, "2017-03-31": "", "2016-12-31": 107, "2016-09-30": 0, "2016-06-30": 0, "2016-03-31": "", "2015-12-31": 109, "2015-09-30": 0, "2015-06-30": 0, "2015-03-31": "", "2014-12-31": 101, "2014-09-30": 0, "2014-06-30": 0, "2014-03-31": "", "2013-12-31": 92, "2013-09-30": 0, "2013-06-30": 0, "2013-03-31": "", "2012-12-31": 80, "2012-09-30": 0, "2012-06-30": 0, "2012-03-31": "", "2011-12-31": 73, "2011-09-30": 0, "2011-06-30": 0, "2011-03-31": "", "2010-12-31": 66, "2010-09-30": 0, "2010-06-30": 0, "2010-03-31": "", "2009-12-31": 68, "2009-09-30": 0, "2009-06-30": 0, "2009-03-31": "", "2008-12-31": 67, "2008-09-30": 0, "2008-06-30": 0, "2008-03-31": "", "2007-12-31": 43, "2007-09-30": 0, "2007-06-30": 0, "2007-03-31": "", "2006-12-31": 31.2, "2006-09-30": 0, "2006-06-30": 0, "2006-03-31": "", "2005-12-31": 15.6, "2005-09-30": 0, "2005-06-30": 0, "2005-03-31": ""}, "Common Stock Dividends Paid": {"2020-12-31": 0, "2020-09-30": 0, "2020-06-30": 0, "2020-03-31": "-19.00000", "2019-12-31": -19, "2019-09-30": -20, "2019-06-30": -19, "2019-03-31": "-19.00000", "2018-12-31": -19, "2018-09-30": -19, "2018-06-30": -19, "2018-03-31": "-19.00000", "2017-12-31": -19, "2017-09-30": -19, "2017-06-30": -19, "2017-03-31": "-19.00000", "2016-12-31": -19, "2016-09-30": -19, "2016-06-30": -19, "2016-03-31": "-173.00000", "2015-12-31": -173, "2015-09-30": -174, "2015-06-30": -178, "2015-03-31": "-185.00000", "2014-12-31": -196, "2014-09-30": -198, "2014-06-30": -198, "2014-03-31": "-111.00000", "2013-12-31": -111, "2013-09-30": -111, "2013-06-30": -111, "2013-03-31": "-56.00000", "2012-12-31": -56, "2012-09-30": -51, "2012-06-30": -51, "2012-03-31": "-51.00000", "2011-12-31": -51, "2011-09-30": -47, "2011-06-30": -47, "2011-03-31": "-46.00000", "2010-12-31": -46, "2010-09-30": -42, "2010-06-30": -42, "2010-03-31": "-42.00000", "2009-12-31": -460, "2009-09-30": 0, "2009-06-30": 0, "2009-03-31": "", "2008-12-31": 0, "2008-09-30": 0, "2008-06-30": 0, "2008-03-31": "", "2007-12-31": 0, "2007-09-30": 0, "2007-06-30": 0, "2007-03-31": "", "2006-12-31": 0, "2006-09-30": 0, "2006-06-30": 0, "2006-03-31": "", "2005-12-31": 0, "2005-09-30": 0, "2005-06-30": 0, "2005-03-31": ""}}, "financial ratios": {"Current Ratio": {"2019-12-31": "2.72050", "2018-12-31": "3.10940", "2017-12-31": "3.06580", "2016-12-31": "2.58480", "2015-12-31": "2.88660", "2014-12-31": "2.19180", "2013-12-31": "2.45930", "2012-12-31": "2.77540", "2011-12-31": "2.23600", "2010-12-31": "2.32250", "2009-12-31": "2.12630", "2008-12-31": "1.71740", "2007-12-31": "1.88590", "2006-12-31": "1.86310", "2005-12-31": "2.52540"}, "Long-term Debt / Capital": {"2019-12-31": "0.20220", "2018-12-31": "0.15160", "2017-12-31": "0.16040", "2016-12-31": "0.16200", "2015-12-31": "0.19180", "2014-12-31": "0.12670", "2013-12-31": "0.12360", "2012-12-31": "0.13390", "2011-12-31": "0.00890", "2010-12-31": "0.03140", "2009-12-31": "0.05800", "2008-12-31": "0.06400", "2007-12-31": "0.09970", "2006-12-31": "0.14250", "2005-12-31": "0.16610"}, "Debt/Equity Ratio": {"2019-12-31": "0.25350", "2018-12-31": "0.17870", "2017-12-31": "0.19150", "2016-12-31": "0.22950", "2015-12-31": "0.23750", "2014-12-31": "0.15240", "2013-12-31": "0.14110", "2012-12-31": "0.15470", "2011-12-31": "0.02880", "2010-12-31": "0.05590", "2009-12-31": "0.06210", "2008-12-31": "0.06870", "2007-12-31": "0.13370", "2006-12-31": "0.16730", "2005-12-31": "0.20060"}, "Gross Margin": {"2019-12-31": "9.96580", "2018-12-31": "17.08270", "2017-12-31": "12.21250", "2016-12-31": "-1.39290", "2015-12-31": "20.75630", "2014-12-31": "27.09420", "2013-12-31": "26.55430", "2012-12-31": "29.33000", "2011-12-31": "30.67950", "2010-12-31": "31.52350", "2009-12-31": "29.76720", "2008-12-31": "30.31790", "2007-12-31": "28.91000", "2006-12-31": "25.05910", "2005-12-31": "21.25530"}, "Operating Margin": {"2019-12-31": "-74.05350", "2018-12-31": "2.49620", "2017-12-31": "-3.79240", "2016-12-31": "-33.25060", "2015-12-31": "-2.64280", "2014-12-31": "16.85170", "2013-12-31": "16.64330", "2012-12-31": "19.71040", "2011-12-31": "20.03680", "2010-12-31": "20.13000", "2009-12-31": "18.21110", "2008-12-31": "21.72590", "2007-12-31": "20.88060", "2006-12-31": "15.81460", "2005-12-31": "10.26590"}, "EBIT Margin": {"2019-12-31": "-74.05350", "2018-12-31": "2.49620", "2017-12-31": "-3.79240", "2016-12-31": "-33.25060", "2015-12-31": "-2.64280", "2014-12-31": "16.85170", "2013-12-31": "16.64330", "2012-12-31": "19.71040", "2011-12-31": "20.03680", "2010-12-31": "20.13000", "2009-12-31": "18.21110", "2008-12-31": "21.72590", "2007-12-31": "20.88060", "2006-12-31": "15.81460", "2005-12-31": "10.26590"}, "EBITDA Margin": {"2019-12-31": "-25.16810", "2018-12-31": "10.65890", "2017-12-31": "5.76400", "2016-12-31": "-10.15030", "2015-12-31": "13.86460", "2014-12-31": "20.96550", "2013-12-31": "20.48280", "2012-12-31": "23.29300", "2011-12-31": "23.82320", "2010-12-31": "24.30080", "2009-12-31": "22.06580", "2008-12-31": "24.71890", "2007-12-31": "23.06670", "2006-12-31": "18.10040", "2005-12-31": "12.73330"}, "Pre-Tax Profit Margin": {"2019-12-31": "-76.21180", "2018-12-31": "0.48500", "2017-12-31": "-5.36690", "2016-12-31": "-36.17430", "2015-12-31": "-3.99130", "2014-12-31": "16.29660", "2013-12-31": "16.25310", "2012-12-31": "19.42540", "2011-12-31": "19.93450", "2010-12-31": "19.71870", "2009-12-31": "17.36940", "2008-12-31": "22.04600", "2007-12-31": "20.72740", "2006-12-31": "14.93350", "2005-12-31": "9.25830"}, "Net Profit Margin": {"2019-12-31": "-71.88350", "2018-12-31": "-0.36670", "2017-12-31": "-3.24480", "2016-12-31": "-33.26440", "2015-12-31": "-5.21110", "2014-12-31": "11.66980", "2013-12-31": "12.10660", "2012-12-31": "14.48760", "2011-12-31": "13.60350", "2010-12-31": "13.71340", "2009-12-31": "11.55600", "2008-12-31": "14.53350", "2007-12-31": "13.65820", "2006-12-31": "9.73550", "2005-12-31": "6.17720"}, "Asset Turnover": {"2019-12-31": "0.64480", "2018-12-31": "0.42700", "2017-12-31": "0.36150", "2016-12-31": "0.34300", "2015-12-31": "0.56820", "2014-12-31": "0.63880", "2013-12-31": "0.55210", "2012-12-31": "0.54610", "2011-12-31": "0.57450", "2010-12-31": "0.52740", "2009-12-31": "0.59040", "2008-12-31": "0.62530", "2007-12-31": "0.80800", "2006-12-31": "0.77900", "2005-12-31": "0.69540"}, "Inventory Turnover Ratio": {"2019-12-31": "3.47470", "2018-12-31": "2.34730", "2017-12-31": "2.13520", "2016-12-31": "2.21110", "2015-12-31": "2.49980", "2014-12-31": "2.95990", "2013-12-31": "2.51950", "2012-12-31": "2.06260", "2011-12-31": "2.52130", "2010-12-31": "2.45690", "2009-12-31": "2.55820", "2008-12-31": "2.45900", "2007-12-31": "2.70280", "2006-12-31": "2.87900", "2005-12-31": "3.05210"}, "Receiveable Turnover": {"2019-12-31": "4.57090", "2018-12-31": "4.02330", "2017-12-31": "3.62480", "2016-12-31": "3.48100", "2015-12-31": "5.04340", "2014-12-31": "4.85510", "2013-12-31": "3.92590", "2012-12-31": "3.98010", "2011-12-31": "4.45400", "2010-12-31": "5.01280", "2009-12-31": "5.81250", "2008-12-31": "4.28280", "2007-12-31": "4.66190", "2006-12-31": "4.35140", "2005-12-31": "4.07700"}, "Days Sales In Receivables": {"2019-12-31": "79.85320", "2018-12-31": "90.72110", "2017-12-31": "100.69480", "2016-12-31": "104.85380", "2015-12-31": "72.37180", "2014-12-31": "75.17910", "2013-12-31": "92.97330", "2012-12-31": "91.70640", "2011-12-31": "81.94950", "2010-12-31": "72.81380", "2009-12-31": "62.79540", "2008-12-31": "85.22370", "2007-12-31": "78.29470", "2006-12-31": "83.88070", "2005-12-31": "89.52700"}, "ROE - Return On Equity": {"2019-12-31": "-77.65740", "2018-12-31": "-0.15840", "2017-12-31": "-1.66670", "2016-12-31": "-17.25340", "2015-12-31": "-4.65980", "2014-12-31": "11.81880", "2013-12-31": "9.76710", "2012-12-31": "11.66730", "2011-12-31": "11.19700", "2010-12-31": "10.45900", "2009-12-31": "10.35280", "2008-12-31": "15.46680", "2007-12-31": "20.31100", "2006-12-31": "13.61600", "2005-12-31": "6.84040"}, "Return On Tangible Equity": {"2019-12-31": "-145.52190", "2018-12-31": "-0.47770", "2017-12-31": "-5.09500", "2016-12-31": "-54.83430", "2015-12-31": "-13.62100", "2014-12-31": "31.51880", "2013-12-31": "26.51350", "2012-12-31": "28.13650", "2011-12-31": "26.45260", "2010-12-31": "27.79360", "2009-12-31": "31.42740", "2008-12-31": "61.51920", "2007-12-31": "39.30630", "2006-12-31": "32.98610", "2005-12-31": "19.58360"}, "ROA - Return On Assets": {"2019-12-31": "-46.33810", "2018-12-31": "-0.11110", "2017-12-31": "-1.16800", "2016-12-31": "-11.42860", "2015-12-31": "-2.95340", "2014-12-31": "7.31480", "2013-12-31": "6.26510", "2012-12-31": "7.54350", "2011-12-31": "7.77970", "2010-12-31": "7.19740", "2009-12-31": "6.84100", "2008-12-31": "9.16240", "2007-12-31": "11.16810", "2006-12-31": "7.58370", "2005-12-31": "4.29590"}, "ROI - Return On Investment": {"2019-12-31": "-61.95220", "2018-12-31": "-0.13440", "2017-12-31": "-1.39930", "2016-12-31": "-14.45750", "2015-12-31": "-3.76590", "2014-12-31": "10.32120", "2013-12-31": "8.56000", "2012-12-31": "10.10470", "2011-12-31": "11.09750", "2010-12-31": "10.13070", "2009-12-31": "9.75240", "2008-12-31": "14.47700", "2007-12-31": "18.28550", "2006-12-31": "11.67590", "2005-12-31": "5.70400"}, "Book Value Per Share": {"2019-12-31": "20.33240", "2018-12-31": "36.22330", "2017-12-31": "37.25290", "2016-12-31": "36.98270", "2015-12-31": "43.80410", "2014-12-31": "49.57780", "2013-12-31": "52.12010", "2012-12-31": "47.68020", "2011-12-31": "41.82110", "2010-12-31": "37.66430", "2009-12-31": "34.00150", "2008-12-31": "30.48750", "2007-12-31": "18.66630", "2006-12-31": "14.30610", "2005-12-31": "12.02730"}, "Operating Cash Flow Per Share": {"2019-12-31": 0.4908, "2018-12-31": -0.8286, "2017-12-31": -0.3463, "2016-12-31": -0.8887, "2015-12-31": -2.6372, "2014-12-31": -1.8578, "2013-12-31": 6.4849, "2012-12-31": -3.6022, "2011-12-31": 1.374, "2010-12-31": -1.3438, "2009-12-31": -0.7254, "2008-12-31": 2.4029, "2007-12-31": -0.0944, "2006-12-31": 3.196, "2005-12-31": 0.2449}, "Free Cash Flow Per Share": {"2019-12-31": 0.5264, "2018-12-31": -0.9648, "2017-12-31": -0.1003, "2016-12-31": -0.4734, "2015-12-31": -2.1822, "2014-12-31": -2.0488, "2013-12-31": 6.3829, "2012-12-31": -3.7957, "2011-12-31": 0.7886, "2010-12-31": -1.298, "2009-12-31": -0.375, "2008-12-31": 2.1629, "2007-12-31": -0.2376, "2006-12-31": 2.9611, "2005-12-31": -0.0869}}, "financial ratios, quarterly": {"Current Ratio": {"2020-09-30": "2.85350", "2020-06-30": "2.86080", "2020-03-31": "2.72860", "2019-12-31": "2.72050", "2019-09-30": "2.86250", "2019-06-30": "3.04640", "2019-03-31": "3.29910", "2018-12-31": "3.10940", "2018-09-30": "3.17270", "2018-06-30": "3.19420", "2018-03-31": "3.37050", "2017-12-31": "3.06580", "2017-09-30": "2.75330", "2017-06-30": "2.71520", "2017-03-31": "2.71530", "2016-12-31": "2.58480", "2016-09-30": "3.33120", "2016-06-30": "3.12320", "2016-03-31": "2.92520", "2015-12-31": "2.88660", "2015-09-30": "2.49050", "2015-06-30": "2.49770", "2015-03-31": "2.29470", "2014-12-31": "2.19180", "2014-09-30": "2.31500", "2014-06-30": "2.31420", "2014-03-31": "2.42480", "2013-12-31": "2.45930", "2013-09-30": "2.57320", "2013-06-30": "2.70880", "2013-03-31": "2.70360", "2012-12-31": "2.77540", "2012-09-30": "2.40570", "2012-06-30": "2.00800", "2012-03-31": "2.35740", "2011-12-31": "2.23600", "2011-09-30": "2.53750", "2011-06-30": "2.64140", "2011-03-31": "2.59900", "2010-12-31": "2.32250", "2010-09-30": "2.66680", "2010-06-30": "2.49580", "2010-03-31": "2.54940", "2009-12-31": "2.12630", "2009-09-30": "2.08600", "2009-06-30": "1.91790", "2009-03-31": "1.76660", "2008-12-31": "", "2008-09-30": "1.73280", "2008-06-30": "1.63450", "2008-03-31": "1.88200", "2007-12-31": "1.88590", "2007-09-30": "1.87460", "2007-06-30": "1.84760", "2007-03-31": "1.83540", "2006-12-31": "1.86310", "2006-09-30": "2.10460", "2006-06-30": "2.24320", "2006-03-31": "2.42830", "2005-12-31": "2.52540", "2005-09-30": "3.00400", "2005-06-30": "2.47710", "2005-03-31": "2.57430"}, "Long-term Debt / Capital": {"2020-09-30": "0.24770", "2020-06-30": "0.26830", "2020-03-31": "0.26500", "2019-12-31": "0.20220", "2019-09-30": "0.23410", "2019-06-30": "0.22630", "2019-03-31": "0.15210", "2018-12-31": "0.15160", "2018-09-30": "0.16220", "2018-06-30": "0.16230", "2018-03-31": "0.16060", "2017-12-31": "0.16040", "2017-09-30": "0.16060", "2017-06-30": "0.16190", "2017-03-31": "0.16220", "2016-12-31": "0.16200", "2016-09-30": "0.17740", "2016-06-30": "0.16800", "2016-03-31": "0.17030", "2015-12-31": "0.19180", "2015-09-30": "0.17940", "2015-06-30": "0.17940", "2015-03-31": "0.17630", "2014-12-31": "0.12670", "2014-09-30": "0.12170", "2014-06-30": "0.12810", "2014-03-31": "0.12140", "2013-12-31": "0.12360", "2013-09-30": "0.14720", "2013-06-30": "0.16430", "2013-03-31": "0.17380", "2012-12-31": "0.13390", "2012-09-30": "0.05630", "2012-06-30": "0.00830", "2012-03-31": "0.00850", "2011-12-31": "0.00890", "2011-09-30": "0.02870", "2011-06-30": "0.02930", "2011-03-31": "0.03030", "2010-12-31": "0.03140", "2010-09-30": "0.03240", "2010-06-30": "0.03380", "2010-03-31": "0.04730", "2009-12-31": "0.05800", "2009-09-30": "0.05770", "2009-06-30": "0.06030", "2009-03-31": "0.06180", "2008-12-31": "", "2008-09-30": "0.10830", "2008-06-30": "0.10500", "2008-03-31": "0.09370", "2007-12-31": "0.09970", "2007-09-30": "0.10410", "2007-06-30": "0.11310", "2007-03-31": "0.12080", "2006-12-31": "0.14250", "2006-09-30": "0.14830", "2006-06-30": "0.15360", "2006-03-31": "0.16080", "2005-12-31": "0.16610", "2005-09-30": "0.16930", "2005-06-30": "0.17350", "2005-03-31": "0.17570"}, "Debt/Equity Ratio": {"2020-09-30": "0.32920", "2020-06-30": "0.36670", "2020-03-31": "0.36050", "2019-12-31": "0.25350", "2019-09-30": "0.30560", "2019-06-30": "0.29260", "2019-03-31": "0.17940", "2018-12-31": "0.17870", "2018-09-30": "0.19420", "2018-06-30": "0.19440", "2018-03-31": "0.19170", "2017-12-31": "0.19150", "2017-09-30": "0.22710", "2017-06-30": "0.22920", "2017-03-31": "0.22970", "2016-12-31": "0.22950", "2016-09-30": "0.21600", "2016-06-30": "0.20260", "2016-03-31": "0.20560", "2015-12-31": "0.23750", "2015-09-30": "0.21880", "2015-06-30": "0.22650", "2015-03-31": "0.22200", "2014-12-31": "0.15240", "2014-09-30": "0.14550", "2014-06-30": "0.14700", "2014-03-31": "0.13820", "2013-12-31": "0.14110", "2013-09-30": "0.17260", "2013-06-30": "0.19660", "2013-03-31": "0.21030", "2012-12-31": "0.15470", "2012-09-30": "0.07770", "2012-06-30": "0.07650", "2012-03-31": "0.02750", "2011-12-31": "0.02880", "2011-09-30": "0.02970", "2011-06-30": "0.03030", "2011-03-31": "0.04360", "2010-12-31": "0.05590", "2010-09-30": "0.05650", "2010-06-30": "0.05870", "2010-03-31": "0.06040", "2009-12-31": "0.06210", "2009-09-30": "0.06190", "2009-06-30": "0.06480", "2009-03-31": "0.06630", "2008-12-31": "", "2008-09-30": "0.12300", "2008-06-30": "0.14430", "2008-03-31": "0.10420", "2007-12-31": "0.13370", "2007-09-30": "0.13330", "2007-06-30": "0.14640", "2007-03-31": "0.15750", "2006-12-31": "0.16730", "2006-09-30": "0.17530", "2006-06-30": "0.18250", "2006-03-31": "0.19260", "2005-12-31": "0.20060", "2005-09-30": "0.20490", "2005-06-30": "0.24880", "2005-03-31": "0.25440"}, "Gross Margin": {"2020-09-30": "10.04340", "2020-06-30": "9.15780", "2020-03-31": "11.89590", "2019-12-31": "16.48400", "2019-09-30": "7.10250", "2019-06-30": "2.90810", "2019-03-31": "13.19590", "2018-12-31": "17.05590", "2018-09-30": "18.24510", "2018-06-30": "16.85660", "2018-03-31": "15.98890", "2017-12-31": "8.48150", "2017-09-30": "15.53130", "2017-06-30": "13.13250", "2017-03-31": "12.00460", "2016-12-31": "-27.12770", "2016-09-30": "4.79950", "2016-06-30": "2.03020", "2016-03-31": "11.14660", "2015-12-31": "19.10360", "2015-09-30": "20.32670", "2015-06-30": "21.87260", "2015-03-31": "24.41910", "2014-12-31": "27.08010", "2014-09-30": "27.34920", "2014-06-30": "27.68790", "2014-03-31": "26.38580", "2013-12-31": "26.53720", "2013-09-30": "27.96630", "2013-06-30": "25.06410", "2013-03-31": "23.81760", "2012-12-31": "24.80210", "2012-09-30": "25.77550", "2012-06-30": "27.58770", "2012-03-31": "29.44460", "2011-12-31": "30.21840", "2011-09-30": "31.12300", "2011-06-30": "30.82840", "2011-03-31": "30.99170", "2010-12-31": "31.46280", "2010-09-30": "31.38490", "2010-06-30": "31.55390", "2010-03-31": "31.72820", "2009-12-31": "31.26990", "2009-09-30": "28.86300", "2009-06-30": "29.06980", "2009-03-31": "29.84770", "2008-12-31": "", "2008-09-30": "30.46250", "2008-06-30": "29.50380", "2008-03-31": "29.68340", "2007-12-31": "29.75290", "2007-09-30": "28.69940", "2007-06-30": "28.67210", "2007-03-31": "28.39730", "2006-12-31": "27.29590", "2006-09-30": "24.90020", "2006-06-30": "24.17640", "2006-03-31": "23.13800", "2005-12-31": "22.61510", "2005-09-30": "20.92200", "2005-06-30": "20.99200", "2005-03-31": "19.85520"}, "Operating Margin": {"2020-09-30": "-5.34680", "2020-06-30": "-6.68450", "2020-03-31": "-103.55810", "2019-12-31": "-15.30030", "2019-09-30": "-7.24370", "2019-06-30": "-268.66790", "2019-03-31": "-2.47420", "2018-12-31": "3.62800", "2018-09-30": "3.38900", "2018-06-30": "2.46910", "2018-03-31": "-0.05570", "2017-12-31": "-5.63740", "2017-09-30": "-0.38150", "2017-06-30": "-3.52470", "2017-03-31": "-5.57150", "2016-12-31": "-45.27190", "2016-09-30": "-72.05350", "2016-06-30": "-15.66130", "2016-03-31": "-8.63410", "2015-12-31": "-59.95590", "2015-09-30": "7.07800", "2015-06-30": "11.20490", "2015-03-31": "11.82570", "2014-12-31": "14.97640", "2014-09-30": "17.68390", "2014-06-30": "17.37390", "2014-03-31": "16.34280", "2013-12-31": "17.14450", "2013-09-30": "18.17810", "2013-06-30": "15.23500", "2013-03-31": "14.15110", "2012-12-31": "15.88390", "2012-09-30": "16.88290", "2012-06-30": "18.56780", "2012-03-31": "20.38110", "2011-12-31": "19.91080", "2011-09-30": "20.64170", "2011-06-30": "20.15370", "2011-03-31": "19.35790", "2010-12-31": "19.67210", "2010-09-30": "19.79410", "2010-06-30": "20.06120", "2010-03-31": "21.00920", "2009-12-31": "19.40010", "2009-09-30": "19.46870", "2009-06-30": "12.82390", "2009-03-31": "20.68370", "2008-12-31": "", "2008-09-30": "21.87760", "2008-06-30": "20.78200", "2008-03-31": "21.19180", "2007-12-31": "21.61420", "2007-09-30": "21.14360", "2007-06-30": "20.84780", "2007-03-31": "19.72110", "2006-12-31": "18.33840", "2006-09-30": "16.05830", "2006-06-30": "14.87870", "2006-03-31": "13.08370", "2005-12-31": "11.89200", "2005-09-30": "11.72670", "2005-06-30": "8.39850", "2005-03-31": "8.08690"}, "EBIT Margin": {"2020-09-30": "-5.34680", "2020-06-30": "-6.68450", "2020-03-31": "-103.55810", "2019-12-31": "-15.30030", "2019-09-30": "-7.24370", "2019-06-30": "-268.66790", "2019-03-31": "-2.47420", "2018-12-31": "3.62800", "2018-09-30": "3.38900", "2018-06-30": "2.46910", "2018-03-31": "-0.05570", "2017-12-31": "-5.63740", "2017-09-30": "-0.38150", "2017-06-30": "-3.52470", "2017-03-31": "-5.57150", "2016-12-31": "-45.27190", "2016-09-30": "-72.05350", "2016-06-30": "-15.66130", "2016-03-31": "-8.63410", "2015-12-31": "-59.95590", "2015-09-30": "7.07800", "2015-06-30": "11.20490", "2015-03-31": "11.82570", "2014-12-31": "14.97640", "2014-09-30": "17.68390", "2014-06-30": "17.37390", "2014-03-31": "16.34280", "2013-12-31": "17.14450", "2013-09-30": "18.17810", "2013-06-30": "15.23500", "2013-03-31": "14.15110", "2012-12-31": "15.88390", "2012-09-30": "16.88290", "2012-06-30": "18.56780", "2012-03-31": "20.38110", "2011-12-31": "19.91080", "2011-09-30": "20.64170", "2011-06-30": "20.15370", "2011-03-31": "19.35790", "2010-12-31": "19.67210", "2010-09-30": "19.79410", "2010-06-30": "20.06120", "2010-03-31": "21.00920", "2009-12-31": "19.40010", "2009-09-30": "19.46870", "2009-06-30": "12.82390", "2009-03-31": "20.68370", "2008-12-31": "", "2008-09-30": "21.87760", "2008-06-30": "20.78200", "2008-03-31": "21.19180", "2007-12-31": "21.61420", "2007-09-30": "21.14360", "2007-06-30": "20.84780", "2007-03-31": "19.72110", "2006-12-31": "18.33840", "2006-09-30": "16.05830", "2006-06-30": "14.87870", "2006-03-31": "13.08370", "2005-12-31": "11.89200", "2005-09-30": "11.72670", "2005-06-30": "8.39850", "2005-03-31": "8.08690"}, "EBITDA Margin": {"2020-09-30": "", "2020-06-30": "", "2020-03-31": "", "2019-12-31": "", "2019-09-30": "", "2019-06-30": "", "2019-03-31": "", "2018-12-31": "", "2018-09-30": "", "2018-06-30": "", "2018-03-31": "", "2017-12-31": "", "2017-09-30": "", "2017-06-30": "", "2017-03-31": "", "2016-12-31": "", "2016-09-30": "", "2016-06-30": "", "2016-03-31": "", "2015-12-31": "", "2015-09-30": "", "2015-06-30": "", "2015-03-31": "", "2014-12-31": "", "2014-09-30": "", "2014-06-30": "", "2014-03-31": "", "2013-12-31": "", "2013-09-30": "", "2013-06-30": "", "2013-03-31": "", "2012-12-31": "", "2012-09-30": "", "2012-06-30": "", "2012-03-31": "", "2011-12-31": "", "2011-09-30": "", "2011-06-30": "", "2011-03-31": "", "2010-12-31": "", "2010-09-30": "", "2010-06-30": "", "2010-03-31": "", "2009-12-31": "", "2009-09-30": "", "2009-06-30": "", "2009-03-31": "", "2008-12-31": "", "2008-09-30": "", "2008-06-30": "", "2008-03-31": "", "2007-12-31": "", "2007-09-30": "", "2007-06-30": "", "2007-03-31": "", "2006-12-31": "", "2006-09-30": "", "2006-06-30": "", "2006-03-31": "", "2005-12-31": "", "2005-09-30": "", "2005-06-30": "", "2005-03-31": ""}, "Pre-Tax Profit Margin": {"2020-09-30": "-8.23700", "2020-06-30": "-8.95720", "2020-03-31": "-117.10040", "2019-12-31": "-18.89520", "2019-09-30": "-8.88990", "2019-06-30": "-270.02810", "2019-03-31": "-4.38140", "2018-12-31": "1.70980", "2018-09-30": "1.53200", "2018-06-30": "1.42450", "2018-03-31": "-3.50970", "2017-12-31": "-6.50080", "2017-09-30": "-2.17980", "2017-06-30": "-5.17340", "2017-03-31": "-7.63930", "2016-12-31": "-47.57680", "2016-09-30": "-75.57720", "2016-06-30": "-19.60560", "2016-03-31": "-10.78120", "2015-12-31": "-61.49890", "2015-09-30": "5.80760", "2015-06-30": "10.00260", "2015-03-31": "10.41490", "2014-12-31": "14.53850", "2014-09-30": "17.61230", "2014-06-30": "16.99330", "2014-03-31": "16.09740", "2013-12-31": "16.72950", "2013-09-30": "17.70510", "2013-06-30": "15.21370", "2013-03-31": "13.64240", "2012-12-31": "15.32100", "2012-09-30": "16.43170", "2012-06-30": "18.73680", "2012-03-31": "20.28820", "2011-12-31": "19.79340", "2011-09-30": "20.85560", "2011-06-30": "20.09680", "2011-03-31": "18.84930", "2010-12-31": "19.64060", "2010-09-30": "19.03020", "2010-06-30": "19.89120", "2010-03-31": "20.31660", "2009-12-31": "18.34720", "2009-09-30": "18.75610", "2009-06-30": "11.72760", "2009-03-31": "20.13790", "2008-12-31": "", "2008-09-30": "22.62530", "2008-06-30": "20.45110", "2008-03-31": "21.89940", "2007-12-31": "21.29830", "2007-09-30": "21.25610", "2007-06-30": "20.68430", "2007-03-31": "19.43940", "2006-12-31": "17.76590", "2006-09-30": "15.24830", "2006-06-30": "13.62980", "2006-03-31": "12.09820", "2005-12-31": "10.99170", "2005-09-30": "10.71570", "2005-06-30": "7.45250", "2005-03-31": "6.81070"}, "Net Profit Margin": {"2020-09-30": "-3.97400", "2020-06-30": "-6.21660", "2020-03-31": "-108.70950", "2019-12-31": "-16.87860", "2019-09-30": "-11.47700", "2019-06-30": "-252.76730", "2019-03-31": "-3.96910", "2018-12-31": "0.50040", "2018-09-30": "0.04640", "2018-06-30": "1.13960", "2018-03-31": "-3.78830", "2017-12-31": "-0.71100", "2017-09-30": "-1.41690", "2017-06-30": "-4.26380", "2017-03-31": "-7.00750", "2016-12-31": "-42.19860", "2016-09-30": "-82.74610", "2016-06-30": "-12.58700", "2016-03-31": "-5.43630", "2015-12-31": "-55.95150", "2015-09-30": "4.68840", "2015-06-30": "7.39320", "2015-03-31": "6.43150", "2014-12-31": "10.42210", "2014-09-30": "12.51120", "2014-06-30": "11.77930", "2014-03-31": "12.04750", "2013-12-31": "12.41040", "2013-09-30": "13.07840", "2013-06-30": "11.34620", "2013-03-31": "9.45920", "2012-12-31": "11.75020", "2012-09-30": "11.50590", "2012-06-30": "12.77990", "2012-03-31": "14.08320", "2011-12-31": "13.47730", "2011-09-30": "14.22460", "2011-06-30": "13.69200", "2011-03-31": "12.93710", "2010-12-31": "13.87140", "2010-09-30": "13.41750", "2010-06-30": "13.63480", "2010-03-31": "13.91820", "2009-12-31": "12.57180", "2009-09-30": "12.47170", "2009-06-30": "7.30900", "2009-03-31": "13.50190", "2008-12-31": "", "2008-09-30": "15.17590", "2008-06-30": "12.66170", "2008-03-31": "14.82310", "2007-12-31": "14.16750", "2007-09-30": "14.18880", "2007-06-30": "13.35490", "2007-03-31": "12.73950", "2006-12-31": "11.50720", "2006-09-30": "9.93310", "2006-06-30": "8.92360", "2006-03-31": "7.95740", "2005-12-31": "7.37620", "2005-09-30": "7.15730", "2005-06-30": "5.03410", "2005-03-31": "4.36860"}, "Asset Turnover": {"2020-09-30": "0.13610", "2020-06-30": "0.14320", "2020-03-31": "0.17610", "2019-12-31": "0.17350", "2019-09-30": "0.15180", "2019-06-30": "0.14860", "2019-03-31": "0.09700", "2018-12-31": "0.12110", "2018-09-30": "0.10830", "2018-06-30": "0.10660", "2018-03-31": "0.08970", "2017-12-31": "0.09740", "2017-09-30": "0.08770", "2017-06-30": "0.08420", "2017-03-31": "0.08330", "2016-12-31": "0.08000", "2016-09-30": "0.07420", "2016-06-30": "0.07250", "2016-03-31": "0.08840", "2015-12-31": "0.10480", "2015-09-30": "0.11160", "2015-06-30": "0.12520", "2015-03-31": "0.14870", "2014-12-31": "0.17010", "2014-09-30": "0.16300", "2014-06-30": "0.15530", "2014-03-31": "0.13780", "2013-12-31": "0.15230", "2013-09-30": "0.14030", "2013-06-30": "0.13930", "2013-03-31": "0.15820", "2012-12-31": "0.18060", "2012-09-30": "0.18560", "2012-06-30": "0.17010", "2012-03-31": "0.16370", "2011-12-31": "0.16690", "2011-09-30": "0.15240", "2011-06-30": "0.14790", "2011-03-31": "0.13590", "2010-12-31": "0.13760", "2010-09-30": "0.13540", "2010-06-30": "0.13590", "2010-03-31": "0.14120", "2009-12-31": "0.14560", "2009-09-30": "0.13800", "2009-06-30": "0.13720", "2009-03-31": "0.15770", "2008-12-31": "", "2008-09-30": "0.16610", "2008-06-30": "0.15630", "2008-03-31": "0.20500", "2007-12-31": "0.21950", "2007-09-30": "0.22740", "2007-06-30": "0.23130", "2007-03-31": "0.22400", "2006-12-31": "0.23050", "2006-09-30": "0.21700", "2006-06-30": "0.21810", "2006-03-31": "0.21570", "2005-12-31": "0.20620", "2005-09-30": "0.19420", "2005-06-30": "0.19050", "2005-03-31": "0.13070"}, "Inventory Turnover Ratio": {"2020-09-30": "0.71350", "2020-06-30": "0.70450", "2020-03-31": "0.81640", "2019-12-31": "0.86710", "2019-09-30": "0.77850", "2019-06-30": "0.72430", "2019-03-31": "0.53780", "2018-12-31": "0.66610", "2018-09-30": "0.55430", "2018-06-30": "0.55450", "2018-03-31": "0.47930", "2017-12-31": "0.60010", "2017-09-30": "0.48150", "2017-06-30": "0.47650", "2017-03-31": "0.47080", "2016-12-31": "0.64690", "2016-09-30": "0.37660", "2016-06-30": "0.39400", "2016-03-31": "0.42900", "2015-12-31": "0.47070", "2015-09-30": "0.50930", "2015-06-30": "0.56620", "2015-03-31": "0.67740", "2014-12-31": "0.78830", "2014-09-30": "0.74290", "2014-06-30": "0.73110", "2014-03-31": "0.63600", "2013-12-31": "0.69520", "2013-09-30": "0.57630", "2013-06-30": "0.57650", "2013-03-31": "0.65900", "2012-12-31": "0.72570", "2012-09-30": "0.65920", "2012-06-30": "0.62320", "2012-03-31": "0.67050", "2011-12-31": "0.73750", "2011-09-30": "0.65930", "2011-06-30": "0.64700", "2011-03-31": "0.60810", "2010-12-31": "0.64170", "2010-09-30": "0.58000", "2010-06-30": "0.58470", "2010-03-31": "0.60470", "2009-12-31": "0.61720", "2009-09-30": "0.58300", "2009-06-30": "0.55820", "2009-03-31": "0.63710", "2008-12-31": "", "2008-09-30": "0.69220", "2008-06-30": "0.67280", "2008-03-31": "0.66920", "2007-12-31": "0.72540", "2007-09-30": "0.81670", "2007-06-30": "0.75830", "2007-03-31": "0.77800", "2006-12-31": "0.82640", "2006-09-30": "0.77970", "2006-06-30": "0.81800", "2006-03-31": "0.85850", "2005-12-31": "0.88950", "2005-09-30": "0.88020", "2005-06-30": "0.89750", "2005-03-31": "0.62080"}, "Receiveable Turnover": {"2020-09-30": "1.00140", "2020-06-30": "0.99600", "2020-03-31": "1.00210", "2019-12-31": "1.22970", "2019-09-30": "1.18180", "2019-06-30": "1.08060", "2019-03-31": "1.08200", "2018-12-31": "1.14140", "2018-09-30": "1.07430", "2018-06-30": "1.07070", "2018-03-31": "0.85390", "2017-12-31": "0.97720", "2017-09-30": "0.89080", "2017-06-30": "0.84320", "2017-03-31": "0.88020", "2016-12-31": "0.81230", "2016-09-30": "0.91040", "2016-06-30": "0.84340", "2016-03-31": "0.98960", "2015-12-31": "0.93030", "2015-09-30": "0.99430", "2015-06-30": "1.12460", "2015-03-31": "1.19780", "2014-12-31": "1.29280", "2014-09-30": "1.24650", "2014-06-30": "1.18700", "2014-03-31": "0.92070", "2013-12-31": "1.08290", "2013-09-30": "1.01290", "2013-06-30": "1.05790", "2013-03-31": "1.24020", "2012-12-31": "1.31600", "2012-09-30": "1.31890", "2012-06-30": "1.22640", "2012-03-31": "1.29220", "2011-12-31": "1.29410", "2011-09-30": "1.20300", "2011-06-30": "1.23310", "2011-03-31": "1.14110", "2010-12-31": "1.30800", "2010-09-30": "1.25040", "2010-06-30": "1.23210", "2010-03-31": "1.43630", "2009-12-31": "1.43300", "2009-09-30": "1.40060", "2009-06-30": "1.15640", "2009-03-31": "1.20370", "2008-12-31": "", "2008-09-30": "1.15980", "2008-06-30": "1.10280", "2008-03-31": "1.18880", "2007-12-31": "1.26630", "2007-09-30": "1.19740", "2007-06-30": "1.26440", "2007-03-31": "1.28750", "2006-12-31": "1.28740", "2006-09-30": "1.27480", "2006-06-30": "1.30730", "2006-03-31": "1.25510", "2005-12-31": "1.20910", "2005-09-30": "1.25010", "2005-06-30": "1.36210", "2005-03-31": "0.92830"}, "Days Sales In Receivables": {"2020-09-30": "89.86990", "2020-06-30": "90.36100", "2020-03-31": "89.80880", "2019-12-31": "73.19160", "2019-09-30": "76.15710", "2019-06-30": "83.28800", "2019-03-31": "83.18040", "2018-12-31": "78.85320", "2018-09-30": "83.77440", "2018-06-30": "84.05980", "2018-03-31": "105.39280", "2017-12-31": "92.10260", "2017-09-30": "101.03540", "2017-06-30": "106.73110", "2017-03-31": "102.25160", "2016-12-31": "110.79790", "2016-09-30": "98.85780", "2016-06-30": "106.70530", "2016-03-31": "90.94560", "2015-12-31": "96.74500", "2015-09-30": "90.51720", "2015-06-30": "80.03070", "2015-03-31": "75.13690", "2014-12-31": "69.61640", "2014-09-30": "72.19980", "2014-06-30": "75.81920", "2014-03-31": "97.75010", "2013-12-31": "83.10830", "2013-09-30": "88.85260", "2013-06-30": "85.07690", "2013-03-31": "72.56640", "2012-12-31": "68.39050", "2012-09-30": "68.24030", "2012-06-30": "73.38400", "2012-03-31": "69.64910", "2011-12-31": "69.54450", "2011-09-30": "74.81550", "2011-06-30": "72.98890", "2011-03-31": "78.87160", "2010-12-31": "68.80520", "2010-09-30": "71.97610", "2010-06-30": "73.04660", "2010-03-31": "62.66160", "2009-12-31": "62.80470", "2009-09-30": "64.25660", "2009-06-30": "77.83060", "2009-03-31": "74.77160", "2008-12-31": "", "2008-09-30": "77.60040", "2008-06-30": "81.60900", "2008-03-31": "75.70730", "2007-12-31": "71.07530", "2007-09-30": "75.16110", "2007-06-30": "71.18030", "2007-03-31": "69.90300", "2006-12-31": "69.90620", "2006-09-30": "70.59680", "2006-06-30": "68.84400", "2006-03-31": "71.70590", "2005-12-31": "74.43590", "2005-09-30": "71.99270", "2005-06-30": "66.07300", "2005-03-31": "96.94690"}, "ROE - Return On Equity": {"2020-09-30": "-0.95670", "2020-06-30": "-1.57240", "2020-03-31": "-36.89230", "2019-12-31": "-4.90700", "2019-09-30": "-3.06310", "2019-06-30": "-63.43820", "2019-03-31": "-0.54190", "2018-12-31": "0.10800", "2018-09-30": "0.02860", "2018-06-30": "0.17900", "2018-03-31": "-0.46640", "2017-12-31": "-0.10590", "2017-09-30": "-0.19080", "2017-06-30": "-0.52770", "2017-03-31": "-0.85810", "2016-12-31": "-5.12030", "2016-09-30": "-9.16170", "2016-06-30": "-1.34070", "2016-03-31": "-0.71810", "2015-12-31": "-9.24670", "2015-09-30": "0.85690", "2015-06-30": "1.50490", "2015-03-31": "1.63690", "2014-12-31": "2.87410", "2014-09-30": "3.24250", "2014-06-30": "2.84340", "2014-03-31": "2.40440", "2013-12-31": "2.82130", "2013-09-30": "2.75260", "2013-06-30": "2.35790", "2013-03-31": "2.41790", "2012-12-31": "3.28160", "2012-09-30": "3.09400", "2012-06-30": "3.18000", "2012-03-31": "3.26130", "2011-12-31": "3.23220", "2011-09-30": "3.06280", "2011-06-30": "2.83940", "2011-03-31": "2.46330", "2010-12-31": "2.75500", "2010-09-30": "2.62270", "2010-06-30": "2.68920", "2010-03-31": "2.87380", "2009-12-31": "2.74810", "2009-09-30": "2.71030", "2009-06-30": "1.63180", "2009-03-31": "3.59070", "2008-12-31": "", "2008-09-30": "4.49950", "2008-06-30": "3.57870", "2008-03-31": "5.60840", "2007-12-31": "5.65500", "2007-09-30": "5.76660", "2007-06-30": "5.48240", "2007-03-31": "5.13940", "2006-12-31": "4.76160", "2006-09-30": "3.70400", "2006-06-30": "3.22860", "2006-03-31": "2.76190", "2005-12-31": "2.42240", "2005-09-30": "2.14460", "2005-06-30": "1.53830", "2005-03-31": "0.90530"}, "Return On Tangible Equity": {"2020-09-30": "-1.50100", "2020-06-30": "-2.47510", "2020-03-31": "-58.45930", "2019-12-31": "-9.19510", "2019-09-30": "-6.18330", "2019-06-30": "-122.89430", "2019-03-31": "-1.62830", "2018-12-31": "0.32570", "2018-09-30": "0.08760", "2018-06-30": "0.55260", "2018-03-31": "-1.39860", "2017-12-31": "-0.32380", "2017-09-30": "-0.58580", "2017-06-30": "-1.66110", "2017-03-31": "-2.69480", "2016-12-31": "-16.27330", "2016-09-30": "-25.99580", "2016-06-30": "-3.95190", "2016-03-31": "-2.09590", "2015-12-31": "-27.02900", "2015-09-30": "2.75910", "2015-06-30": "4.58260", "2015-03-31": "4.95020", "2014-12-31": "7.66470", "2014-09-30": "8.43560", "2014-06-30": "7.64120", "2014-03-31": "6.11330", "2013-12-31": "7.65860", "2013-09-30": "7.96380", "2013-06-30": "7.42970", "2013-03-31": "7.96810", "2012-12-31": "7.91380", "2012-09-30": "7.32680", "2012-06-30": "8.02450", "2012-03-31": "7.26840", "2011-12-31": "7.63590", "2011-09-30": "7.23090", "2011-06-30": "6.96360", "2011-03-31": "6.24710", "2010-12-31": "7.32120", "2010-09-30": "6.73110", "2010-06-30": "7.42050", "2010-03-31": "8.29870", "2009-12-31": "8.34220", "2009-09-30": "8.11150", "2009-06-30": "5.54310", "2009-03-31": "12.95540", "2008-12-31": "", "2008-09-30": "21.17960", "2008-06-30": "20.22650", "2008-03-31": "10.40100", "2007-12-31": "10.94360", "2007-09-30": "11.71880", "2007-06-30": "12.01660", "2007-03-31": "11.66840", "2006-12-31": "11.53550", "2006-09-30": "8.70680", "2006-06-30": "8.06740", "2006-03-31": "7.44750", "2005-12-31": "6.93520", "2005-09-30": "6.37010", "2005-06-30": "4.53740", "2005-03-31": "2.70580"}, "ROA - Return On Assets": {"2020-09-30": "-0.52120", "2020-06-30": "-0.83280", "2020-03-31": "-19.16750", "2019-12-31": "-2.92800", "2019-09-30": "-1.77790", "2019-06-30": "-37.52180", "2019-03-31": "-0.37500", "2018-12-31": "0.07580", "2018-09-30": "0.02010", "2018-06-30": "0.12650", "2018-03-31": "-0.32980", "2017-12-31": "-0.07420", "2017-09-30": "-0.12900", "2017-06-30": "-0.35430", "2017-03-31": "-0.57410", "2016-12-31": "-3.39170", "2016-09-30": "-6.14580", "2016-06-30": "-0.91240", "2016-03-31": "-0.47670", "2015-12-31": "-5.86060", "2015-09-30": "0.52650", "2015-06-30": "0.91590", "2015-03-31": "0.96530", "2014-12-31": "1.77880", "2014-09-30": "2.04550", "2014-06-30": "1.80030", "2014-03-31": "1.54450", "2013-12-31": "1.80970", "2013-09-30": "1.72470", "2013-06-30": "1.47050", "2013-03-31": "1.49000", "2012-12-31": "2.12170", "2012-09-30": "2.12480", "2012-06-30": "2.16290", "2012-03-31": "2.29770", "2011-12-31": "2.24570", "2011-09-30": "2.15120", "2011-06-30": "2.02050", "2011-03-31": "1.74470", "2010-12-31": "1.89590", "2010-09-30": "1.81730", "2010-06-30": "1.84310", "2010-03-31": "1.95190", "2009-12-31": "1.81590", "2009-09-30": "1.73060", "2009-06-30": "1.01190", "2009-03-31": "2.14220", "2008-12-31": "", "2008-09-30": "2.54430", "2008-06-30": "1.99800", "2008-03-31": "3.05330", "2007-12-31": "3.10940", "2007-09-30": "3.22590", "2007-06-30": "3.08910", "2007-03-31": "2.85310", "2006-12-31": "2.65210", "2006-09-30": "2.15590", "2006-06-30": "1.94640", "2006-03-31": "1.71620", "2005-12-31": "1.52130", "2005-09-30": "1.38980", "2005-06-30": "0.95880", "2005-03-31": "0.57080"}, "ROI - Return On Investment": {"2020-09-30": "-0.71970", "2020-06-30": "-1.15050", "2020-03-31": "-27.11750", "2019-12-31": "-3.91460", "2019-09-30": "-2.34620", "2019-06-30": "-49.07930", "2019-03-31": "-0.45950", "2018-12-31": "0.09160", "2018-09-30": "0.02400", "2018-06-30": "0.14990", "2018-03-31": "-0.39150", "2017-12-31": "-0.08890", "2017-09-30": "-0.16020", "2017-06-30": "-0.44230", "2017-03-31": "-0.71890", "2016-12-31": "-4.29060", "2016-09-30": "-7.53670", "2016-06-30": "-1.11550", "2016-03-31": "-0.59580", "2015-12-31": "-7.47290", "2015-09-30": "0.70310", "2015-06-30": "1.23490", "2015-03-31": "1.34820", "2014-12-31": "2.50990", "2014-09-30": "2.84800", "2014-06-30": "2.47900", "2014-03-31": "2.11250", "2013-12-31": "2.47260", "2013-09-30": "2.34750", "2013-06-30": "1.97040", "2013-03-31": "1.99780", "2012-12-31": "2.84210", "2012-09-30": "2.91970", "2012-06-30": "3.15350", "2012-03-31": "3.23360", "2011-12-31": "3.20340", "2011-09-30": "2.97480", "2011-06-30": "2.75610", "2011-03-31": "2.38870", "2010-12-31": "2.66850", "2010-09-30": "2.53770", "2010-06-30": "2.59830", "2010-03-31": "2.73780", "2009-12-31": "2.58870", "2009-09-30": "2.55380", "2009-06-30": "1.53340", "2009-03-31": "3.36870", "2008-12-31": "", "2008-09-30": "4.01220", "2008-06-30": "3.20310", "2008-03-31": "5.08290", "2007-12-31": "5.09100", "2007-09-30": "5.16610", "2007-06-30": "4.86240", "2007-03-31": "4.51840", "2006-12-31": "4.08320", "2006-09-30": "3.15490", "2006-06-30": "2.73270", "2006-03-31": "2.31770", "2005-12-31": "2.02000", "2005-09-30": "1.78150", "2005-06-30": "1.27130", "2005-03-31": "0.74620"}, "Book Value Per Share": {"2020-09-30": "14.26850", "2020-06-30": "14.25050", "2020-03-31": "14.30620", "2019-12-31": "20.33240", "2019-09-30": "21.06780", "2019-06-30": "21.99250", "2019-03-31": "35.86120", "2018-12-31": "36.22330", "2018-09-30": "36.45790", "2018-06-30": "36.51480", "2018-03-31": "37.05410", "2017-12-31": "37.25290", "2017-09-30": "37.23420", "2017-06-30": "36.89500", "2017-03-31": "36.79680", "2016-12-31": "36.98270", "2016-09-30": "39.42020", "2016-06-30": "42.92390", "2016-03-31": "43.58120", "2015-12-31": "43.80410", "2015-09-30": "48.45440", "2015-06-30": "49.16670", "2015-03-31": "48.40250", "2014-12-31": "49.57780", "2014-09-30": "50.21020", "2014-06-30": "49.87220", "2014-03-31": "53.14650", "2013-12-31": "52.12010", "2013-09-30": "50.79270", "2013-06-30": "49.01930", "2013-03-31": "48.40400", "2012-12-31": "47.68020", "2012-09-30": "46.10910", "2012-06-30": "44.40020", "2012-03-31": "43.45540", "2011-12-31": "41.82110", "2011-09-30": "40.67550", "2011-06-30": "39.94290", "2011-03-31": "38.77690", "2010-12-31": "37.66430", "2010-09-30": "36.74900", "2010-06-30": "35.40590", "2010-03-31": "34.80220", "2009-12-31": "34.00150", "2009-09-30": "34.13730", "2009-06-30": "32.53290", "2009-03-31": "31.50460", "2008-12-31": "", "2008-09-30": "29.44930", "2008-06-30": "28.47350", "2008-03-31": "19.93260", "2007-12-31": "18.66630", "2007-09-30": "17.79830", "2007-06-30": "16.30930", "2007-03-31": "15.13980", "2006-12-31": "14.30610", "2006-09-30": "13.58390", "2006-06-30": "13.06120", "2006-03-31": "12.45530", "2005-12-31": "12.02730", "2005-09-30": "11.84450", "2005-06-30": "11.49120", "2005-03-31": "11.46640"}, "Operating Cash Flow Per Share": {"2020-09-30": 0.839, "2020-06-30": 0.9813, "2020-03-31": "0.10180", "2019-12-31": 1.2382, "2019-09-30": 0.9215, "2019-06-30": -0.1906, "2019-03-31": "-0.10000", "2018-12-31": 0.595, "2018-09-30": 0.4946, "2018-06-30": 0.6309, "2018-03-31": "-0.34220", "2017-12-31": 0.8515, "2017-09-30": 0.6153, "2017-06-30": 0.4449, "2017-03-31": "0.29520", "2016-12-31": 0.4069, "2016-09-30": 0.149, "2016-06-30": 0.3413, "2016-03-31": "1.65600", "2015-12-31": 1.6675, "2015-09-30": 1.0907, "2015-06-30": 0.5151, "2015-03-31": "0.27870", "2014-12-31": 1.7502, "2014-09-30": 1.1968, "2014-06-30": 2.023, "2014-03-31": "1.13750", "2013-12-31": 3.5282, "2013-09-30": 2.3575, "2013-06-30": 0.8505, "2013-03-31": "1.18220", "2012-12-31": 1.8701, "2012-09-30": 0.3209, "2012-06-30": -0.5922, "2012-03-31": "-0.15020", "2011-12-31": 1.4636, "2011-09-30": 1.4917, "2011-06-30": 2.1462, "2011-03-31": "-0.05910", "2010-12-31": 1.9085, "2010-09-30": 1.0812, "2010-06-30": 0.4463, "2010-03-31": "0.22670", "2009-12-31": 0.2895, "2009-09-30": 1.6363, "2009-06-30": 1.1962, "2009-03-31": "1.87800", "2008-12-31": -4.0813, "2008-09-30": 1.0021, "2008-06-30": 1.3995, "2008-03-31": "1.67970", "2007-12-31": 1.2761, "2007-09-30": 1.1505, "2007-06-30": 0.1404, "2007-03-31": "0.74400", "2006-12-31": 1.4729, "2006-09-30": 0.9296, "2006-06-30": 0.7893, "2006-03-31": "0.24520", "2005-12-31": 0.2874, "2005-09-30": -0.0085, "2005-06-30": 0.1399, "2005-03-31": "-0.19930"}, "Free Cash Flow Per Share": {"2020-09-30": 0.7117, "2020-06-30": 0.8367, "2020-03-31": "-0.07570", "2019-12-31": 1.0629, "2019-09-30": 0.7408, "2019-06-30": -0.3313, "2019-03-31": "-0.21320", "2018-12-31": 0.4012, "2018-09-30": 0.3106, "2018-06-30": 0.4666, "2018-03-31": "-0.44560", "2017-12-31": 0.679, "2017-09-30": 0.504, "2017-06-30": 0.3311, "2017-03-31": "0.18350", "2016-12-31": 0.2394, "2016-09-30": -0.0095, "2016-06-30": 0.136, "2016-03-31": "1.43200", "2015-12-31": 1.3309, "2015-09-30": 0.8224, "2015-06-30": 0.2298, "2015-03-31": "-0.03910", "2014-12-31": 1.2028, "2014-09-30": 0.8087, "2014-06-30": 1.6166, "2014-03-31": "0.84620", "2013-12-31": 3.111, "2013-09-30": 2.007, "2013-06-30": 0.5795, "2013-03-31": "0.78970", "2012-12-31": 1.4354, "2012-09-30": 0.0187, "2012-06-30": -0.9194, "2012-03-31": "-0.41550", "2011-12-31": 1.073, "2011-09-30": 1.1976, "2011-06-30": 1.8812, "2011-03-31": "-0.24590", "2010-12-31": 1.6916, "2010-09-30": 0.9331, "2010-06-30": 0.3342, "2010-03-31": "0.15270", "2009-12-31": 0.1377, "2009-09-30": 1.5335, "2009-06-30": 1.0431, "2009-03-31": "1.68900", "2008-12-31": -3.4498, "2008-09-30": 0.7666, "2008-06-30": 1.154, "2008-03-31": "1.52920", "2007-12-31": 1.0694, "2007-09-30": 0.9962, "2007-06-30": -0.0657, "2007-03-31": "0.60880", "2006-12-31": 1.2987, "2006-09-30": 0.7718, "2006-06-30": 0.6407, "2006-03-31": "0.15970", "2005-12-31": 0.1828, "2005-09-30": -0.0908, "2005-06-30": 0.0763, "2005-03-31": "-0.24620"}}, "revenue": {"NOV Annual Revenue (Millions of US $)": {"2020": "$6,090", "2019": "$8,479", "2018": "$8,453", "2017": "$7,304", "2016": "$7,251", "2015": "$14,757", "2014": "$21,440", "2013": "$19,221", "2012": "$17,194", "2011": "$14,658", "2010": "$12,156", "2009": "$12,712", "2008": "$13,431", "2007": "$9,789", "2006": "$7,026", "2005": "$4,645"}, "NOV Quarterly Revenue (Millions of US $)": {"2020-12-31": "$1,327", "2020-09-30": "$1,384", "2020-06-30": "$1,496", "2020-03-31": "$1,883", "2019-12-31": "$2,281", "2019-09-30": "$2,126", "2019-06-30": "$2,132", "2019-03-31": "$1,940", "2018-12-31": "$2,398", "2018-09-30": "$2,154", "2018-06-30": "$2,106", "2018-03-31": "$1,795", "2017-12-31": "$1,969", "2017-09-30": "$1,835", "2017-06-30": "$1,759", "2017-03-31": "$1,741", "2016-12-31": "$1,692", "2016-09-30": "$1,646", "2016-06-30": "$1,724", "2016-03-31": "$2,189", "2015-12-31": "$2,722", "2015-09-30": "$3,306", "2015-06-30": "$3,909", "2015-03-31": "$4,820", "2014-12-31": "$5,709", "2014-09-30": "$5,587", "2014-06-30": "$5,255", "2014-03-31": "$4,889", "2013-12-31": "$5,302", "2013-09-30": "$4,863", "2013-06-30": "$4,680", "2013-03-31": "$5,307", "2012-12-31": "$5,685", "2012-09-30": "$5,319", "2012-06-30": "$4,734", "2012-03-31": "$4,303", "2011-12-31": "$4,259", "2011-09-30": "$3,740", "2011-06-30": "$3,513", "2011-03-31": "$3,146", "2010-12-31": "$3,172", "2010-09-30": "$3,011", "2010-06-30": "$2,941", "2010-03-31": "$3,032", "2009-12-31": "$3,134", "2009-09-30": "$3,087", "2009-06-30": "$3,010", "2009-03-31": "$3,481", "2008-12-31": "$3,810", "2008-09-30": "$3,611", "2008-06-30": "$3,325", "2008-03-31": "$2,685", "2007-12-31": "$2,659", "2007-09-30": "$2,580", "2007-06-30": "$2,385", "2007-03-31": "$2,166", "2006-12-31": "$2,079", "2006-09-30": "$1,778", "2006-06-30": "$1,657", "2006-03-31": "$1,512", "2005-12-31": "$1,377", "2005-09-30": "$1,237", "2005-06-30": "$1,216", "2005-03-31": "$815"}}, "gross-profit": {"NOV Annual Gross Profit (Millions of US $)": {"2020": "$434", "2019": "$845", "2018": "$1,444", "2017": "$892", "2016": "$-101", "2015": "$3,063", "2014": "$5,809", "2013": "$5,104", "2012": "$5,043", "2011": "$4,497", "2010": "$3,832", "2009": "$3,784", "2008": "$4,072", "2007": "$2,830", "2006": "$1,761", "2005": "$987"}, "NOV Quarterly Gross Profit (Millions of US $)": {"2020-12-31": "$-66", "2020-09-30": "$139", "2020-06-30": "$137", "2020-03-31": "$224", "2019-12-31": "$376", "2019-09-30": "$151", "2019-06-30": "$62", "2019-03-31": "$256", "2018-12-31": "$409", "2018-09-30": "$393", "2018-06-30": "$355", "2018-03-31": "$287", "2017-12-31": "$167", "2017-09-30": "$285", "2017-06-30": "$231", "2017-03-31": "$209", "2016-12-31": "$-459", "2016-09-30": "$79", "2016-06-30": "$35", "2016-03-31": "$244", "2015-12-31": "$520", "2015-09-30": "$672", "2015-06-30": "$855", "2015-03-31": "$1,177", "2014-12-31": "$1,546", "2014-09-30": "$1,528", "2014-06-30": "$1,455", "2014-03-31": "$1,290", "2013-12-31": "$1,407", "2013-09-30": "$1,360", "2013-06-30": "$1,173", "2013-03-31": "$1,264", "2012-12-31": "$1,410", "2012-09-30": "$1,371", "2012-06-30": "$1,306", "2012-03-31": "$1,267", "2011-12-31": "$1,287", "2011-09-30": "$1,164", "2011-06-30": "$1,083", "2011-03-31": "$975", "2010-12-31": "$998", "2010-09-30": "$945", "2010-06-30": "$928", "2010-03-31": "$962", "2009-12-31": "$980", "2009-09-30": "$891", "2009-06-30": "$875", "2009-03-31": "$1,039", "2008-12-31": "$1,209", "2008-09-30": "$1,100", "2008-06-30": "$981", "2008-03-31": "$797", "2007-12-31": "$791", "2007-09-30": "$740", "2007-06-30": "$684", "2007-03-31": "$615", "2006-12-31": "$567", "2006-09-30": "$443", "2006-06-30": "$401", "2006-03-31": "$350", "2005-12-31": "$312", "2005-09-30": "$259", "2005-06-30": "$255", "2005-03-31": "$162"}}, "operating-income": {"NOV Annual Operating Income (Millions of US $)": {"2020": "$-2,425", "2019": "$-6,279", "2018": "$211", "2017": "$-277", "2016": "$-2,411", "2015": "$-390", "2014": "$3,613", "2013": "$3,199", "2012": "$3,389", "2011": "$2,937", "2010": "$2,447", "2009": "$2,315", "2008": "$2,918", "2007": "$2,044", "2006": "$1,111", "2005": "$477"}, "NOV Quarterly Operating Income (Millions of US $)": {"2020-12-31": "$-301", "2020-09-30": "$-74", "2020-06-30": "$-100", "2020-03-31": "$-1,950", "2019-12-31": "$-349", "2019-09-30": "$-154", "2019-06-30": "$-5,728", "2019-03-31": "$-48", "2018-12-31": "$87", "2018-09-30": "$73", "2018-06-30": "$52", "2018-03-31": "$-1", "2017-12-31": "$-111", "2017-09-30": "$-7", "2017-06-30": "$-62", "2017-03-31": "$-97", "2016-12-31": "$-766", "2016-09-30": "$-1,186", "2016-06-30": "$-270", "2016-03-31": "$-189", "2015-12-31": "$-1,632", "2015-09-30": "$234", "2015-06-30": "$438", "2015-03-31": "$570", "2014-12-31": "$855", "2014-09-30": "$988", "2014-06-30": "$913", "2014-03-31": "$799", "2013-12-31": "$909", "2013-09-30": "$884", "2013-06-30": "$713", "2013-03-31": "$751", "2012-12-31": "$903", "2012-09-30": "$898", "2012-06-30": "$879", "2012-03-31": "$877", "2011-12-31": "$848", "2011-09-30": "$772", "2011-06-30": "$708", "2011-03-31": "$609", "2010-12-31": "$624", "2010-09-30": "$596", "2010-06-30": "$590", "2010-03-31": "$637", "2009-12-31": "$608", "2009-09-30": "$601", "2009-06-30": "$386", "2009-03-31": "$720", "2008-12-31": "$857", "2008-09-30": "$790", "2008-06-30": "$691", "2008-03-31": "$569", "2007-12-31": "$575", "2007-09-30": "$545", "2007-06-30": "$497", "2007-03-31": "$427", "2006-12-31": "$381", "2006-09-30": "$286", "2006-06-30": "$247", "2006-03-31": "$198", "2005-12-31": "$164", "2005-09-30": "$145", "2005-06-30": "$102", "2005-03-31": "$66"}}, "ebitda": {"NOV Annual EBITDA (Millions of US $)": {"2019": "$-2,134", "2018": "$901", "2017": "$421", "2016": "$-736", "2015": "$2,046", "2014": "$4,495", "2013": "$3,937", "2012": "$4,005", "2011": "$3,492", "2010": "$2,954", "2009": "$2,805", "2008": "$3,320", "2007": "$2,258", "2006": "$1,272", "2005": "$591"}, "NOV Quarterly EBITDA (Millions of US $)": {"2020-09-30": "$9", "2020-06-30": "$-18", "2020-03-31": "$-467", "2019-12-31": "$177", "2019-09-30": "$-52", "2019-06-30": "$-2,388", "2019-03-31": "$129", "2018-12-31": "$258", "2018-09-30": "$245", "2018-06-30": "$226", "2018-03-31": "$172", "2017-12-31": "$64", "2017-09-30": "$167", "2017-06-30": "$112", "2017-03-31": "$78", "2016-12-31": "$-592", "2016-09-30": "$-38", "2016-06-30": "$-92", "2016-03-31": "$-14", "2015-12-31": "$185", "2015-09-30": "$473", "2015-06-30": "$628", "2015-03-31": "$760", "2014-12-31": "$1,158", "2014-09-30": "$1,186", "2014-06-30": "$1,103", "2014-03-31": "$990", "2013-12-31": "$1,104", "2013-09-30": "$1,071", "2013-06-30": "$895", "2013-03-31": "$925", "2012-12-31": "$1,057", "2012-09-30": "$1,055", "2012-06-30": "$1,036", "2012-03-31": "$1,025", "2011-12-31": "$990", "2011-09-30": "$912", "2011-06-30": "$846", "2011-03-31": "$744", "2010-12-31": "$753", "2010-09-30": "$723", "2010-06-30": "$714", "2010-03-31": "$764", "2009-12-31": "$734", "2009-09-30": "$727", "2009-06-30": "$508", "2009-03-31": "$836", "2008-12-31": "", "2008-09-30": "$906", "2008-06-30": "$798", "2008-03-31": "$630", "2007-12-31": "$633", "2007-09-30": "$602", "2007-06-30": "$549", "2007-03-31": "$474", "2006-12-31": "$423", "2006-09-30": "$327", "2006-06-30": "$285", "2006-03-31": "$236", "2005-12-31": "$192", "2005-09-30": "$180", "2005-06-30": "$137", "2005-03-31": "$82"}}, "net-income": {"NOV Annual Net Income (Millions of US $)": {"2020": "$-2,542", "2019": "$-6,095", "2018": "$-31", "2017": "$-237", "2016": "$-2,412", "2015": "$-769", "2014": "$2,502", "2013": "$2,327", "2012": "$2,491", "2011": "$1,994", "2010": "$1,667", "2009": "$1,469", "2008": "$1,952", "2007": "$1,337", "2006": "$684", "2005": "$287"}, "NOV Quarterly Net Income (Millions of US $)": {"2020-12-31": "$-347", "2020-09-30": "$-55", "2020-06-30": "$-93", "2020-03-31": "$-2,047", "2019-12-31": "$-385", "2019-09-30": "$-244", "2019-06-30": "$-5,389", "2019-03-31": "$-77", "2018-12-31": "$12", "2018-09-30": "$1", "2018-06-30": "$24", "2018-03-31": "$-68", "2017-12-31": "$-14", "2017-09-30": "$-26", "2017-06-30": "$-75", "2017-03-31": "$-122", "2016-12-31": "$-714", "2016-09-30": "$-1,362", "2016-06-30": "$-217", "2016-03-31": "$-119", "2015-12-31": "$-1,523", "2015-09-30": "$155", "2015-06-30": "$289", "2015-03-31": "$310", "2014-12-31": "$595", "2014-09-30": "$699", "2014-06-30": "$619", "2014-03-31": "$589", "2013-12-31": "$658", "2013-09-30": "$636", "2013-06-30": "$531", "2013-03-31": "$502", "2012-12-31": "$668", "2012-09-30": "$612", "2012-06-30": "$605", "2012-03-31": "$606", "2011-12-31": "$574", "2011-09-30": "$532", "2011-06-30": "$481", "2011-03-31": "$407", "2010-12-31": "$440", "2010-09-30": "$404", "2010-06-30": "$401", "2010-03-31": "$422", "2009-12-31": "$394", "2009-09-30": "$385", "2009-06-30": "$220", "2009-03-31": "$470", "2008-12-31": "$585", "2008-09-30": "$548", "2008-06-30": "$421", "2008-03-31": "$398", "2007-12-31": "$377", "2007-09-30": "$366", "2007-06-30": "$319", "2007-03-31": "$276", "2006-12-31": "$239", "2006-09-30": "$177", "2006-06-30": "$148", "2006-03-31": "$120", "2005-12-31": "$102", "2005-09-30": "$89", "2005-06-30": "$61", "2005-03-31": "$36"}}, "eps-earnings-per-share-diluted": {"NOV Annual EPS": {"2020": "$-6.62", "2019": "$-15.96", "2018": "$-0.08", "2017": "$-0.63", "2016": "$-6.41", "2015": "$-1.99", "2014": "$5.82", "2013": "$5.44", "2012": "$5.83", "2011": "$4.70", "2010": "$3.98", "2009": "$3.52", "2008": "$4.90", "2007": "$3.76", "2006": "$1.93", "2005": "$0.91"}, "NOV Quarterly EPS": {"2020-12-31": "$-0.90", "2020-09-30": "$-0.14", "2020-06-30": "$-0.24", "2020-03-31": "$-5.34", "2019-12-31": "$-1.01", "2019-09-30": "$-0.64", "2019-06-30": "$-14.11", "2019-03-31": "$-0.20", "2018-12-31": "$0.04", "2018-09-30": "$0.00", "2018-06-30": "$0.06", "2018-03-31": "$-0.18", "2017-12-31": "$-0.04", "2017-09-30": "$-0.07", "2017-06-30": "$-0.20", "2017-03-31": "$-0.32", "2016-12-31": "$-1.89", "2016-09-30": "$-3.62", "2016-06-30": "$-0.58", "2016-03-31": "$-0.32", "2015-12-31": "$-4.06", "2015-09-30": "$0.41", "2015-06-30": "$0.74", "2015-03-31": "$0.76", "2014-12-31": "$1.39", "2014-09-30": "$1.62", "2014-06-30": "$1.44", "2014-03-31": "$1.37", "2013-12-31": "$1.53", "2013-09-30": "$1.49", "2013-06-30": "$1.24", "2013-03-31": "$1.17", "2012-12-31": "$1.56", "2012-09-30": "$1.43", "2012-06-30": "$1.42", "2012-03-31": "$1.42", "2011-12-31": "$1.35", "2011-09-30": "$1.25", "2011-06-30": "$1.13", "2011-03-31": "$0.96", "2010-12-31": "$1.05", "2010-09-30": "$0.96", "2010-06-30": "$0.96", "2010-03-31": "$1.01", "2009-12-31": "$0.94", "2009-09-30": "$0.92", "2009-06-30": "$0.53", "2009-03-31": "$1.13", "2008-12-31": "$1.40", "2008-09-30": "$1.31", "2008-06-30": "$1.04", "2008-03-31": "$1.11", "2007-12-31": "$1.05", "2007-09-30": "$1.02", "2007-06-30": "$0.89", "2007-03-31": "$0.78", "2006-12-31": "$0.68", "2006-09-30": "$0.50", "2006-06-30": "$0.42", "2006-03-31": "$0.34", "2005-12-31": "$0.29", "2005-09-30": "$0.25", "2005-06-30": "$0.18", "2005-03-31": "$0.17"}}, "shares-outstanding": {"NOV Annual Shares Outstanding (Millions of Shares)": {"2020": "384", "2019": "382", "2018": "378", "2017": "377", "2016": "376", "2015": "387", "2014": "430", "2013": "428", "2012": "427", "2011": "424", "2010": "419", "2009": "417", "2008": "399", "2007": "355", "2006": "354", "2005": "317"}, "NOV Quarterly Shares Outstanding (Millions of Shares)": {"2020-12-31": "385", "2020-09-30": "385", "2020-06-30": "385", "2020-03-31": "383", "2019-12-31": "382", "2019-09-30": "382", "2019-06-30": "382", "2019-03-31": "380", "2018-12-31": "378", "2018-09-30": "383", "2018-06-30": "381", "2018-03-31": "377", "2017-12-31": "377", "2017-09-30": "377", "2017-06-30": "377", "2017-03-31": "376", "2016-12-31": "376", "2016-09-30": "376", "2016-06-30": "375", "2016-03-31": "375", "2015-12-31": "375", "2015-09-30": "381", "2015-06-30": "388", "2015-03-31": "409", "2014-12-31": "428", "2014-09-30": "431", "2014-06-30": "430", "2014-03-31": "429", "2013-12-31": "429", "2013-09-30": "428", "2013-06-30": "428", "2013-03-31": "428", "2012-12-31": "428", "2012-09-30": "427", "2012-06-30": "427", "2012-03-31": "426", "2011-12-31": "425", "2011-09-30": "425", "2011-06-30": "425", "2011-03-31": "423", "2010-12-31": "421", "2010-09-30": "419", "2010-06-30": "419", "2010-03-31": "419", "2009-12-31": "419", "2009-09-30": "418", "2009-06-30": "418", "2009-03-31": "418", "2008-12-31": "417", "2008-09-30": "418", "2008-06-30": "404", "2008-03-31": "359", "2007-12-31": "359", "2007-09-30": "358", "2007-06-30": "356", "2007-03-31": "355", "2006-12-31": "354", "2006-09-30": "354", "2006-06-30": "353", "2006-03-31": "353", "2005-12-31": "353", "2005-09-30": "352", "2005-06-30": "348", "2005-03-31": "213"}}, "total-assets": {"NOV Annual Total Assets (Millions of US $)": {"2019": "$13,149", "2018": "$19,796", "2017": "$20,206", "2016": "$21,140", "2015": "$25,970", "2014": "$33,562", "2013": "$34,812", "2012": "$31,484", "2011": "$25,515", "2010": "$23,050", "2009": "$21,532", "2008": "$21,479", "2007": "$12,115", "2006": "$9,019", "2005": "$6,679"}, "NOV Quarterly Total Assets (Millions of US $)": {"2020-09-30": "$10,168", "2020-06-30": "$10,447", "2020-03-31": "$10,690", "2019-12-31": "$13,149", "2019-09-30": "$14,005", "2019-06-30": "$14,349", "2019-03-31": "$20,002", "2018-12-31": "$19,796", "2018-09-30": "$19,893", "2018-06-30": "$19,758", "2018-03-31": "$20,010", "2017-12-31": "$20,206", "2017-09-30": "$20,934", "2017-06-30": "$20,887", "2017-03-31": "$20,904", "2016-12-31": "$21,140", "2016-09-30": "$22,194", "2016-06-30": "$23,784", "2016-03-31": "$24,754", "2015-12-31": "$25,970", "2015-09-30": "$29,628", "2015-06-30": "$31,225", "2015-03-31": "$32,424", "2014-12-31": "$33,562", "2014-09-30": "$34,270", "2014-06-30": "$33,827", "2014-03-31": "$35,480", "2013-12-31": "$34,812", "2013-09-30": "$34,673", "2013-06-30": "$33,593", "2013-03-31": "$33,556", "2012-12-31": "$31,484", "2012-09-30": "$28,662", "2012-06-30": "$27,833", "2012-03-31": "$26,287", "2011-12-31": "$25,515", "2011-09-30": "$24,544", "2011-06-30": "$23,756", "2011-03-31": "$23,156", "2010-12-31": "$23,050", "2010-09-30": "$22,231", "2010-06-30": "$21,648", "2010-03-31": "$21,466", "2009-12-31": "$21,532", "2009-09-30": "$22,362", "2009-06-30": "$21,939", "2009-03-31": "$22,080", "2008-12-31": "$21,479", "2008-09-30": "$21,735", "2008-06-30": "$21,272", "2008-03-31": "$13,101", "2007-12-31": "$12,115", "2007-09-30": "$11,346", "2007-06-30": "$10,310", "2007-03-31": "$9,670", "2006-12-31": "$9,019", "2006-09-30": "$8,191", "2006-06-30": "$7,599", "2006-03-31": "$7,010", "2005-12-31": "$6,679", "2005-09-30": "$6,368", "2005-06-30": "$6,383", "2005-03-31": "$6,237"}}, "cash-on-hand": {"NOV Annual Cash on Hand (Millions of US $)": {"2019": "$1,171", "2018": "$1,427", "2017": "$1,437", "2016": "$1,408", "2015": "$2,080", "2014": "$3,536", "2013": "$3,436", "2012": "$3,319", "2011": "$3,535", "2010": "$3,333", "2009": "$2,622", "2008": "$1,543", "2007": "$1,842", "2006": "$957", "2005": "$209"}, "NOV Quarterly Cash on Hand (Millions of US $)": {"2020-09-30": "$1,485", "2020-06-30": "$1,447", "2020-03-31": "$1,115", "2019-12-31": "$1,171", "2019-09-30": "$1,313", "2019-06-30": "$1,121", "2019-03-31": "$1,270", "2018-12-31": "$1,427", "2018-09-30": "$1,293", "2018-06-30": "$1,137", "2018-03-31": "$1,236", "2017-12-31": "$1,437", "2017-09-30": "$1,722", "2017-06-30": "$1,530", "2017-03-31": "$1,479", "2016-12-31": "$1,408", "2016-09-30": "$1,510", "2016-06-30": "$1,661", "2016-03-31": "$1,759", "2015-12-31": "$2,080", "2015-09-30": "$1,846", "2015-06-30": "$2,544", "2015-03-31": "$3,024", "2014-12-31": "$3,536", "2014-09-30": "$4,091", "2014-06-30": "$3,885", "2014-03-31": "$3,688", "2013-12-31": "$3,436", "2013-09-30": "$2,741", "2013-06-30": "$2,327", "2013-03-31": "$2,441", "2012-12-31": "$3,319", "2012-09-30": "$1,702", "2012-06-30": "$1,917", "2012-03-31": "$3,390", "2011-12-31": "$3,535", "2011-09-30": "$3,870", "2011-06-30": "$3,440", "2011-03-31": "$3,060", "2010-12-31": "$3,333", "2010-09-30": "$3,070", "2010-06-30": "$2,688", "2010-03-31": "$2,608", "2009-12-31": "$2,622", "2009-09-30": "$3,192", "2009-06-30": "$2,286", "2009-03-31": "$2,232", "2008-12-31": "$1,543", "2008-09-30": "$1,765", "2008-06-30": "$1,652", "2008-03-31": "$2,139", "2007-12-31": "$1,842", "2007-09-30": "$1,486", "2007-06-30": "$1,033", "2007-03-31": "$1,190", "2006-12-31": "$957", "2006-09-30": "$787", "2006-06-30": "$516", "2006-03-31": "$263", "2005-12-31": "$209", "2005-09-30": "$162", "2005-06-30": "$322", "2005-03-31": "$295"}}, "long-term-debt": {"NOV Annual Long Term Debt (Millions of US $)": {"2019": "$1,989", "2018": "$2,482", "2017": "$2,706", "2016": "$2,708", "2015": "$3,907", "2014": "$3,014", "2013": "$3,149", "2012": "$3,148", "2011": "$159", "2010": "$514", "2009": "$876", "2008": "$870", "2007": "$738", "2006": "$835", "2005": "$836"}, "NOV Quarterly Long Term Debt (Millions of US $)": {"2020-09-30": "$1,824", "2020-06-30": "$2,029", "2020-03-31": "$2,002", "2019-12-31": "$1,989", "2019-09-30": "$2,484", "2019-06-30": "$2,483", "2019-03-31": "$2,483", "2018-12-31": "$2,482", "2018-09-30": "$2,706", "2018-06-30": "$2,707", "2018-03-31": "$2,707", "2017-12-31": "$2,706", "2017-09-30": "$2,707", "2017-06-30": "$2,708", "2017-03-31": "$2,707", "2016-12-31": "$2,708", "2016-09-30": "$3,210", "2016-06-30": "$3,268", "2016-03-31": "$3,372", "2015-12-31": "$3,907", "2015-09-30": "$3,981", "2015-06-30": "$4,154", "2015-03-31": "$4,094", "2014-12-31": "$3,014", "2014-09-30": "$2,995", "2014-06-30": "$3,148", "2014-03-31": "$3,149", "2013-12-31": "$3,149", "2013-09-30": "$3,749", "2013-06-30": "$4,120", "2013-03-31": "$4,349", "2012-12-31": "$3,148", "2012-09-30": "$1,175", "2012-06-30": "$159", "2012-03-31": "$159", "2011-12-31": "$159", "2011-09-30": "$510", "2011-06-30": "$511", "2011-03-31": "$512", "2010-12-31": "$514", "2010-09-30": "$516", "2010-06-30": "$519", "2010-03-31": "$724", "2009-12-31": "$876", "2009-09-30": "$875", "2009-06-30": "$873", "2009-03-31": "$868", "2008-12-31": "$870", "2008-09-30": "$1,493", "2008-06-30": "$1,393", "2008-03-31": "$737", "2007-12-31": "$738", "2007-09-30": "$738", "2007-06-30": "$741", "2007-03-31": "$738", "2006-12-31": "$835", "2006-09-30": "$830", "2006-06-30": "$831", "2006-03-31": "$835", "2005-12-31": "$836", "2005-09-30": "$841", "2005-06-30": "$835", "2005-03-31": "$838"}}, "total-liabilities": {"NOV Annual Total Liabilities (Millions of US $)": {"2019": "$5,303", "2018": "$5,907", "2017": "$6,046", "2016": "$7,137", "2015": "$9,510", "2014": "$12,790", "2013": "$12,482", "2012": "$11,128", "2011": "$7,787", "2010": "$7,188", "2009": "$7,304", "2008": "$8,755", "2007": "$5,454", "2006": "$3,996", "2005": "$2,484"}, "NOV Quarterly Total Liabilities (Millions of US $)": {"2020-09-30": "$4,628", "2020-06-30": "$4,914", "2020-03-31": "$5,136", "2019-12-31": "$5,303", "2019-09-30": "$5,876", "2019-06-30": "$5,862", "2019-03-31": "$6,162", "2018-12-31": "$5,907", "2018-09-30": "$5,917", "2018-06-30": "$5,790", "2018-03-31": "$5,859", "2017-12-31": "$6,046", "2017-09-30": "$6,783", "2017-06-30": "$6,865", "2017-03-31": "$6,919", "2016-12-31": "$7,137", "2016-09-30": "$7,306", "2016-06-30": "$7,598", "2016-03-31": "$8,321", "2015-12-31": "$9,510", "2015-09-30": "$11,422", "2015-06-30": "$12,220", "2015-03-31": "$13,302", "2014-12-31": "$12,790", "2014-09-30": "$12,651", "2014-06-30": "$12,409", "2014-03-31": "$12,688", "2013-12-31": "$12,482", "2013-09-30": "$12,948", "2013-06-30": "$12,642", "2013-03-31": "$12,877", "2012-12-31": "$11,128", "2012-09-30": "$8,979", "2012-06-30": "$8,902", "2012-03-31": "$7,767", "2011-12-31": "$7,787", "2011-09-30": "$7,305", "2011-06-30": "$6,851", "2011-03-31": "$6,755", "2010-12-31": "$7,188", "2010-09-30": "$6,827", "2010-06-30": "$6,811", "2010-03-31": "$6,886", "2009-12-31": "$7,304", "2009-09-30": "$8,083", "2009-06-30": "$8,334", "2009-03-31": "$8,907", "2008-12-31": "$8,755", "2008-09-30": "$9,445", "2008-06-30": "$9,396", "2008-03-31": "$5,968", "2007-12-31": "$5,454", "2007-09-30": "$4,999", "2007-06-30": "$4,501", "2007-03-31": "$4,302", "2006-12-31": "$3,996", "2006-09-30": "$3,424", "2006-06-30": "$3,018", "2006-03-31": "$2,654", "2005-12-31": "$2,484", "2005-09-30": "$2,241", "2005-06-30": "$2,405", "2005-03-31": "$2,304"}}, "total-share-holder-equity": {"NOV Annual Share Holder Equity (Millions of US $)": {"2019": "$7,846", "2018": "$13,889", "2017": "$14,160", "2016": "$14,003", "2015": "$16,460", "2014": "$20,772", "2013": "$22,330", "2012": "$20,356", "2011": "$17,728", "2010": "$15,862", "2009": "$14,228", "2008": "$12,724", "2007": "$6,661", "2006": "$5,024", "2005": "$4,194"}, "NOV Quarterly Share Holder Equity (Millions of US $)": {"2020-09-30": "$5,540", "2020-06-30": "$5,533", "2020-03-31": "$5,554", "2019-12-31": "$7,846", "2019-09-30": "$8,129", "2019-06-30": "$8,487", "2019-03-31": "$13,840", "2018-12-31": "$13,889", "2018-09-30": "$13,976", "2018-06-30": "$13,968", "2018-03-31": "$14,151", "2017-12-31": "$14,160", "2017-09-30": "$14,151", "2017-06-30": "$14,022", "2017-03-31": "$13,985", "2016-12-31": "$14,003", "2016-09-30": "$14,888", "2016-06-30": "$16,186", "2016-03-31": "$16,433", "2015-12-31": "$16,460", "2015-09-30": "$18,206", "2015-06-30": "$19,005", "2015-03-31": "$19,122", "2014-12-31": "$20,772", "2014-09-30": "$21,619", "2014-06-30": "$21,418", "2014-03-31": "$22,792", "2013-12-31": "$22,330", "2013-09-30": "$21,725", "2013-06-30": "$20,951", "2013-03-31": "$20,679", "2012-12-31": "$20,356", "2012-09-30": "$19,683", "2012-06-30": "$18,931", "2012-03-31": "$18,520", "2011-12-31": "$17,728", "2011-09-30": "$17,239", "2011-06-30": "$16,905", "2011-03-31": "$16,401", "2010-12-31": "$15,862", "2010-09-30": "$15,404", "2010-06-30": "$14,837", "2010-03-31": "$14,580", "2009-12-31": "$14,228", "2009-09-30": "$14,279", "2009-06-30": "$13,605", "2009-03-31": "$13,173", "2008-12-31": "$12,724", "2008-09-30": "$12,290", "2008-06-30": "$11,876", "2008-03-31": "$7,132", "2007-12-31": "$6,661", "2007-09-30": "$6,347", "2007-06-30": "$5,810", "2007-03-31": "$5,368", "2006-12-31": "$5,024", "2006-09-30": "$4,768", "2006-06-30": "$4,581", "2006-03-31": "$4,356", "2005-12-31": "$4,194", "2005-09-30": "$4,127", "2005-06-30": "$3,978", "2005-03-31": "$3,933"}}, "profit-margins": {"current": "-41.74%"}, "gross margin": {"2020-12-31": "7.13%", "2020-09-30": "12.44%", "2020-06-30": "11.41%", "2020-03-31": "9.65%", "2019-12-31": "9.97%", "2019-09-30": "10.21%", "2019-06-30": "12.99%", "2019-03-31": "16.43%", "2018-12-31": "17.08%", "2018-09-30": "14.98%", "2018-06-30": "14.20%", "2018-03-31": "13.18%", "2017-12-31": "12.21%", "2017-09-30": "3.79%", "2017-06-30": "0.88%", "2017-03-31": "-2.00%", "2016-12-31": "-1.39%", "2016-09-30": "10.60%", "2016-06-30": "14.80%", "2016-03-31": "18.89%", "2015-12-31": "21.85%", "2015-09-30": "23.95%", "2015-06-30": "25.50%", "2015-03-31": "26.70%", "2014-12-31": "27.14%", "2014-09-30": "27.01%", "2014-06-30": "27.14%", "2014-03-31": "26.50%", "2013-12-31": "25.82%", "2013-09-30": "25.36%", "2013-06-30": "24.86%", "2013-03-31": "25.43%", "2012-12-31": "26.72%", "2012-09-30": "28.10%", "2012-06-30": "29.49%", "2012-03-31": "30.36%", "2011-12-31": "30.76%", "2011-09-30": "31.10%", "2011-06-30": "31.16%", "2011-03-31": "31.34%", "2010-12-31": "31.53%", "2010-09-30": "31.48%", "2010-06-30": "30.84%", "2010-03-31": "30.24%", "2009-12-31": "29.78%", "2009-09-30": "29.98%", "2009-06-30": "30.36%", "2009-03-31": "30.43%", "2008-12-31": "30.43%", "2008-09-30": "29.88%", "2008-06-30": "29.42%", "2008-03-31": "29.22%", "2007-12-31": "28.91%", "2007-09-30": "28.30%", "2007-06-30": "27.46%", "2007-03-31": "26.38%", "2006-12-31": "25.06%", "2006-09-30": "23.81%", "2006-06-30": "22.86%", "2006-03-31": "22.01%", "2005-12-31": "21.27%"}, "operating margin": {"2020-12-31": "-39.82%", "2020-09-30": "-35.11%", "2020-06-30": "-32.79%", "2020-03-31": "-97.14%", "2019-12-31": "-74.05%", "2019-09-30": "-67.97%", "2019-06-30": "-65.12%", "2019-03-31": "1.91%", "2018-12-31": "2.50%", "2018-09-30": "0.16%", "2018-06-30": "-0.87%", "2018-03-31": "-2.46%", "2017-12-31": "-3.79%", "2017-09-30": "-13.26%", "2017-06-30": "-30.87%", "2017-03-31": "-34.09%", "2016-12-31": "-33.25%", "2016-09-30": "-39.57%", "2016-06-30": "-18.68%", "2016-03-31": "-9.48%", "2015-12-31": "-2.64%", "2015-09-30": "11.82%", "2015-06-30": "14.24%", "2015-03-31": "15.56%", "2014-12-31": "16.58%", "2014-09-30": "17.16%", "2014-06-30": "17.26%", "2014-03-31": "16.75%", "2013-12-31": "16.16%", "2013-09-30": "15.83%", "2013-06-30": "15.55%", "2013-03-31": "16.30%", "2012-12-31": "17.75%", "2012-09-30": "18.81%", "2012-06-30": "19.82%", "2012-03-31": "20.27%", "2011-12-31": "20.04%", "2011-09-30": "19.99%", "2011-06-30": "19.76%", "2011-03-31": "19.71%", "2010-12-31": "20.13%", "2010-09-30": "20.06%", "2010-06-30": "19.98%", "2010-03-31": "18.20%", "2009-12-31": "18.21%", "2009-09-30": "19.15%", "2009-06-30": "19.79%", "2009-03-31": "21.49%", "2008-12-31": "21.64%", "2008-09-30": "21.38%", "2008-06-30": "21.16%", "2008-03-31": "21.20%", "2007-12-31": "20.88%", "2007-09-30": "20.09%", "2007-06-30": "18.92%", "2007-03-31": "17.46%", "2006-12-31": "15.83%", "2006-09-30": "14.15%", "2006-06-30": "13.04%", "2006-03-31": "11.40%", "2005-12-31": "10.27%"}, "ebitda margin": {"2020-09-30": "-4.24%", "2020-06-30": "-4.62%", "2020-03-31": "-32.42%", "2019-12-31": "-25.17%", "2019-09-30": "-23.88%", "2019-06-30": "-20.36%", "2019-03-31": "9.98%", "2018-12-31": "10.66%", "2018-09-30": "8.81%", "2018-06-30": "8.16%", "2018-03-31": "7.00%", "2017-12-31": "5.76%", "2017-09-30": "-3.34%", "2017-06-30": "-6.43%", "2017-03-31": "-9.47%", "2016-12-31": "-10.15%", "2016-09-30": "0.50%", "2016-06-30": "5.55%", "2016-03-31": "10.49%", "2015-12-31": "13.86%", "2015-09-30": "17.01%", "2015-06-30": "18.64%", "2015-03-31": "19.69%", "2014-12-31": "20.69%", "2014-09-30": "20.84%", "2014-06-30": "21.02%", "2014-03-31": "20.57%", "2013-12-31": "19.82%", "2013-09-30": "19.23%", "2013-06-30": "18.73%", "2013-03-31": "19.35%", "2012-12-31": "20.82%", "2012-09-30": "22.06%", "2012-06-30": "23.26%", "2012-03-31": "23.86%", "2011-12-31": "23.82%", "2011-09-30": "23.98%", "2011-06-30": "23.87%", "2011-03-31": "23.91%", "2010-12-31": "24.30%", "2010-09-30": "24.22%", "2010-06-30": "24.10%", "2010-03-31": "22.29%", "2009-12-31": "22.07%", "2009-09-30": "15.47%", "2009-06-30": "16.17%", "2009-03-31": "17.85%", "2008-12-31": "17.38%", "2008-09-30": "24.16%", "2008-06-30": "23.67%", "2008-03-31": "23.42%", "2007-12-31": "23.06%", "2007-09-30": "22.24%", "2007-06-30": "21.09%", "2007-03-31": "19.65%", "2006-12-31": "18.09%", "2006-09-30": "16.45%", "2006-06-30": "15.44%", "2006-03-31": "13.95%", "2005-12-31": "12.72%"}, "pre tax profit margin": {"2020-12-31": "-45.63%", "2020-09-30": "-40.94%", "2020-06-30": "-38.00%", "2020-03-31": "-101.90%", "2019-12-31": "-76.21%", "2019-09-30": "-69.68%", "2019-06-30": "-66.88%", "2019-03-31": "0.22%", "2018-12-31": "0.49%", "2018-09-30": "-1.60%", "2018-06-30": "-2.61%", "2018-03-31": "-4.38%", "2017-12-31": "-5.37%", "2017-09-30": "-15.21%", "2017-06-30": "-33.24%", "2017-03-31": "-37.04%", "2016-12-31": "-36.17%", "2016-09-30": "-42.17%", "2016-06-30": "-20.68%", "2016-03-31": "-10.94%", "2015-12-31": "-3.99%", "2015-09-30": "10.79%", "2015-06-30": "13.52%", "2015-03-31": "15.02%", "2014-12-31": "16.30%", "2014-09-30": "16.88%", "2014-06-30": "16.88%", "2014-03-31": "16.45%", "2013-12-31": "15.80%", "2013-09-30": "15.43%", "2013-06-30": "15.15%", "2013-03-31": "15.95%", "2012-12-31": "17.49%", "2012-09-30": "18.68%", "2012-06-30": "19.86%", "2012-03-31": "20.25%", "2011-12-31": "19.93%", "2011-09-30": "19.91%", "2011-06-30": "19.43%", "2011-03-31": "19.35%", "2010-12-31": "19.72%", "2010-09-30": "19.38%", "2010-06-30": "19.31%", "2010-03-31": "17.31%", "2009-12-31": "17.37%", "2009-09-30": "18.74%", "2009-06-30": "19.75%", "2009-03-31": "21.61%", "2008-12-31": "22.05%", "2008-09-30": "21.59%", "2008-06-30": "21.18%", "2008-03-31": "21.29%", "2007-12-31": "20.72%", "2007-09-30": "19.88%", "2007-06-30": "18.48%", "2007-03-31": "16.76%", "2006-12-31": "14.93%", "2006-09-30": "13.14%", "2006-06-30": "11.98%", "2006-03-31": "10.45%", "2005-12-31": "9.28%"}, "net profit margin": {"2020-12-31": "-41.74%", "2020-09-30": "-36.63%", "2020-06-30": "-35.56%", "2020-03-31": "-95.76%", "2019-12-31": "-71.88%", "2019-09-30": "-66.29%", "2019-06-30": "-63.23%", "2019-03-31": "-0.47%", "2018-12-31": "-0.37%", "2018-09-30": "-0.71%", "2018-06-30": "-1.09%", "2018-03-31": "-2.49%", "2017-12-31": "-3.24%", "2017-09-30": "-13.33%", "2017-06-30": "-33.24%", "2017-03-31": "-35.50%", "2016-12-31": "-33.26%", "2016-09-30": "-38.90%", "2016-06-30": "-17.14%", "2016-03-31": "-9.88%", "2015-12-31": "-5.21%", "2015-09-30": "7.60%", "2015-06-30": "9.45%", "2015-03-31": "10.40%", "2014-12-31": "11.67%", "2014-09-30": "12.20%", "2014-06-30": "12.32%", "2014-03-31": "12.23%", "2013-12-31": "11.55%", "2013-09-30": "11.38%", "2013-06-30": "11.02%", "2013-03-31": "11.34%", "2012-12-31": "12.43%", "2012-09-30": "12.88%", "2012-06-30": "13.60%", "2012-03-31": "13.87%", "2011-12-31": "13.60%", "2011-09-30": "13.71%", "2011-06-30": "13.49%", "2011-03-31": "13.46%", "2010-12-31": "13.71%", "2010-09-30": "13.38%", "2010-06-30": "13.14%", "2010-03-31": "11.59%", "2009-12-31": "11.56%", "2009-09-30": "12.40%", "2009-06-30": "13.10%", "2009-03-31": "14.23%", "2008-12-31": "14.53%", "2008-09-30": "14.20%", "2008-06-30": "13.89%", "2008-03-31": "14.16%", "2007-12-31": "13.67%", "2007-09-30": "13.03%", "2007-06-30": "12.02%", "2007-03-31": "10.94%", "2006-12-31": "9.74%", "2006-09-30": "8.65%", "2006-06-30": "7.94%", "2006-03-31": "6.96%", "2005-12-31": "6.20%"}, "pe ratio": {"current": "0.00", "2021-02-05": "0.00", "2020-12-31": "0.00", "2020-09-30": "0.00", "2020-06-30": "0.00", "2020-03-31": "0.00", "2019-12-31": "0.00", "2019-09-30": "0.00", "2019-06-30": "0.00", "2019-03-31": "0.00", "2018-12-31": "0.00", "2018-09-30": "0.00", "2018-06-30": "0.00", "2018-03-31": "0.00", "2017-12-31": "0.00", "2017-09-30": "0.00", "2017-06-30": "0.00", "2017-03-31": "0.00", "2016-12-31": "0.00", "2016-09-30": "0.00", "2016-06-30": "0.00", "2016-03-31": "0.00", "2015-12-31": "0.00", "2015-09-30": "10.78", "2015-06-30": "10.00", "2015-03-31": "8.88", "2014-12-31": "10.32", "2014-09-30": "11.63", "2014-06-30": "12.79", "2014-03-31": "11.23", "2013-12-31": "11.86", "2013-09-30": "11.54", "2013-06-30": "10.26", "2013-03-31": "10.16", "2012-12-31": "9.38", "2012-09-30": "11.38", "2012-06-30": "9.44", "2012-03-31": "12.28", "2011-12-31": "11.52", "2011-09-30": "9.25", "2011-06-30": "15.10", "2011-03-31": "15.95", "2010-12-31": "13.34", "2010-09-30": "9.06", "2010-06-30": "6.79", "2010-03-31": "9.36", "2009-12-31": "9.80", "2009-09-30": "8.26", "2009-06-30": "5.70", "2009-03-31": "4.49", "2008-12-31": "3.83", "2008-09-30": "8.49", "2008-06-30": "16.03", "2008-03-31": "10.93", "2007-12-31": "14.98", "2007-09-30": "16.37", "2007-06-30": "13.97", "2007-03-31": "12.52", "2006-12-31": "12.06"}, "price sales": {"2021-02-05": "0.84", "2020-12-31": "0.87", "2020-09-30": "0.49", "2020-06-30": "0.60", "2020-03-31": "0.45", "2019-12-31": "1.12", "2019-09-30": "0.93", "2019-06-30": "0.97", "2019-03-31": "1.16", "2018-12-31": "1.14", "2018-09-30": "2.01", "2018-06-30": "2.09", "2018-03-31": "1.85", "2017-12-31": "1.82", "2017-09-30": "1.87", "2017-06-30": "1.77", "2017-03-31": "2.16", "2016-12-31": "1.89", "2016-09-30": "1.62", "2016-06-30": "1.24", "2016-03-31": "0.95", "2015-12-31": "0.85", "2015-09-30": "0.81", "2015-06-30": "0.94", "2015-03-31": "0.92", "2014-12-31": "1.20", "2014-09-30": "1.42", "2014-06-30": "1.58", "2014-03-31": "1.37", "2013-12-31": "1.37", "2013-09-30": "1.31", "2013-06-30": "1.13", "2013-03-31": "1.15", "2012-12-31": "1.16", "2012-09-30": "1.46", "2012-06-30": "1.28", "2012-03-31": "1.70", "2011-12-31": "1.56", "2011-09-30": "1.27", "2011-06-30": "2.04", "2011-03-31": "2.15", "2010-12-31": "1.83", "2010-09-30": "1.21", "2010-06-30": "0.89", "2010-03-31": "1.09", "2009-12-31": "1.13", "2009-09-30": "1.03", "2009-06-30": "0.75", "2009-03-31": "0.64", "2008-12-31": "0.56", "2008-09-30": "1.21", "2008-06-30": "2.23", "2008-03-31": "1.55", "2007-12-31": "2.04", "2007-09-30": "2.13", "2007-06-30": "1.68", "2007-03-31": "1.37", "2006-12-31": "1.17"}, "price book": {"current": "0.94", "2021-02-05": "0.94", "2020-09-30": "0.63", "2020-06-30": "0.86", "2020-03-31": "0.69", "2019-12-31": "1.22", "2019-09-30": "1.00", "2019-06-30": "1.00", "2019-03-31": "0.73", "2018-12-31": "0.70", "2018-09-30": "1.16", "2018-06-30": "1.17", "2018-03-31": "0.98", "2017-12-31": "0.95", "2017-09-30": "0.94", "2017-06-30": "0.87", "2017-03-31": "1.06", "2016-12-31": "0.99", "2016-09-30": "0.91", "2016-06-30": "0.76", "2016-03-31": "0.69", "2015-12-31": "0.73", "2015-09-30": "0.73", "2015-06-30": "0.92", "2015-03-31": "0.96", "2014-12-31": "1.21", "2014-09-30": "1.38", "2014-06-30": "1.50", "2014-03-31": "1.19", "2013-12-31": "1.24", "2013-09-30": "1.24", "2013-06-30": "1.13", "2013-03-31": "1.17", "2012-12-31": "1.15", "2012-09-30": "1.39", "2012-06-30": "1.16", "2012-03-31": "1.46", "2011-12-31": "1.29", "2011-09-30": "1.00", "2011-06-30": "1.55", "2011-03-31": "1.62", "2010-12-31": "1.41", "2010-09-30": "0.95", "2010-06-30": "0.73", "2010-03-31": "0.91", "2009-12-31": "1.01", "2009-09-30": "0.96", "2009-06-30": "0.77", "2009-03-31": "0.69", "2008-12-31": "0.00", "2008-09-30": "1.30", "2008-06-30": "2.38", "2008-03-31": "2.23", "2007-12-31": "3.00", "2007-09-30": "3.10", "2007-06-30": "2.44", "2007-03-31": "1.96", "2006-12-31": "1.63", "2006-09-30": "1.64", "2006-06-30": "1.85", "2006-03-31": "1.96"}, "price fcf": {"2021-02-05": "", "2020-09-30": "$2.54", "2020-06-30": "$2.56", "2020-03-31": "$1.40", "2019-12-31": "$1.26", "2019-09-30": "$0.60", "2019-06-30": "$0.17", "2019-03-31": "$0.97", "2018-12-31": "$0.73", "2018-09-30": "$1.01", "2018-06-30": "$1.20", "2018-03-31": "$1.07", "2017-12-31": "$1.70", "2017-09-30": "$1.26", "2017-06-30": "$0.74", "2017-03-31": "$0.55", "2016-12-31": "$1.80", "2016-09-30": "$2.89", "2016-06-30": "$3.72", "2016-03-31": "$3.82", "2015-12-31": "$2.34", "2015-09-30": "$2.22", "2015-06-30": "$2.20", "2015-03-31": "$3.59", "2014-12-31": "$4.47", "2014-09-30": "$6.38", "2014-06-30": "$7.58", "2014-03-31": "$6.54", "2013-12-31": "$6.49", "2013-09-30": "$4.81", "2013-06-30": "$2.82", "2013-03-31": "$1.32", "2012-12-31": "$0.12", "2012-09-30": "$-0.24", "2012-06-30": "$0.94", "2012-03-31": "$3.74", "2011-12-31": "$3.91", "2011-09-30": "$4.52", "2011-06-30": "$4.26", "2011-03-31": "$2.71", "2010-12-31": "$3.11", "2010-09-30": "$1.56", "2010-06-30": "$2.16", "2010-03-31": "$2.87", "2009-12-31": "$4.40", "2009-09-30": "$0.82", "2009-06-30": "$0.05", "2009-03-31": "$0.16", "2008-12-31": "$-0.00", "2008-09-30": "$4.52", "2008-06-30": "$4.75", "2008-03-31": "$3.53", "2007-12-31": "$2.61", "2007-09-30": "$2.84", "2007-06-30": "$2.61", "2007-03-31": "$3.32", "2006-12-31": "$2.87"}, "net worth": {"value": "$5.19B"}, "current ratio": {"2020-12-31": "2.79", "2020-09-30": "2.85", "2020-06-30": "2.86", "2020-03-31": "2.73", "2019-12-31": "2.72", "2019-09-30": "2.86", "2019-06-30": "3.05", "2019-03-31": "3.30", "2018-12-31": "3.11", "2018-09-30": "3.17", "2018-06-30": "3.19", "2018-03-31": "3.37", "2017-12-31": "3.07", "2017-09-30": "2.75", "2017-06-30": "2.72", "2017-03-31": "2.72", "2016-12-31": "2.59", "2016-09-30": "3.33", "2016-06-30": "3.12", "2016-03-31": "2.93", "2015-12-31": "2.89", "2015-09-30": "2.49", "2015-06-30": "2.50", "2015-03-31": "2.30", "2014-12-31": "2.19", "2014-09-30": "2.32", "2014-06-30": "2.31", "2014-03-31": "2.43", "2013-12-31": "2.46", "2013-09-30": "2.57", "2013-06-30": "2.71", "2013-03-31": "2.70", "2012-12-31": "2.78", "2012-09-30": "2.41", "2012-06-30": "2.01", "2012-03-31": "2.36", "2011-12-31": "2.24", "2011-09-30": "2.54", "2011-06-30": "2.64", "2011-03-31": "2.60", "2010-12-31": "2.32", "2010-09-30": "2.67", "2010-06-30": "2.50", "2010-03-31": "2.55", "2009-12-31": "2.13", "2009-09-30": "2.09", "2009-06-30": "1.92", "2009-03-31": "1.77", "2008-12-31": "1.72", "2008-09-30": "1.73", "2008-06-30": "1.64", "2008-03-31": "1.88", "2007-12-31": "1.89", "2007-09-30": "1.88", "2007-06-30": "1.85", "2007-03-31": "1.84", "2006-12-31": "1.86", "2006-09-30": "2.11", "2006-06-30": "2.24", "2006-03-31": "2.43", "2005-12-31": "2.53", "2005-09-30": "3.00", "2005-06-30": "2.48", "2005-03-31": "2.57"}, "quick ratio": {"2020-12-31": "2.04", "2020-09-30": "1.93", "2020-06-30": "1.87", "2020-03-31": "1.79", "2019-12-31": "1.74", "2019-09-30": "1.75", "2019-06-30": "1.76", "2019-03-31": "1.81", "2018-12-31": "1.83", "2018-09-30": "1.78", "2018-06-30": "1.76", "2018-03-31": "1.90", "2017-12-31": "1.79", "2017-09-30": "1.62", "2017-06-30": "1.59", "2017-03-31": "1.57", "2016-12-31": "1.49", "2016-09-30": "1.74", "2016-06-30": "1.67", "2016-03-31": "1.61", "2015-12-31": "1.71", "2015-09-30": "1.50", "2015-06-30": "1.55", "2015-03-31": "1.49", "2014-12-31": "1.48", "2014-09-30": "1.56", "2014-06-30": "1.56", "2014-03-31": "1.63", "2013-12-31": "1.62", "2013-09-30": "1.61", "2013-06-30": "1.63", "2013-03-31": "1.60", "2012-12-31": "1.73", "2012-09-30": "1.35", "2012-06-30": "1.16", "2012-03-31": "1.53", "2011-12-31": "1.49", "2011-09-30": "1.71", "2011-06-30": "1.76", "2011-03-31": "1.74", "2010-12-31": "1.58", "2010-09-30": "1.75", "2010-06-30": "1.62", "2010-03-31": "1.64", "2009-12-31": "1.35", "2009-09-30": "1.33", "2009-06-30": "1.18", "2009-03-31": "1.10", "2008-12-31": "1.04", "2008-09-30": "1.09", "2008-06-30": "1.03", "2008-03-31": "1.26", "2007-12-31": "1.25", "2007-09-30": "1.26", "2007-06-30": "1.15", "2007-03-31": "1.17", "2006-12-31": "1.18", "2006-09-30": "1.29", "2006-06-30": "1.35", "2006-03-31": "1.44", "2005-12-31": "1.52", "2005-09-30": "1.77", "2005-06-30": "1.51", "2005-03-31": "1.51"}, "debt equity ratio": {"current": "0.33", "2020-12-31": "0.88", "2020-09-30": "0.84", "2020-06-30": "0.89", "2020-03-31": "0.93", "2019-12-31": "0.68", "2019-09-30": "0.72", "2019-06-30": "0.69", "2019-03-31": "0.45", "2018-12-31": "0.43", "2018-09-30": "0.42", "2018-06-30": "0.42", "2018-03-31": "0.41", "2017-12-31": "0.43", "2017-09-30": "0.48", "2017-06-30": "0.49", "2017-03-31": "0.50", "2016-12-31": "0.51", "2016-09-30": "0.49", "2016-06-30": "0.47", "2016-03-31": "0.51", "2015-12-31": "0.58", "2015-09-30": "0.63", "2015-06-30": "0.64", "2015-03-31": "0.70", "2014-12-31": "0.62", "2014-09-30": "0.59", "2014-06-30": "0.58", "2014-03-31": "0.56", "2013-12-31": "0.56", "2013-09-30": "0.60", "2013-06-30": "0.60", "2013-03-31": "0.62", "2012-12-31": "0.55", "2012-09-30": "0.46", "2012-06-30": "0.47", "2012-03-31": "0.42", "2011-12-31": "0.44", "2011-09-30": "0.42", "2011-06-30": "0.41", "2011-03-31": "0.41", "2010-12-31": "0.45", "2010-09-30": "0.44", "2010-06-30": "0.46", "2010-03-31": "0.47", "2009-12-31": "0.51", "2009-09-30": "0.57", "2009-06-30": "0.61", "2009-03-31": "0.68", "2008-12-31": "0.69", "2008-09-30": "0.77", "2008-06-30": "0.79", "2008-03-31": "0.84", "2007-12-31": "0.82", "2007-09-30": "0.79", "2007-06-30": "0.78", "2007-03-31": "0.80", "2006-12-31": "0.80", "2006-09-30": "0.72", "2006-06-30": "0.66", "2006-03-31": "0.61", "2005-12-31": "0.59", "2005-09-30": "0.54", "2005-06-30": "0.60", "2005-03-31": "0.59"}, "return on equity": {"2020-12-31": "-46.42%", "2020-09-30": "-42.17%", "2020-06-30": "-40.93%", "2020-03-31": "-107.48%", "2019-12-31": "-63.65%", "2019-09-30": "-51.40%", "2019-06-30": "-43.46%", "2019-03-31": "-0.29%", "2018-12-31": "-0.22%", "2018-09-30": "-0.41%", "2018-06-30": "-0.60%", "2018-03-31": "-1.30%", "2017-12-31": "-1.68%", "2017-09-30": "-6.67%", "2017-06-30": "-15.98%", "2017-03-31": "-16.36%", "2016-12-31": "-15.69%", "2016-09-30": "-20.14%", "2016-06-30": "-10.13%", "2016-03-31": "-6.84%", "2015-12-31": "-4.23%", "2015-09-30": "7.00%", "2015-06-30": "9.40%", "2015-03-31": "10.72%", "2014-12-31": "11.56%", "2014-09-30": "11.64%", "2014-06-30": "11.34%", "2014-03-31": "11.00%", "2013-12-31": "10.86%", "2013-09-30": "11.17%", "2013-06-30": "11.33%", "2013-03-31": "11.99%", "2012-12-31": "12.86%", "2012-09-30": "12.81%", "2012-06-30": "12.80%", "2012-03-31": "12.46%", "2011-12-31": "11.68%", "2011-09-30": "11.20%", "2011-06-30": "10.73%", "2011-03-31": "10.57%", "2010-12-31": "10.99%", "2010-09-30": "10.98%", "2010-06-30": "11.06%", "2010-03-31": "10.03%", "2009-12-31": "10.63%", "2009-09-30": "12.35%", "2009-06-30": "14.08%", "2009-03-31": "16.17%", "2008-12-31": "17.74%", "2008-09-30": "18.38%", "2008-06-30": "19.52%", "2008-03-31": "22.50%", "2007-12-31": "22.13%", "2007-09-30": "21.29%", "2007-06-30": "19.28%", "2007-03-31": "17.02%", "2006-12-31": "14.61%", "2006-09-30": "12.22%", "2006-06-30": "10.64%", "2006-03-31": "8.93%", "2005-12-31": "7.10%"}, "return on assets": {"2020-12-31": "-24.66%", "2020-09-30": "-23.22%", "2020-06-30": "-22.94%", "2020-03-31": "-61.81%", "2019-12-31": "-39.64%", "2019-09-30": "-33.44%", "2019-06-30": "-29.46%", "2019-03-31": "-0.20%", "2018-12-31": "-0.16%", "2018-09-30": "-0.29%", "2018-06-30": "-0.42%", "2018-03-31": "-0.89%", "2017-12-31": "-1.14%", "2017-09-30": "-4.47%", "2017-06-30": "-10.68%", "2017-03-31": "-10.97%", "2016-12-31": "-10.50%", "2016-09-30": "-13.32%", "2016-06-30": "-6.55%", "2016-03-31": "-4.29%", "2015-12-31": "-2.58%", "2015-09-30": "4.25%", "2015-06-30": "5.76%", "2015-03-31": "6.63%", "2014-12-31": "7.30%", "2014-09-30": "7.41%", "2014-06-30": "7.21%", "2014-03-31": "6.97%", "2013-12-31": "6.81%", "2013-09-30": "7.01%", "2013-06-30": "7.27%", "2013-03-31": "7.86%", "2012-12-31": "8.72%", "2012-09-30": "8.85%", "2012-06-30": "8.90%", "2012-03-31": "8.76%", "2011-12-31": "8.23%", "2011-09-30": "7.87%", "2011-06-30": "7.51%", "2011-03-31": "7.34%", "2010-12-31": "7.54%", "2010-09-30": "7.46%", "2010-06-30": "7.36%", "2010-03-31": "6.51%", "2009-12-31": "6.68%", "2009-09-30": "7.56%", "2009-06-30": "8.36%", "2009-03-31": "9.35%", "2008-12-31": "10.06%", "2008-09-30": "10.23%", "2008-06-30": "10.80%", "2008-03-31": "12.46%", "2007-12-31": "12.32%", "2007-09-30": "11.90%", "2007-06-30": "10.87%", "2007-03-31": "9.75%", "2006-12-31": "8.60%", "2006-09-30": "7.42%", "2006-06-30": "6.64%", "2006-03-31": "5.63%", "2005-12-31": "4.49%"}, "return on investments": {"2020-12-31": "-32.78%", "2020-09-30": "-30.61%", "2020-06-30": "-28.71%", "2020-03-31": "-83.96%", "2019-12-31": "-52.61%", "2019-09-30": "-43.06%", "2019-06-30": "-37.23%", "2019-03-31": "0.99%", "2018-12-31": "1.27%", "2018-09-30": "0.08%", "2018-06-30": "-0.40%", "2018-03-31": "-1.08%", "2017-12-31": "-1.65%", "2017-09-30": "-5.56%", "2017-06-30": "-12.38%", "2017-03-31": "-13.07%", "2016-12-31": "-13.02%", "2016-09-30": "-16.86%", "2016-06-30": "-9.08%", "2016-03-31": "-5.37%", "2015-12-31": "-1.75%", "2015-09-30": "9.08%", "2015-06-30": "12.03%", "2015-03-31": "13.83%", "2014-12-31": "14.38%", "2014-09-30": "14.35%", "2014-06-30": "13.82%", "2014-03-31": "12.97%", "2013-12-31": "12.89%", "2013-09-30": "13.13%", "2013-06-30": "13.83%", "2013-03-31": "15.51%", "2012-12-31": "17.32%", "2012-09-30": "18.31%", "2012-06-30": "18.40%", "2012-03-31": "17.87%", "2011-12-31": "16.79%", "2011-09-30": "15.85%", "2011-06-30": "15.23%", "2011-03-31": "14.99%", "2010-12-31": "15.55%", "2010-09-30": "15.76%", "2010-06-30": "16.00%", "2010-03-31": "14.87%", "2009-12-31": "15.75%", "2009-09-30": "17.91%", "2009-06-30": "19.70%", "2009-03-31": "22.37%", "2008-12-31": "23.97%", "2008-09-30": "24.81%", "2008-06-30": "26.72%", "2008-03-31": "30.25%", "2007-12-31": "30.13%", "2007-09-30": "28.91%", "2007-06-30": "26.39%", "2007-03-31": "23.35%", "2006-12-31": "20.16%", "2006-09-30": "16.86%", "2006-06-30": "14.64%", "2006-03-31": "12.18%", "2005-12-31": "9.74%"}, "return on tangible equity": {"2020-09-30": "-70.02%", "2020-06-30": "-72.71%", "2020-03-31": "-200.37%", "2019-12-31": "-141.74%", "2019-09-30": "-129.36%", "2019-06-30": "-120.13%", "2019-03-31": "-0.87%", "2018-12-31": "-0.67%", "2018-09-30": "-1.24%", "2018-06-30": "-1.82%", "2018-03-31": "-3.98%", "2017-12-31": "-5.22%", "2017-09-30": "-20.91%", "2017-06-30": "-48.98%", "2017-03-31": "-49.29%", "2016-12-31": "-46.44%", "2016-09-30": "-58.57%", "2016-06-30": "-30.42%", "2016-03-31": "-20.69%", "2015-12-31": "-12.90%", "2015-09-30": "20.75%", "2015-06-30": "26.42%", "2015-03-31": "29.26%", "2014-12-31": "30.30%", "2014-09-30": "30.65%", "2014-06-30": "30.63%", "2014-03-31": "30.80%", "2013-12-31": "32.48%", "2013-09-30": "32.38%", "2013-06-30": "31.18%", "2013-03-31": "31.27%", "2012-12-31": "30.60%", "2012-09-30": "30.31%", "2012-06-30": "30.27%", "2012-03-31": "29.23%", "2011-12-31": "28.32%", "2011-09-30": "27.94%", "2011-06-30": "27.35%", "2011-03-31": "27.75%", "2010-12-31": "29.77%", "2010-09-30": "30.71%", "2010-06-30": "32.23%", "2010-03-31": "30.70%", "2009-12-31": "34.33%", "2009-09-30": "42.49%", "2009-06-30": "54.15%", "2009-03-31": "70.02%", "2008-12-31": "66.41%", "2008-09-30": "58.13%", "2008-06-30": "49.94%", "2008-03-31": "44.71%", "2007-12-31": "46.21%", "2007-09-30": "47.00%", "2007-06-30": "44.35%", "2007-03-31": "40.48%", "2006-12-31": "36.24%", "2006-09-30": "31.52%", "2006-06-30": "29.13%", "2006-03-31": "25.58%", "2005-12-31": "20.87%"}, "dividend yield history": {"last payout": "$0.00", "last yield": "0.00%"}}