{"ticker": "NAVI", "price": {"title": "Navient Historical Annual Stock Price Data", "value": 12.43, "historical": {"2020": {"Average Stock Price": "9.2558", "Year Open": "13.6550", "Year High": "15.4500", "Year Low": "5.0000", "Year Close": "9.8200", "Annual % Change": "-28.22%"}, "2019": {"Average Stock Price": "12.8342", "Year Open": "9.2900", "Year High": "15.0900", "Year Low": "9.2900", "Year Close": "13.6800", "Annual % Change": "55.28%"}, "2018": {"Average Stock Price": "13.0525", "Year Open": "13.6300", "Year High": "14.9000", "Year Low": "8.4300", "Year Close": "8.8100", "Annual % Change": "-33.86%"}, "2017": {"Average Stock Price": "14.4047", "Year Open": "16.6200", "Year High": "16.8500", "Year Low": "11.6200", "Year Close": "13.3200", "Annual % Change": "-18.93%"}, "2016": {"Average Stock Price": "13.1735", "Year Open": "11.5000", "Year High": "17.8500", "Year Low": "8.4100", "Year Close": "16.4300", "Annual % Change": "43.49%"}, "2015": {"Average Stock Price": "16.6940", "Year Open": "21.8200", "Year High": "22.3700", "Year Low": "10.9600", "Year Close": "11.4500", "Annual % Change": "-47.02%"}, "2014": {"Average Stock Price": "18.1639", "Year Open": "16.9900", "Year High": "22.5700", "Year Low": "15.6800", "Year Close": "21.6100", "Annual % Change": "0.00%"}}}, "market cap": {"value": "$2.32B"}, "income statement": {"Revenue": {"2020-12-31": "3728.00000", "2019-12-31": "5529.00000", "2018-12-31": "5610.00000", "2017-12-31": "5179.00000", "2016-12-31": "4965.00000", "2015-12-31": "5197.00000", "2014-12-31": "5637.00000", "2013-12-31": "6263.00000", "2012-12-31": "6013.00000", "2011-12-31": "5659.00000", "2010-12-31": "5647.00000"}, "Cost Of Goods Sold": {"2020-12-31": "2046.00000", "2019-12-31": "3488.00000", "2018-12-31": "3668.00000", "2017-12-31": "2971.00000", "2016-12-31": "2441.00000", "2015-12-31": "2074.00000", "2014-12-31": "2063.00000", "2013-12-31": "2210.00000", "2012-12-31": "2561.00000", "2011-12-31": "2401.00000", "2010-12-31": ""}, "Gross Profit": {"2020-12-31": "1682.00000", "2019-12-31": "2041.00000", "2018-12-31": "1942.00000", "2017-12-31": "2208.00000", "2016-12-31": "2524.00000", "2015-12-31": "3123.00000", "2014-12-31": "3574.00000", "2013-12-31": "4053.00000", "2012-12-31": "3452.00000", "2011-12-31": "3258.00000", "2010-12-31": "5647.00000"}, "Research And Development Expenses": {"2020-12-31": "", "2019-12-31": "", "2018-12-31": "", "2017-12-31": "", "2016-12-31": "", "2015-12-31": "", "2014-12-31": "", "2013-12-31": "", "2012-12-31": "", "2011-12-31": "", "2010-12-31": ""}, "SG&A Expenses": {"2020-12-31": "1119.00000", "2019-12-31": "1242.00000", "2018-12-31": "1354.00000", "2017-12-31": "1392.00000", "2016-12-31": "1380.00000", "2015-12-31": "1499.00000", "2014-12-31": "1634.00000", "2013-12-31": "1881.00000", "2012-12-31": "1977.00000", "2011-12-31": "2300.00000", "2010-12-31": "2300.00000"}, "Other Operating Income Or Expenses": {"2020-12-31": "", "2019-12-31": "", "2018-12-31": "", "2017-12-31": "", "2016-12-31": "", "2015-12-31": "", "2014-12-31": "", "2013-12-31": "", "2012-12-31": "", "2011-12-31": "", "2010-12-31": ""}, "Operating Expenses": {"2020-12-31": "3187.00000", "2019-12-31": "4760.00000", "2018-12-31": "5069.00000", "2017-12-31": "4386.00000", "2016-12-31": "3857.00000", "2015-12-31": "3585.00000", "2014-12-31": "3706.00000", "2013-12-31": "4104.00000", "2012-12-31": "4565.00000", "2011-12-31": "4722.00000", "2010-12-31": "2321.00000"}, "Operating Income": {"2020-12-31": "541.00000", "2019-12-31": "769.00000", "2018-12-31": "541.00000", "2017-12-31": "793.00000", "2016-12-31": "1108.00000", "2015-12-31": "1612.00000", "2014-12-31": "1931.00000", "2013-12-31": "2159.00000", "2012-12-31": "1448.00000", "2011-12-31": "937.00000", "2010-12-31": "3326.00000"}, "Total Non-Operating Income/Expense": {"2020-12-31": "-9.00000", "2019-12-31": "-6.00000", "2018-12-31": "-13.00000", "2017-12-31": "-29.00000", "2016-12-31": "", "2015-12-31": "-32.00000", "2014-12-31": "-113.00000", "2013-12-31": "-72.00000", "2012-12-31": "-11.00000", "2011-12-31": "-12.00000", "2010-12-31": ""}, "Pre-Tax Income": {"2020-12-31": "532.00000", "2019-12-31": "763.00000", "2018-12-31": "528.00000", "2017-12-31": "764.00000", "2016-12-31": "1108.00000", "2015-12-31": "1580.00000", "2014-12-31": "1818.00000", "2013-12-31": "2087.00000", "2012-12-31": "1437.00000", "2011-12-31": "925.00000", "2010-12-31": "925.00000"}, "Income Taxes": {"2020-12-31": "120.00000", "2019-12-31": "166.00000", "2018-12-31": "133.00000", "2017-12-31": "472.00000", "2016-12-31": "427.00000", "2015-12-31": "597.00000", "2014-12-31": "681.00000", "2013-12-31": "776.00000", "2012-12-31": "498.00000", "2011-12-31": "328.00000", "2010-12-31": "328.00000"}, "Income After Taxes": {"2020-12-31": "412.00000", "2019-12-31": "597.00000", "2018-12-31": "395.00000", "2017-12-31": "292.00000", "2016-12-31": "681.00000", "2015-12-31": "983.00000", "2014-12-31": "1137.00000", "2013-12-31": "1311.00000", "2012-12-31": "939.00000", "2011-12-31": "597.00000", "2010-12-31": "597.00000"}, "Other Income": {"2020-12-31": "", "2019-12-31": "", "2018-12-31": "", "2017-12-31": "", "2016-12-31": "", "2015-12-31": "", "2014-12-31": "", "2013-12-31": "", "2012-12-31": "", "2011-12-31": "", "2010-12-31": ""}, "Income From Continuous Operations": {"2020-12-31": "412.00000", "2019-12-31": "597.00000", "2018-12-31": "395.00000", "2017-12-31": "292.00000", "2016-12-31": "681.00000", "2015-12-31": "983.00000", "2014-12-31": "1137.00000", "2013-12-31": "1311.00000", "2012-12-31": "939.00000", "2011-12-31": "597.00000", "2010-12-31": "598.00000"}, "Income From Discontinued Operations": {"2020-12-31": "", "2019-12-31": "", "2018-12-31": "", "2017-12-31": "", "2016-12-31": "", "2015-12-31": "1.00000", "2014-12-31": "", "2013-12-31": "106.00000", "2012-12-31": "-2.00000", "2011-12-31": "35.00000", "2010-12-31": "35.00000"}, "Net Income": {"2020-12-31": "412.00000", "2019-12-31": "597.00000", "2018-12-31": "395.00000", "2017-12-31": "292.00000", "2016-12-31": "681.00000", "2015-12-31": "984.00000", "2014-12-31": "1131.00000", "2013-12-31": "1398.00000", "2012-12-31": "919.00000", "2011-12-31": "615.00000", "2010-12-31": "633.00000"}, "EBITDA": {"2020-12-31": "", "2019-12-31": "", "2018-12-31": "", "2017-12-31": "", "2016-12-31": "", "2015-12-31": "", "2014-12-31": "", "2013-12-31": "", "2012-12-31": "", "2011-12-31": "", "2010-12-31": ""}, "EBIT": {"2020-12-31": "", "2019-12-31": "", "2018-12-31": "", "2017-12-31": "", "2016-12-31": "", "2015-12-31": "", "2014-12-31": "", "2013-12-31": "", "2012-12-31": "", "2011-12-31": "", "2010-12-31": ""}, "Basic Shares Outstanding": {"2020-12-31": "192.52340", "2019-12-31": "230.00000", "2018-12-31": "260.00000", "2017-12-31": "275.00000", "2016-12-31": "316.00000", "2015-12-31": "376.00000", "2014-12-31": "417.00000", "2013-12-31": "440.00000", "2012-12-31": "476.00000", "2011-12-31": "517.00000", "2010-12-31": ""}, "Shares Outstanding": {"2020-12-31": "195.00000", "2019-12-31": "233.00000", "2018-12-31": "264.00000", "2017-12-31": "281.00000", "2016-12-31": "322.00000", "2015-12-31": "382.00000", "2014-12-31": "425.00000", "2013-12-31": "449.00000", "2012-12-31": "483.00000", "2011-12-31": "523.00000", "2010-12-31": ""}, "Basic EPS": {"2020-12-31": "2.14000", "2019-12-31": "2.59000", "2018-12-31": "1.52000", "2017-12-31": "1.06000", "2016-12-31": "2.15000", "2015-12-31": "2.62000", "2014-12-31": "2.71000", "2013-12-31": "3.18000", "2012-12-31": "1.93000", "2011-12-31": "1.19000", "2010-12-31": ""}, "EPS - Earnings Per Share": {"2020-12-31": "2.12000", "2019-12-31": "2.56000", "2018-12-31": "1.49000", "2017-12-31": "1.04000", "2016-12-31": "2.12000", "2015-12-31": "2.58000", "2014-12-31": "2.66000", "2013-12-31": "3.12000", "2012-12-31": "1.90000", "2011-12-31": "1.18000", "2010-12-31": "0.00000"}}, "income statement, quarterly": {"Revenue": {"2020-12-31": "898.00000", "2020-09-30": "938.00000", "2020-06-30": "952.00000", "2020-03-31": "939.00000", "2019-12-31": "1288.00000", "2019-09-30": "1362.00000", "2019-06-30": "1426.00000", "2019-03-31": "1453.00000", "2018-12-31": "1418.00000", "2018-09-30": "1446.00000", "2018-06-30": "1363.00000", "2018-03-31": "1383.00000", "2017-12-31": "1377.00000", "2017-09-30": "1403.00000", "2017-06-30": "1232.00000", "2017-03-31": "1167.00000", "2016-12-31": "1253.00000", "2016-09-30": "1350.00000", "2016-06-30": "1151.00000", "2016-03-31": "1211.00000", "2015-12-31": "1328.00000", "2015-09-30": "1258.00000", "2015-06-30": "1265.00000", "2015-03-31": "1346.00000", "2014-12-31": "1301.00000", "2014-09-30": "1420.00000", "2014-06-30": "1450.00000", "2014-03-31": "1466.00000", "2013-12-31": "1382.00000", "2013-09-30": "1409.00000", "2013-06-30": "1827.00000", "2013-03-31": "1616.00000", "2012-12-31": "", "2011-12-31": ""}, "Cost Of Goods Sold": {"2020-12-31": "387.00000", "2020-09-30": "425.00000", "2020-06-30": "519.00000", "2020-03-31": "714.00000", "2019-12-31": "774.00000", "2019-09-30": "854.00000", "2019-06-30": "911.00000", "2019-03-31": "949.00000", "2018-12-31": "961.00000", "2018-09-30": "935.00000", "2018-06-30": "929.00000", "2018-03-31": "843.00000", "2017-12-31": "792.00000", "2017-09-30": "785.00000", "2017-06-30": "719.00000", "2017-03-31": "675.00000", "2016-12-31": "650.00000", "2016-09-30": "627.00000", "2016-06-30": "599.00000", "2016-03-31": "565.00000", "2015-12-31": "521.00000", "2015-09-30": "524.00000", "2015-06-30": "515.00000", "2015-03-31": "514.00000", "2014-12-31": "512.00000", "2014-09-30": "508.00000", "2014-06-30": "513.00000", "2014-03-31": "530.00000", "2013-12-31": "", "2013-09-30": "541.00000", "2013-06-30": "553.00000", "2013-03-31": "571.00000", "2012-12-31": "", "2011-12-31": ""}, "Gross Profit": {"2020-12-31": "511.00000", "2020-09-30": "513.00000", "2020-06-30": "433.00000", "2020-03-31": "225.00000", "2019-12-31": "514.00000", "2019-09-30": "508.00000", "2019-06-30": "515.00000", "2019-03-31": "504.00000", "2018-12-31": "457.00000", "2018-09-30": "511.00000", "2018-06-30": "434.00000", "2018-03-31": "540.00000", "2017-12-31": "585.00000", "2017-09-30": "618.00000", "2017-06-30": "513.00000", "2017-03-31": "492.00000", "2016-12-31": "603.00000", "2016-09-30": "723.00000", "2016-06-30": "552.00000", "2016-03-31": "646.00000", "2015-12-31": "807.00000", "2015-09-30": "734.00000", "2015-06-30": "750.00000", "2015-03-31": "832.00000", "2014-12-31": "789.00000", "2014-09-30": "912.00000", "2014-06-30": "937.00000", "2014-03-31": "936.00000", "2013-12-31": "1382.00000", "2013-09-30": "868.00000", "2013-06-30": "1274.00000", "2013-03-31": "1045.00000", "2012-12-31": "", "2011-12-31": ""}, "Research And Development Expenses": {"2020-12-31": "", "2020-09-30": "", "2020-06-30": "", "2020-03-31": "", "2019-12-31": "", "2019-09-30": "", "2019-06-30": "", "2019-03-31": "", "2018-12-31": "", "2018-09-30": "", "2018-06-30": "", "2018-03-31": "", "2017-12-31": "", "2017-09-30": "", "2017-06-30": "", "2017-03-31": "", "2016-12-31": "", "2016-09-30": "", "2016-06-30": "", "2016-03-31": "", "2015-12-31": "", "2015-09-30": "", "2015-06-30": "", "2015-03-31": "", "2014-12-31": "", "2014-09-30": "", "2014-06-30": "", "2014-03-31": "", "2013-12-31": "", "2013-09-30": "", "2013-06-30": "", "2013-03-31": "", "2012-12-31": "", "2011-12-31": ""}, "SG&A Expenses": {"2020-12-31": "271.00000", "2020-09-30": "246.00000", "2020-06-30": "257.00000", "2020-03-31": "346.00000", "2019-12-31": "286.00000", "2019-09-30": "315.00000", "2019-06-30": "309.00000", "2019-03-31": "332.00000", "2018-12-31": "339.00000", "2018-09-30": "340.00000", "2018-06-30": "313.00000", "2018-03-31": "362.00000", "2017-12-31": "369.00000", "2017-09-30": "343.00000", "2017-06-30": "335.00000", "2017-03-31": "345.00000", "2016-12-31": "348.00000", "2016-09-30": "334.00000", "2016-06-30": "340.00000", "2016-03-31": "358.00000", "2015-12-31": "370.00000", "2015-09-30": "351.00000", "2015-06-30": "423.00000", "2015-03-31": "355.00000", "2014-12-31": "372.00000", "2014-09-30": "335.00000", "2014-06-30": "376.00000", "2014-03-31": "551.00000", "2013-12-31": "686.00000", "2013-09-30": "464.00000", "2013-06-30": "445.00000", "2013-03-31": "476.00000", "2012-12-31": "", "2011-12-31": ""}, "Other Operating Income Or Expenses": {"2020-12-31": "", "2020-09-30": "", "2020-06-30": "", "2020-03-31": "", "2019-12-31": "", "2019-09-30": "", "2019-06-30": "", "2019-03-31": "", "2018-12-31": "", "2018-09-30": "", "2018-06-30": "", "2018-03-31": "", "2017-12-31": "", "2017-09-30": "", "2017-06-30": "", "2017-03-31": "", "2016-12-31": "", "2016-09-30": "", "2016-06-30": "", "2016-03-31": "", "2015-12-31": "", "2015-09-30": "", "2015-06-30": "", "2015-03-31": "", "2014-12-31": "", "2014-09-30": "", "2014-06-30": "", "2014-03-31": "", "2013-12-31": "", "2013-09-30": "", "2013-06-30": "", "2013-03-31": "", "2012-12-31": "", "2011-12-31": ""}, "Operating Expenses": {"2020-12-31": "663.00000", "2020-09-30": "676.00000", "2020-06-30": "781.00000", "2020-03-31": "1065.00000", "2019-12-31": "1066.00000", "2019-09-30": "1175.00000", "2019-06-30": "1231.00000", "2019-03-31": "1288.00000", "2018-12-31": "1309.00000", "2018-09-30": "1298.00000", "2018-06-30": "1248.00000", "2018-03-31": "1214.00000", "2017-12-31": "1166.00000", "2017-09-30": "1134.00000", "2017-06-30": "1060.00000", "2017-03-31": "1026.00000", "2016-12-31": "1012.00000", "2016-09-30": "973.00000", "2016-06-30": "945.00000", "2016-03-31": "927.00000", "2015-12-31": "896.00000", "2015-09-30": "878.00000", "2015-06-30": "941.00000", "2015-03-31": "870.00000", "2014-12-31": "885.00000", "2014-09-30": "845.00000", "2014-06-30": "891.00000", "2014-03-31": "1085.00000", "2013-12-31": "689.00000", "2013-09-30": "1009.00000", "2013-06-30": "1001.00000", "2013-03-31": "1050.00000", "2012-12-31": "", "2011-12-31": ""}, "Operating Income": {"2020-12-31": "235.00000", "2020-09-30": "262.00000", "2020-06-30": "171.00000", "2020-03-31": "-126.00000", "2019-12-31": "222.00000", "2019-09-30": "187.00000", "2019-06-30": "195.00000", "2019-03-31": "165.00000", "2018-12-31": "109.00000", "2018-09-30": "148.00000", "2018-06-30": "115.00000", "2018-03-31": "169.00000", "2017-12-31": "211.00000", "2017-09-30": "269.00000", "2017-06-30": "172.00000", "2017-03-31": "141.00000", "2016-12-31": "241.00000", "2016-09-30": "377.00000", "2016-06-30": "206.00000", "2016-03-31": "284.00000", "2015-12-31": "432.00000", "2015-09-30": "380.00000", "2015-06-30": "324.00000", "2015-03-31": "476.00000", "2014-12-31": "416.00000", "2014-09-30": "575.00000", "2014-06-30": "559.00000", "2014-03-31": "381.00000", "2013-12-31": "693.00000", "2013-09-30": "400.00000", "2013-06-30": "826.00000", "2013-03-31": "566.00000", "2012-12-31": "", "2011-12-31": ""}, "Total Non-Operating Income/Expense": {"2020-12-31": "", "2020-09-30": "-3.00000", "2020-06-30": "-1.00000", "2020-03-31": "-5.00000", "2019-12-31": "-2.00000", "2019-09-30": "-2.00000", "2019-06-30": "-1.00000", "2019-03-31": "-1.00000", "2018-12-31": "-3.00000", "2018-09-30": "-1.00000", "2018-06-30": "-2.00000", "2018-03-31": "-7.00000", "2017-12-31": "", "2017-09-30": "", "2017-06-30": "", "2017-03-31": "", "2016-12-31": "", "2016-09-30": "", "2016-06-30": "", "2016-03-31": "", "2015-12-31": "", "2015-09-30": "", "2015-06-30": "-29.00000", "2015-03-31": "-3.00000", "2014-12-31": "-12.00000", "2014-09-30": "-14.00000", "2014-06-30": "-61.00000", "2014-03-31": "-26.00000", "2013-12-31": "-27.00000", "2013-09-30": "-12.00000", "2013-06-30": "-23.00000", "2013-03-31": "-10.00000", "2012-12-31": "", "2011-12-31": ""}, "Pre-Tax Income": {"2020-12-31": "235.00000", "2020-09-30": "259.00000", "2020-06-30": "170.00000", "2020-03-31": "-131.00000", "2019-12-31": "220.00000", "2019-09-30": "185.00000", "2019-06-30": "194.00000", "2019-03-31": "164.00000", "2018-12-31": "106.00000", "2018-09-30": "147.00000", "2018-06-30": "113.00000", "2018-03-31": "162.00000", "2017-12-31": "182.00000", "2017-09-30": "269.00000", "2017-06-30": "172.00000", "2017-03-31": "141.00000", "2016-12-31": "241.00000", "2016-09-30": "377.00000", "2016-06-30": "206.00000", "2016-03-31": "284.00000", "2015-12-31": "432.00000", "2015-09-30": "380.00000", "2015-06-30": "295.00000", "2015-03-31": "473.00000", "2014-12-31": "404.00000", "2014-09-30": "561.00000", "2014-06-30": "498.00000", "2014-03-31": "355.00000", "2013-12-31": "340.00000", "2013-09-30": "388.00000", "2013-06-30": "803.00000", "2013-03-31": "556.00000", "2012-12-31": "", "2011-12-31": ""}, "Income Taxes": {"2020-12-31": "49.00000", "2020-09-30": "52.00000", "2020-06-30": "45.00000", "2020-03-31": "-25.00000", "2019-12-31": "49.00000", "2019-09-30": "40.00000", "2019-06-30": "41.00000", "2019-03-31": "36.00000", "2018-12-31": "34.00000", "2018-09-30": "33.00000", "2018-06-30": "30.00000", "2018-03-31": "36.00000", "2017-12-31": "266.00000", "2017-09-30": "93.00000", "2017-06-30": "60.00000", "2017-03-31": "53.00000", "2016-12-31": "96.00000", "2016-09-30": "147.00000", "2016-06-30": "81.00000", "2016-03-31": "103.00000", "2015-12-31": "159.00000", "2015-09-30": "144.00000", "2015-06-30": "113.00000", "2015-03-31": "181.00000", "2014-12-31": "154.00000", "2014-09-30": "200.00000", "2014-06-30": "191.00000", "2014-03-31": "136.00000", "2013-12-31": "130.00000", "2013-09-30": "136.00000", "2013-06-30": "299.00000", "2013-03-31": "211.00000", "2012-12-31": "", "2011-12-31": ""}, "Income After Taxes": {"2020-12-31": "186.00000", "2020-09-30": "207.00000", "2020-06-30": "125.00000", "2020-03-31": "-106.00000", "2019-12-31": "171.00000", "2019-09-30": "145.00000", "2019-06-30": "153.00000", "2019-03-31": "128.00000", "2018-12-31": "72.00000", "2018-09-30": "114.00000", "2018-06-30": "83.00000", "2018-03-31": "126.00000", "2017-12-31": "-84.00000", "2017-09-30": "176.00000", "2017-06-30": "112.00000", "2017-03-31": "88.00000", "2016-12-31": "145.00000", "2016-09-30": "230.00000", "2016-06-30": "125.00000", "2016-03-31": "181.00000", "2015-12-31": "273.00000", "2015-09-30": "236.00000", "2015-06-30": "182.00000", "2015-03-31": "292.00000", "2014-12-31": "250.00000", "2014-09-30": "361.00000", "2014-06-30": "307.00000", "2014-03-31": "219.00000", "2013-12-31": "210.00000", "2013-09-30": "252.00000", "2013-06-30": "504.00000", "2013-03-31": "345.00000", "2012-12-31": "", "2011-12-31": ""}, "Other Income": {"2020-12-31": "", "2020-09-30": "", "2020-06-30": "", "2020-03-31": "", "2019-12-31": "", "2019-09-30": "", "2019-06-30": "", "2019-03-31": "", "2018-12-31": "", "2018-09-30": "", "2018-06-30": "", "2018-03-31": "", "2017-12-31": "", "2017-09-30": "", "2017-06-30": "", "2017-03-31": "", "2016-12-31": "", "2016-09-30": "", "2016-06-30": "", "2016-03-31": "", "2015-12-31": "", "2015-09-30": "", "2015-06-30": "", "2015-03-31": "", "2014-12-31": "", "2014-09-30": "", "2014-06-30": "", "2014-03-31": "", "2013-12-31": "", "2013-09-30": "", "2013-06-30": "", "2013-03-31": "", "2012-12-31": "", "2011-12-31": ""}, "Income From Continuous Operations": {"2020-12-31": "186.00000", "2020-09-30": "207.00000", "2020-06-30": "125.00000", "2020-03-31": "-106.00000", "2019-12-31": "171.00000", "2019-09-30": "145.00000", "2019-06-30": "153.00000", "2019-03-31": "128.00000", "2018-12-31": "72.00000", "2018-09-30": "114.00000", "2018-06-30": "83.00000", "2018-03-31": "126.00000", "2017-12-31": "-84.00000", "2017-09-30": "176.00000", "2017-06-30": "112.00000", "2017-03-31": "88.00000", "2016-12-31": "145.00000", "2016-09-30": "230.00000", "2016-06-30": "125.00000", "2016-03-31": "181.00000", "2015-12-31": "273.00000", "2015-09-30": "236.00000", "2015-06-30": "182.00000", "2015-03-31": "292.00000", "2014-12-31": "250.00000", "2014-09-30": "361.00000", "2014-06-30": "307.00000", "2014-03-31": "219.00000", "2013-12-31": "211.00000", "2013-09-30": "252.00000", "2013-06-30": "504.00000", "2013-03-31": "345.00000", "2012-12-31": "", "2011-12-31": ""}, "Income From Discontinued Operations": {"2020-12-31": "", "2020-09-30": "", "2020-06-30": "", "2020-03-31": "", "2019-12-31": "", "2019-09-30": "", "2019-06-30": "", "2019-03-31": "", "2018-12-31": "", "2018-09-30": "", "2018-06-30": "", "2018-03-31": "", "2017-12-31": "", "2017-09-30": "", "2017-06-30": "", "2017-03-31": "", "2016-12-31": "", "2016-09-30": "", "2016-06-30": "", "2016-03-31": "", "2015-12-31": "", "2015-09-30": "1.00000", "2015-06-30": "", "2015-03-31": "", "2014-12-31": "", "2014-09-30": "-2.00000", "2014-06-30": "", "2014-03-31": "", "2013-12-31": "59.00000", "2013-09-30": "8.00000", "2013-06-30": "38.00000", "2013-03-31": "1.00000", "2012-12-31": "", "2011-12-31": ""}, "Net Income": {"2020-12-31": "186.00000", "2020-09-30": "207.00000", "2020-06-30": "125.00000", "2020-03-31": "-106.00000", "2019-12-31": "171.00000", "2019-09-30": "145.00000", "2019-06-30": "153.00000", "2019-03-31": "128.00000", "2018-12-31": "72.00000", "2018-09-30": "114.00000", "2018-06-30": "83.00000", "2018-03-31": "126.00000", "2017-12-31": "-84.00000", "2017-09-30": "176.00000", "2017-06-30": "112.00000", "2017-03-31": "88.00000", "2016-12-31": "145.00000", "2016-09-30": "230.00000", "2016-06-30": "125.00000", "2016-03-31": "181.00000", "2015-12-31": "273.00000", "2015-09-30": "237.00000", "2015-06-30": "182.00000", "2015-03-31": "292.00000", "2014-12-31": "253.00000", "2014-09-30": "359.00000", "2014-06-30": "305.00000", "2014-03-31": "214.00000", "2013-12-31": "270.00000", "2013-09-30": "255.00000", "2013-06-30": "538.00000", "2013-03-31": "341.00000", "2012-12-31": "", "2011-12-31": ""}, "EBITDA": {"2020-12-31": "", "2020-09-30": "", "2020-06-30": "", "2020-03-31": "", "2019-12-31": "", "2019-09-30": "", "2019-06-30": "", "2019-03-31": "", "2018-12-31": "", "2018-09-30": "", "2018-06-30": "", "2018-03-31": "", "2017-12-31": "", "2017-09-30": "", "2017-06-30": "", "2017-03-31": "", "2016-12-31": "", "2016-09-30": "", "2016-06-30": "", "2016-03-31": "", "2015-12-31": "", "2015-09-30": "", "2015-06-30": "", "2015-03-31": "", "2014-12-31": "", "2014-09-30": "", "2014-06-30": "", "2014-03-31": "", "2013-12-31": "", "2013-09-30": "", "2013-06-30": "", "2013-03-31": "", "2012-12-31": "", "2011-12-31": ""}, "EBIT": {"2020-12-31": "", "2020-09-30": "", "2020-06-30": "", "2020-03-31": "", "2019-12-31": "", "2019-09-30": "", "2019-06-30": "", "2019-03-31": "", "2018-12-31": "", "2018-09-30": "", "2018-06-30": "", "2018-03-31": "", "2017-12-31": "", "2017-09-30": "", "2017-06-30": "", "2017-03-31": "", "2016-12-31": "", "2016-09-30": "", "2016-06-30": "", "2016-03-31": "", "2015-12-31": "", "2015-09-30": "", "2015-06-30": "", "2015-03-31": "", "2014-12-31": "", "2014-09-30": "", "2014-06-30": "", "2014-03-31": "", "2013-12-31": "", "2013-09-30": "", "2013-06-30": "", "2013-03-31": "", "2012-12-31": "", "2011-12-31": ""}, "Basic Shares Outstanding": {"2020-12-31": "186.00000", "2020-09-30": "193.00000", "2020-06-30": "194.00000", "2020-03-31": "200.00000", "2019-12-31": "230.00000", "2019-09-30": "225.00000", "2019-06-30": "235.00000", "2019-03-31": "244.00000", "2018-12-31": "260.00000", "2018-09-30": "260.00000", "2018-06-30": "265.00000", "2018-03-31": "264.00000", "2017-12-31": "275.00000", "2017-09-30": "269.00000", "2017-06-30": "280.00000", "2017-03-31": "289.00000", "2016-12-31": "316.00000", "2016-09-30": "310.00000", "2016-06-30": "322.00000", "2016-03-31": "339.00000", "2015-12-31": "376.00000", "2015-09-30": "369.00000", "2015-06-30": "381.00000", "2015-03-31": "398.00000", "2014-12-31": "417.00000", "2014-09-30": "415.00000", "2014-06-30": "422.00000", "2014-03-31": "427.00000", "2013-12-31": "434.42600", "2013-09-30": "436.00000", "2013-06-30": "440.00000", "2013-03-31": "451.00000", "2012-12-31": "", "2011-12-31": ""}, "Shares Outstanding": {"2020-12-31": "188.00000", "2020-09-30": "194.00000", "2020-06-30": "195.00000", "2020-03-31": "200.00000", "2019-12-31": "233.00000", "2019-09-30": "228.00000", "2019-06-30": "238.00000", "2019-03-31": "247.00000", "2018-12-31": "264.00000", "2018-09-30": "264.00000", "2018-06-30": "269.00000", "2018-03-31": "269.00000", "2017-12-31": "281.00000", "2017-09-30": "274.00000", "2017-06-30": "285.00000", "2017-03-31": "296.00000", "2016-12-31": "322.00000", "2016-09-30": "316.00000", "2016-06-30": "328.00000", "2016-03-31": "343.00000", "2015-12-31": "382.00000", "2015-09-30": "375.00000", "2015-06-30": "387.00000", "2015-03-31": "405.00000", "2014-12-31": "425.00000", "2014-09-30": "423.00000", "2014-06-30": "430.00000", "2014-03-31": "435.00000", "2013-12-31": "441.66700", "2013-09-30": "445.00000", "2013-06-30": "448.00000", "2013-03-31": "458.00000", "2012-12-31": "", "2011-12-31": ""}, "Basic EPS": {"2020-12-31": "1.00000", "2020-09-30": "1.08000", "2020-06-30": "0.65000", "2020-03-31": "-0.53000", "2019-12-31": "0.78000", "2019-09-30": "0.64000", "2019-06-30": "0.65000", "2019-03-31": "0.52000", "2018-12-31": "0.29000", "2018-09-30": "0.44000", "2018-06-30": "0.31000", "2018-03-31": "0.48000", "2017-12-31": "-0.30000", "2017-09-30": "0.65000", "2017-06-30": "0.40000", "2017-03-31": "0.31000", "2016-12-31": "0.49000", "2016-09-30": "0.74000", "2016-06-30": "0.39000", "2016-03-31": "0.53000", "2015-12-31": "0.77000", "2015-09-30": "0.64000", "2015-06-30": "0.48000", "2015-03-31": "0.73000", "2014-12-31": "0.62000", "2014-09-30": "0.87000", "2014-06-30": "0.72000", "2014-03-31": "0.50000", "2013-12-31": "0.61000", "2013-09-30": "0.58000", "2013-06-30": "1.22000", "2013-03-31": "0.76000", "2012-12-31": "", "2011-12-31": ""}, "EPS - Earnings Per Share": {"2020-12-31": "0.99000", "2020-09-30": "1.07000", "2020-06-30": "0.64000", "2020-03-31": "-0.53000", "2019-12-31": "0.77000", "2019-09-30": "0.63000", "2019-06-30": "0.64000", "2019-03-31": "0.52000", "2018-12-31": "0.28000", "2018-09-30": "0.43000", "2018-06-30": "0.31000", "2018-03-31": "0.47000", "2017-12-31": "-0.29230", "2017-09-30": "0.64230", "2017-06-30": "0.39000", "2017-03-31": "0.30000", "2016-12-31": "0.48000", "2016-09-30": "0.73000", "2016-06-30": "0.38000", "2016-03-31": "0.53000", "2015-12-31": "0.76000", "2015-09-30": "0.63000", "2015-06-30": "0.47000", "2015-03-31": "0.72000", "2014-12-31": "0.61000", "2014-09-30": "0.85000", "2014-06-30": "0.71000", "2014-03-31": "0.49000", "2013-12-31": "0.60000", "2013-09-30": "0.57000", "2013-06-30": "1.20000", "2013-03-31": "0.74000", "2012-12-31": "0.00000", "2011-12-31": "0.00000"}}, "balance sheet": {"Cash On Hand": {"2020-12-31": "3537.00000", "2019-12-31": "3781.00000", "2018-12-31": "5262.00000", "2017-12-31": "4646.00000", "2016-12-31": "4853.00000", "2015-12-31": "5332.00000", "2014-12-31": "5369.00000", "2013-12-31": "8840.00000", "2012-12-31": "8911.00000", "2011-12-31": "3900.00000", "2010-12-31": "3900.00000"}, "Receivables": {"2020-12-31": "", "2019-12-31": "", "2018-12-31": "", "2017-12-31": "", "2016-12-31": "", "2015-12-31": "", "2014-12-31": "", "2013-12-31": "", "2012-12-31": "", "2011-12-31": "", "2010-12-31": ""}, "Inventory": {"2020-12-31": "", "2019-12-31": "", "2018-12-31": "", "2017-12-31": "", "2016-12-31": "", "2015-12-31": "", "2014-12-31": "", "2013-12-31": "", "2012-12-31": "", "2011-12-31": "", "2010-12-31": ""}, "Pre-Paid Expenses": {"2020-12-31": "", "2019-12-31": "", "2018-12-31": "", "2017-12-31": "", "2016-12-31": "", "2015-12-31": "", "2014-12-31": "", "2013-12-31": "", "2012-12-31": "", "2011-12-31": "", "2010-12-31": ""}, "Other Current Assets": {"2020-12-31": "", "2019-12-31": "", "2018-12-31": "", "2017-12-31": "", "2016-12-31": "", "2015-12-31": "", "2014-12-31": "", "2013-12-31": "", "2012-12-31": "", "2011-12-31": "", "2010-12-31": ""}, "Total Current Assets": {"2020-12-31": "82900.00000", "2019-12-31": "90601.00000", "2018-12-31": "99760.00000", "2017-12-31": "109768.00000", "2016-12-31": "115923.00000", "2015-12-31": "128128.00000", "2014-12-31": "139686.00000", "2013-12-31": "150940.00000", "2012-12-31": "171457.00000", "2011-12-31": "166446.00000", "2010-12-31": "166446.00000"}, "Property, Plant, And Equipment": {"2020-12-31": "", "2019-12-31": "", "2018-12-31": "", "2017-12-31": "", "2016-12-31": "", "2015-12-31": "", "2014-12-31": "", "2013-12-31": "", "2012-12-31": "", "2011-12-31": "", "2010-12-31": ""}, "Long-Term Investments": {"2020-12-31": "285.00000", "2019-12-31": "211.00000", "2018-12-31": "226.00000", "2017-12-31": "388.00000", "2016-12-31": "350.00000", "2015-12-31": "501.00000", "2014-12-31": "633.00000", "2013-12-31": "892.00000", "2012-12-31": "1082.00000", "2011-12-31": "", "2010-12-31": ""}, "Goodwill And Intangible Assets": {"2020-12-31": "735.00000", "2019-12-31": "757.00000", "2018-12-31": "786.00000", "2017-12-31": "810.00000", "2016-12-31": "670.00000", "2015-12-31": "705.00000", "2014-12-31": "369.00000", "2013-12-31": "424.00000", "2012-12-31": "448.00000", "2011-12-31": "0.00000", "2010-12-31": "0.00000"}, "Other Long-Term Assets": {"2020-12-31": "3492.00000", "2019-12-31": "3334.00000", "2018-12-31": "3404.00000", "2017-12-31": "4025.00000", "2016-12-31": "4193.00000", "2015-12-31": "4712.00000", "2014-12-31": "5664.00000", "2013-12-31": "7287.00000", "2012-12-31": "8273.00000", "2011-12-31": "", "2010-12-31": ""}, "Total Long-Term Assets": {"2020-12-31": "4512.00000", "2019-12-31": "4302.00000", "2018-12-31": "4416.00000", "2017-12-31": "5223.00000", "2016-12-31": "5213.00000", "2015-12-31": "5918.00000", "2014-12-31": "6666.00000", "2013-12-31": "8603.00000", "2012-12-31": "9803.00000", "2011-12-31": "", "2010-12-31": ""}, "Total Assets": {"2020-12-31": "87412.00000", "2019-12-31": "94903.00000", "2018-12-31": "104176.00000", "2017-12-31": "114991.00000", "2016-12-31": "121136.00000", "2015-12-31": "134046.00000", "2014-12-31": "146352.00000", "2013-12-31": "159543.00000", "2012-12-31": "181260.00000", "2011-12-31": "181260.00000", "2010-12-31": "181260.00000"}, "Total Current Liabilities": {"2020-12-31": "6613.00000", "2019-12-31": "8483.00000", "2018-12-31": "5422.00000", "2017-12-31": "4771.00000", "2016-12-31": "2334.00000", "2015-12-31": "2570.00000", "2014-12-31": "2663.00000", "2013-12-31": "13795.00000", "2012-12-31": "19856.00000", "2011-12-31": "", "2010-12-31": ""}, "Long Term Debt": {"2020-12-31": "77332.00000", "2019-12-31": "81715.00000", "2018-12-31": "93519.00000", "2017-12-31": "105012.00000", "2016-12-31": "112368.00000", "2015-12-31": "124833.00000", "2014-12-31": "136866.00000", "2013-12-31": "136648.00000", "2012-12-31": "152401.00000", "2011-12-31": "152401.00000", "2010-12-31": "152401.00000"}, "Other Non-Current Liabilities": {"2020-12-31": "1020.00000", "2019-12-31": "1356.00000", "2018-12-31": "1688.00000", "2017-12-31": "1723.00000", "2016-12-31": "2711.00000", "2015-12-31": "2710.00000", "2014-12-31": "2625.00000", "2013-12-31": "3458.00000", "2012-12-31": "3937.00000", "2011-12-31": "", "2010-12-31": ""}, "Total Long Term Liabilities": {"2020-12-31": "78352.00000", "2019-12-31": "83071.00000", "2018-12-31": "95207.00000", "2017-12-31": "106735.00000", "2016-12-31": "115079.00000", "2015-12-31": "127543.00000", "2014-12-31": "139491.00000", "2013-12-31": "140106.00000", "2012-12-31": "156338.00000", "2011-12-31": "152401.00000", "2010-12-31": "152401.00000"}, "Total Liabilities": {"2020-12-31": "84965.00000", "2019-12-31": "91554.00000", "2018-12-31": "100629.00000", "2017-12-31": "111506.00000", "2016-12-31": "117413.00000", "2015-12-31": "130113.00000", "2014-12-31": "142154.00000", "2013-12-31": "153901.00000", "2012-12-31": "176194.00000", "2011-12-31": "176194.00000", "2010-12-31": "176194.00000"}, "Common Stock Net": {"2020-12-31": "4.00000", "2019-12-31": "4.00000", "2018-12-31": "4.00000", "2017-12-31": "4.00000", "2016-12-31": "4.00000", "2015-12-31": "4.00000", "2014-12-31": "4.00000", "2013-12-31": "109.00000", "2012-12-31": "107.00000", "2011-12-31": "0.00000", "2010-12-31": "0.00000"}, "Retained Earnings (Accumulated Deficit)": {"2020-12-31": "3331.00000", "2019-12-31": "3664.00000", "2018-12-31": "3218.00000", "2017-12-31": "3004.00000", "2016-12-31": "2890.00000", "2015-12-31": "2414.00000", "2014-12-31": "1724.00000", "2013-12-31": "2584.00000", "2012-12-31": "1451.00000", "2011-12-31": "1451.00000", "2010-12-31": "1451.00000"}, "Comprehensive Income": {"2020-12-31": "-274.00000", "2019-12-31": "-91.00000", "2018-12-31": "113.00000", "2017-12-31": "61.00000", "2016-12-31": "6.00000", "2015-12-31": "-51.00000", "2014-12-31": "9.00000", "2013-12-31": "13.00000", "2012-12-31": "-6.00000", "2011-12-31": "", "2010-12-31": ""}, "Other Share Holders Equity": {"2020-12-31": "", "2019-12-31": "", "2018-12-31": "", "2017-12-31": "", "2016-12-31": "", "2015-12-31": "", "2014-12-31": "", "2013-12-31": "", "2012-12-31": "", "2011-12-31": "0.00000", "2010-12-31": "0.00000"}, "Share Holder Equity": {"2020-12-31": "2447.00000", "2019-12-31": "3349.00000", "2018-12-31": "3547.00000", "2017-12-31": "3485.00000", "2016-12-31": "3723.00000", "2015-12-31": "3933.00000", "2014-12-31": "4198.00000", "2013-12-31": "5642.00000", "2012-12-31": "5066.00000", "2011-12-31": "5066.00000", "2010-12-31": "5066.00000"}, "Total Liabilities And Share Holders Equity": {"2020-12-31": "87412.00000", "2019-12-31": "94903.00000", "2018-12-31": "104176.00000", "2017-12-31": "114991.00000", "2016-12-31": "121136.00000", "2015-12-31": "134046.00000", "2014-12-31": "146352.00000", "2013-12-31": "159543.00000", "2012-12-31": "181260.00000", "2011-12-31": "0.00000", "2010-12-31": "0.00000"}}, "balance sheet, quarterly": {"Cash On Hand": {"2020-12-31": "3537.00000", "2020-09-30": "4214.00000", "2020-06-30": "3989.00000", "2020-03-31": "3768.00000", "2019-12-31": "3781.00000", "2019-09-30": "4260.00000", "2019-06-30": "4426.00000", "2019-03-31": "4220.00000", "2018-12-31": "5262.00000", "2018-09-30": "5248.00000", "2018-06-30": "5008.00000", "2018-03-31": "5797.00000", "2017-12-31": "4646.00000", "2017-09-30": "4634.00000", "2017-06-30": "4742.00000", "2017-03-31": "5084.00000", "2016-12-31": "4853.00000", "2016-09-30": "5440.00000", "2016-06-30": "4990.00000", "2016-03-31": "4986.00000", "2015-12-31": "5332.00000", "2015-09-30": "5601.00000", "2015-06-30": "5564.00000", "2015-03-31": "5850.00000", "2014-12-31": "5369.00000", "2014-09-30": "5625.00000", "2014-06-30": "5249.00000", "2014-03-31": "7536.00000", "2013-12-31": "8840.00000", "2013-09-30": "", "2013-06-30": "", "2013-03-31": "", "2012-12-31": "3900.00000", "2011-12-31": "3900.00000"}, "Receivables": {"2020-12-31": "", "2020-09-30": "", "2020-06-30": "", "2020-03-31": "", "2019-12-31": "", "2019-09-30": "", "2019-06-30": "", "2019-03-31": "", "2018-12-31": "", "2018-09-30": "", "2018-06-30": "", "2018-03-31": "", "2017-12-31": "", "2017-09-30": "", "2017-06-30": "", "2017-03-31": "", "2016-12-31": "", "2016-09-30": "", "2016-06-30": "", "2016-03-31": "", "2015-12-31": "", "2015-09-30": "", "2015-06-30": "", "2015-03-31": "", "2014-12-31": "", "2014-09-30": "", "2014-06-30": "", "2014-03-31": "", "2013-12-31": "", "2013-09-30": "", "2013-06-30": "", "2013-03-31": "", "2012-12-31": "", "2011-12-31": ""}, "Inventory": {"2020-12-31": "", "2020-09-30": "", "2020-06-30": "", "2020-03-31": "", "2019-12-31": "", "2019-09-30": "", "2019-06-30": "", "2019-03-31": "", "2018-12-31": "", "2018-09-30": "", "2018-06-30": "", "2018-03-31": "", "2017-12-31": "", "2017-09-30": "", "2017-06-30": "", "2017-03-31": "", "2016-12-31": "", "2016-09-30": "", "2016-06-30": "", "2016-03-31": "", "2015-12-31": "", "2015-09-30": "", "2015-06-30": "", "2015-03-31": "", "2014-12-31": "", "2014-09-30": "", "2014-06-30": "", "2014-03-31": "", "2013-12-31": "", "2013-09-30": "", "2013-06-30": "", "2013-03-31": "", "2012-12-31": "", "2011-12-31": ""}, "Pre-Paid Expenses": {"2020-12-31": "", "2020-09-30": "", "2020-06-30": "", "2020-03-31": "", "2019-12-31": "", "2019-09-30": "", "2019-06-30": "", "2019-03-31": "", "2018-12-31": "", "2018-09-30": "", "2018-06-30": "", "2018-03-31": "", "2017-12-31": "", "2017-09-30": "", "2017-06-30": "", "2017-03-31": "", "2016-12-31": "", "2016-09-30": "", "2016-06-30": "", "2016-03-31": "", "2015-12-31": "", "2015-09-30": "", "2015-06-30": "", "2015-03-31": "", "2014-12-31": "", "2014-09-30": "", "2014-06-30": "", "2014-03-31": "", "2013-12-31": "", "2013-09-30": "", "2013-06-30": "", "2013-03-31": "", "2012-12-31": "", "2011-12-31": ""}, "Other Current Assets": {"2020-12-31": "", "2020-09-30": "", "2020-06-30": "", "2020-03-31": "", "2019-12-31": "", "2019-09-30": "", "2019-06-30": "", "2019-03-31": "", "2018-12-31": "", "2018-09-30": "", "2018-06-30": "", "2018-03-31": "", "2017-12-31": "", "2017-09-30": "", "2017-06-30": "", "2017-03-31": "", "2016-12-31": "", "2016-09-30": "", "2016-06-30": "", "2016-03-31": "", "2015-12-31": "", "2015-09-30": "", "2015-06-30": "", "2015-03-31": "", "2014-12-31": "", "2014-09-30": "", "2014-06-30": "", "2014-03-31": "", "2013-12-31": "", "2013-09-30": "", "2013-06-30": "", "2013-03-31": "", "2012-12-31": "", "2011-12-31": ""}, "Total Current Assets": {"2020-12-31": "82900.00000", "2020-09-30": "85062.00000", "2020-06-30": "86372.00000", "2020-03-31": "88598.00000", "2019-12-31": "90601.00000", "2019-09-30": "92193.00000", "2019-06-30": "93946.00000", "2019-03-31": "96269.00000", "2018-12-31": "99760.00000", "2018-09-30": "101952.00000", "2018-06-30": "104185.00000", "2018-03-31": "108123.00000", "2017-12-31": "109768.00000", "2017-09-30": "111974.00000", "2017-06-30": "115105.00000", "2017-03-31": "112920.00000", "2016-12-31": "115923.00000", "2016-09-30": "119596.00000", "2016-06-30": "122349.00000", "2016-03-31": "125551.00000", "2015-12-31": "128128.00000", "2015-09-30": "131392.00000", "2015-06-30": "133935.00000", "2015-03-31": "137264.00000", "2014-12-31": "139686.00000", "2014-09-30": "133808.00000", "2014-06-30": "135303.00000", "2014-03-31": "148328.00000", "2013-12-31": "150940.00000", "2013-09-30": "", "2013-06-30": "", "2013-03-31": "", "2012-12-31": "166446.00000", "2011-12-31": "166446.00000"}, "Property, Plant, And Equipment": {"2020-12-31": "", "2020-09-30": "", "2020-06-30": "", "2020-03-31": "", "2019-12-31": "", "2019-09-30": "", "2019-06-30": "", "2019-03-31": "", "2018-12-31": "", "2018-09-30": "", "2018-06-30": "", "2018-03-31": "", "2017-12-31": "", "2017-09-30": "", "2017-06-30": "", "2017-03-31": "", "2016-12-31": "", "2016-09-30": "", "2016-06-30": "", "2016-03-31": "", "2015-12-31": "", "2015-09-30": "", "2015-06-30": "", "2015-03-31": "", "2014-12-31": "", "2014-09-30": "", "2014-06-30": "", "2014-03-31": "", "2013-12-31": "", "2013-09-30": "", "2013-06-30": "", "2013-03-31": "", "2012-12-31": "", "2011-12-31": ""}, "Long-Term Investments": {"2020-12-31": "285.00000", "2020-09-30": "311.00000", "2020-06-30": "316.00000", "2020-03-31": "316.00000", "2019-12-31": "211.00000", "2019-09-30": "241.00000", "2019-06-30": "222.00000", "2019-03-31": "207.00000", "2018-12-31": "226.00000", "2018-09-30": "296.00000", "2018-06-30": "362.00000", "2018-03-31": "356.00000", "2017-12-31": "388.00000", "2017-09-30": "296.00000", "2017-06-30": "315.00000", "2017-03-31": "314.00000", "2016-12-31": "350.00000", "2016-09-30": "442.00000", "2016-06-30": "545.00000", "2016-03-31": "427.00000", "2015-12-31": "501.00000", "2015-09-30": "685.00000", "2015-06-30": "643.00000", "2015-03-31": "603.00000", "2014-12-31": "633.00000", "2014-09-30": "622.00000", "2014-06-30": "658.00000", "2014-03-31": "787.00000", "2013-12-31": "892.00000", "2013-09-30": "", "2013-06-30": "", "2013-03-31": "", "2012-12-31": "1082.00000", "2011-12-31": ""}, "Goodwill And Intangible Assets": {"2020-12-31": "735.00000", "2020-09-30": "741.00000", "2020-06-30": "746.00000", "2020-03-31": "752.00000", "2019-12-31": "757.00000", "2019-09-30": "763.00000", "2019-06-30": "769.00000", "2019-03-31": "780.00000", "2018-12-31": "786.00000", "2018-09-30": "792.00000", "2018-06-30": "798.00000", "2018-03-31": "802.00000", "2017-12-31": "810.00000", "2017-09-30": "727.00000", "2017-06-30": "658.00000", "2017-03-31": "664.00000", "2016-12-31": "670.00000", "2016-09-30": "683.00000", "2016-06-30": "696.00000", "2016-03-31": "702.00000", "2015-12-31": "705.00000", "2015-09-30": "544.00000", "2015-06-30": "546.00000", "2015-03-31": "549.00000", "2014-12-31": "369.00000", "2014-09-30": "371.00000", "2014-06-30": "373.00000", "2014-03-31": "421.00000", "2013-12-31": "424.00000", "2013-09-30": "0.00000", "2013-06-30": "0.00000", "2013-03-31": "0.00000", "2012-12-31": "448.00000", "2011-12-31": "0.00000"}, "Other Long-Term Assets": {"2020-12-31": "3492.00000", "2020-09-30": "3550.00000", "2020-06-30": "3611.00000", "2020-03-31": "3579.00000", "2019-12-31": "3334.00000", "2019-09-30": "3356.00000", "2019-06-30": "3383.00000", "2019-03-31": "3323.00000", "2018-12-31": "3404.00000", "2018-09-30": "3453.00000", "2018-06-30": "3604.00000", "2018-03-31": "3928.00000", "2017-12-31": "4025.00000", "2017-09-30": "4088.00000", "2017-06-30": "4276.00000", "2017-03-31": "3992.00000", "2016-12-31": "4193.00000", "2016-09-30": "4591.00000", "2016-06-30": "4782.00000", "2016-03-31": "4697.00000", "2015-12-31": "4712.00000", "2015-09-30": "5045.00000", "2015-06-30": "5096.00000", "2015-03-31": "5456.00000", "2014-12-31": "5664.00000", "2014-09-30": "5544.00000", "2014-06-30": "6642.00000", "2014-03-31": "6936.00000", "2013-12-31": "7287.00000", "2013-09-30": "", "2013-06-30": "", "2013-03-31": "", "2012-12-31": "13284.00000", "2011-12-31": ""}, "Total Long-Term Assets": {"2020-12-31": "4512.00000", "2020-09-30": "4602.00000", "2020-06-30": "4673.00000", "2020-03-31": "4647.00000", "2019-12-31": "4302.00000", "2019-09-30": "4360.00000", "2019-06-30": "4374.00000", "2019-03-31": "4310.00000", "2018-12-31": "4416.00000", "2018-09-30": "4541.00000", "2018-06-30": "4764.00000", "2018-03-31": "5086.00000", "2017-12-31": "5223.00000", "2017-09-30": "5111.00000", "2017-06-30": "5249.00000", "2017-03-31": "4970.00000", "2016-12-31": "5213.00000", "2016-09-30": "5716.00000", "2016-06-30": "6023.00000", "2016-03-31": "5826.00000", "2015-12-31": "5918.00000", "2015-09-30": "6274.00000", "2015-06-30": "6285.00000", "2015-03-31": "6608.00000", "2014-12-31": "6666.00000", "2014-09-30": "6537.00000", "2014-06-30": "7673.00000", "2014-03-31": "8144.00000", "2013-12-31": "8603.00000", "2013-09-30": "", "2013-06-30": "", "2013-03-31": "", "2012-12-31": "14814.00000", "2011-12-31": ""}, "Total Assets": {"2020-12-31": "87412.00000", "2020-09-30": "89664.00000", "2020-06-30": "91045.00000", "2020-03-31": "93245.00000", "2019-12-31": "94903.00000", "2019-09-30": "96553.00000", "2019-06-30": "98320.00000", "2019-03-31": "100579.00000", "2018-12-31": "104176.00000", "2018-09-30": "106493.00000", "2018-06-30": "108949.00000", "2018-03-31": "113209.00000", "2017-12-31": "114991.00000", "2017-09-30": "117085.00000", "2017-06-30": "120354.00000", "2017-03-31": "117890.00000", "2016-12-31": "121136.00000", "2016-09-30": "125312.00000", "2016-06-30": "128372.00000", "2016-03-31": "131377.00000", "2015-12-31": "134046.00000", "2015-09-30": "137666.00000", "2015-06-30": "140220.00000", "2015-03-31": "143872.00000", "2014-12-31": "146352.00000", "2014-09-30": "140345.00000", "2014-06-30": "142976.00000", "2014-03-31": "156472.00000", "2013-12-31": "159543.00000", "2013-09-30": "0.00000", "2013-06-30": "0.00000", "2013-03-31": "0.00000", "2012-12-31": "181260.00000", "2011-12-31": "181260.00000"}, "Total Current Liabilities": {"2020-12-31": "6613.00000", "2020-09-30": "7078.00000", "2020-06-30": "7310.00000", "2020-03-31": "8452.00000", "2019-12-31": "8483.00000", "2019-09-30": "7004.00000", "2019-06-30": "6785.00000", "2019-03-31": "7505.00000", "2018-12-31": "5422.00000", "2018-09-30": "5007.00000", "2018-06-30": "4752.00000", "2018-03-31": "5131.00000", "2017-12-31": "4771.00000", "2017-09-30": "3281.00000", "2017-06-30": "3918.00000", "2017-03-31": "2160.00000", "2016-12-31": "2334.00000", "2016-09-30": "2637.00000", "2016-06-30": "2370.00000", "2016-03-31": "2363.00000", "2015-12-31": "2570.00000", "2015-09-30": "2816.00000", "2015-06-30": "2951.00000", "2015-03-31": "4090.00000", "2014-12-31": "2663.00000", "2014-09-30": "5994.00000", "2014-06-30": "4316.00000", "2014-03-31": "11626.00000", "2013-12-31": "13795.00000", "2013-09-30": "", "2013-06-30": "", "2013-03-31": "", "2012-12-31": "19856.00000", "2011-12-31": ""}, "Long Term Debt": {"2020-12-31": "77332.00000", "2020-09-30": "79137.00000", "2020-06-30": "80260.00000", "2020-03-31": "81297.00000", "2019-12-31": "81715.00000", "2019-09-30": "84769.00000", "2019-06-30": "86776.00000", "2019-03-31": "88140.00000", "2018-12-31": "93519.00000", "2018-09-30": "96089.00000", "2018-06-30": "98690.00000", "2018-03-31": "102797.00000", "2017-12-31": "105012.00000", "2017-09-30": "108557.00000", "2017-06-30": "110778.00000", "2017-03-31": "109586.00000", "2016-12-31": "112368.00000", "2016-09-30": "116540.00000", "2016-06-30": "119637.00000", "2016-03-31": "122920.00000", "2015-12-31": "124833.00000", "2015-09-30": "128293.00000", "2015-06-30": "130387.00000", "2015-03-31": "132330.00000", "2014-12-31": "136866.00000", "2014-09-30": "127669.00000", "2014-06-30": "131919.00000", "2014-03-31": "136177.00000", "2013-12-31": "136648.00000", "2013-09-30": "", "2013-06-30": "", "2013-03-31": "", "2012-12-31": "152401.00000", "2011-12-31": "152401.00000"}, "Other Non-Current Liabilities": {"2020-12-31": "1020.00000", "2020-09-30": "1184.00000", "2020-06-30": "1349.00000", "2020-03-31": "1448.00000", "2019-12-31": "1356.00000", "2019-09-30": "1528.00000", "2019-06-30": "1447.00000", "2019-03-31": "1491.00000", "2018-12-31": "1688.00000", "2018-09-30": "1642.00000", "2018-06-30": "1762.00000", "2018-03-31": "1613.00000", "2017-12-31": "1723.00000", "2017-09-30": "1697.00000", "2017-06-30": "2094.00000", "2017-03-31": "2472.00000", "2016-12-31": "2711.00000", "2016-09-30": "2401.00000", "2016-06-30": "2662.00000", "2016-03-31": "2255.00000", "2015-12-31": "2710.00000", "2015-09-30": "2670.00000", "2015-06-30": "2949.00000", "2015-03-31": "3361.00000", "2014-12-31": "2625.00000", "2014-09-30": "2526.00000", "2014-06-30": "2720.00000", "2014-03-31": "3071.00000", "2013-12-31": "3458.00000", "2013-09-30": "", "2013-06-30": "", "2013-03-31": "", "2012-12-31": "3937.00000", "2011-12-31": ""}, "Total Long Term Liabilities": {"2020-12-31": "78352.00000", "2020-09-30": "80321.00000", "2020-06-30": "81609.00000", "2020-03-31": "82745.00000", "2019-12-31": "83071.00000", "2019-09-30": "86297.00000", "2019-06-30": "88223.00000", "2019-03-31": "89631.00000", "2018-12-31": "95207.00000", "2018-09-30": "97731.00000", "2018-06-30": "100452.00000", "2018-03-31": "104410.00000", "2017-12-31": "106735.00000", "2017-09-30": "110254.00000", "2017-06-30": "112872.00000", "2017-03-31": "112058.00000", "2016-12-31": "115079.00000", "2016-09-30": "118941.00000", "2016-06-30": "122299.00000", "2016-03-31": "125175.00000", "2015-12-31": "127543.00000", "2015-09-30": "130963.00000", "2015-06-30": "133336.00000", "2015-03-31": "135691.00000", "2014-12-31": "139491.00000", "2014-09-30": "130195.00000", "2014-06-30": "134639.00000", "2014-03-31": "139248.00000", "2013-12-31": "140106.00000", "2013-09-30": "", "2013-06-30": "", "2013-03-31": "", "2012-12-31": "156338.00000", "2011-12-31": "152401.00000"}, "Total Liabilities": {"2020-12-31": "84965.00000", "2020-09-30": "87399.00000", "2020-06-30": "88919.00000", "2020-03-31": "91197.00000", "2019-12-31": "91554.00000", "2019-09-30": "93301.00000", "2019-06-30": "95008.00000", "2019-03-31": "97136.00000", "2018-12-31": "100629.00000", "2018-09-30": "102738.00000", "2018-06-30": "105204.00000", "2018-03-31": "109541.00000", "2017-12-31": "111506.00000", "2017-09-30": "113535.00000", "2017-06-30": "116790.00000", "2017-03-31": "114218.00000", "2016-12-31": "117413.00000", "2016-09-30": "121578.00000", "2016-06-30": "124669.00000", "2016-03-31": "127538.00000", "2015-12-31": "130113.00000", "2015-09-30": "133779.00000", "2015-06-30": "136287.00000", "2015-03-31": "139781.00000", "2014-12-31": "142154.00000", "2014-09-30": "136189.00000", "2014-06-30": "138955.00000", "2014-03-31": "150874.00000", "2013-12-31": "153901.00000", "2013-09-30": "0.00000", "2013-06-30": "0.00000", "2013-03-31": "0.00000", "2012-12-31": "176194.00000", "2011-12-31": "176194.00000"}, "Common Stock Net": {"2020-12-31": "4.00000", "2020-09-30": "4.00000", "2020-06-30": "4.00000", "2020-03-31": "4.00000", "2019-12-31": "4.00000", "2019-09-30": "4.00000", "2019-06-30": "4.00000", "2019-03-31": "4.00000", "2018-12-31": "4.00000", "2018-09-30": "4.00000", "2018-06-30": "4.00000", "2018-03-31": "4.00000", "2017-12-31": "4.00000", "2017-09-30": "4.00000", "2017-06-30": "4.00000", "2017-03-31": "4.00000", "2016-12-31": "4.00000", "2016-09-30": "4.00000", "2016-06-30": "4.00000", "2016-03-31": "4.00000", "2015-12-31": "4.00000", "2015-09-30": "4.00000", "2015-06-30": "4.00000", "2015-03-31": "4.00000", "2014-12-31": "4.00000", "2014-09-30": "4.00000", "2014-06-30": "4.00000", "2014-03-31": "110.00000", "2013-12-31": "109.00000", "2013-09-30": "0.00000", "2013-06-30": "0.00000", "2013-03-31": "0.00000", "2012-12-31": "107.00000", "2011-12-31": "0.00000"}, "Retained Earnings (Accumulated Deficit)": {"2020-12-31": "3331.00000", "2020-09-30": "3175.00000", "2020-06-30": "2999.00000", "2020-03-31": "2905.00000", "2019-12-31": "3664.00000", "2019-09-30": "3527.00000", "2019-06-30": "3418.00000", "2019-03-31": "3303.00000", "2018-12-31": "3218.00000", "2018-09-30": "3186.00000", "2018-06-30": "3114.00000", "2018-03-31": "3073.00000", "2017-12-31": "3004.00000", "2017-09-30": "3130.00000", "2017-06-30": "2997.00000", "2017-03-31": "2930.00000", "2016-12-31": "2890.00000", "2016-09-30": "2858.00000", "2016-06-30": "2677.00000", "2016-03-31": "2604.00000", "2015-12-31": "2414.00000", "2015-09-30": "2251.00000", "2015-06-30": "2072.00000", "2015-03-31": "1951.00000", "2014-12-31": "1724.00000", "2014-09-30": "1521.00000", "2014-06-30": "1224.00000", "2014-03-31": "2733.00000", "2013-12-31": "2584.00000", "2013-09-30": "", "2013-06-30": "", "2013-03-31": "", "2012-12-31": "1451.00000", "2011-12-31": "1451.00000"}, "Comprehensive Income": {"2020-12-31": "-274.00000", "2020-09-30": "-294.00000", "2020-06-30": "-317.00000", "2020-03-31": "-300.00000", "2019-12-31": "-91.00000", "2019-09-30": "-124.00000", "2019-06-30": "-80.00000", "2019-03-31": "43.00000", "2018-12-31": "113.00000", "2018-09-30": "227.00000", "2018-06-30": "203.00000", "2018-03-31": "173.00000", "2017-12-31": "61.00000", "2017-09-30": "16.00000", "2017-06-30": "7.00000", "2017-03-31": "22.00000", "2016-12-31": "6.00000", "2016-09-30": "-126.00000", "2016-06-30": "-171.00000", "2016-03-31": "-132.00000", "2015-12-31": "-51.00000", "2015-09-30": "-82.00000", "2015-06-30": "-26.00000", "2015-03-31": "-36.00000", "2014-12-31": "9.00000", "2014-09-30": "8.00000", "2014-06-30": "7.00000", "2014-03-31": "7.00000", "2013-12-31": "13.00000", "2013-09-30": "", "2013-06-30": "", "2013-03-31": "", "2012-12-31": "", "2011-12-31": ""}, "Other Share Holders Equity": {"2020-12-31": "", "2020-09-30": "", "2020-06-30": "", "2020-03-31": "", "2019-12-31": "", "2019-09-30": "", "2019-06-30": "", "2019-03-31": "", "2018-12-31": "", "2018-09-30": "", "2018-06-30": "", "2018-03-31": "", "2017-12-31": "", "2017-09-30": "", "2017-06-30": "", "2017-03-31": "", "2016-12-31": "", "2016-09-30": "", "2016-06-30": "", "2016-03-31": "", "2015-12-31": "", "2015-09-30": "", "2015-06-30": "", "2015-03-31": "", "2014-12-31": "", "2014-09-30": "", "2014-06-30": "", "2014-03-31": "", "2013-12-31": "", "2013-09-30": "0.00000", "2013-06-30": "0.00000", "2013-03-31": "0.00000", "2012-12-31": "0.00000", "2011-12-31": "0.00000"}, "Share Holder Equity": {"2020-12-31": "2447.00000", "2020-09-30": "2265.00000", "2020-06-30": "2126.00000", "2020-03-31": "2048.00000", "2019-12-31": "3349.00000", "2019-09-30": "3252.00000", "2019-06-30": "3312.00000", "2019-03-31": "3443.00000", "2018-12-31": "3547.00000", "2018-09-30": "3755.00000", "2018-06-30": "3745.00000", "2018-03-31": "3668.00000", "2017-12-31": "3485.00000", "2017-09-30": "3550.00000", "2017-06-30": "3564.00000", "2017-03-31": "3672.00000", "2016-12-31": "3723.00000", "2016-09-30": "3734.00000", "2016-06-30": "3703.00000", "2016-03-31": "3839.00000", "2015-12-31": "3933.00000", "2015-09-30": "3887.00000", "2015-06-30": "3933.00000", "2015-03-31": "4091.00000", "2014-12-31": "4198.00000", "2014-09-30": "4156.00000", "2014-06-30": "4021.00000", "2014-03-31": "5598.00000", "2013-12-31": "5642.00000", "2013-09-30": "0.00000", "2013-06-30": "0.00000", "2013-03-31": "0.00000", "2012-12-31": "5066.00000", "2011-12-31": "5066.00000"}, "Total Liabilities And Share Holders Equity": {"2020-12-31": "87412.00000", "2020-09-30": "89664.00000", "2020-06-30": "91045.00000", "2020-03-31": "93245.00000", "2019-12-31": "94903.00000", "2019-09-30": "96553.00000", "2019-06-30": "98320.00000", "2019-03-31": "100579.00000", "2018-12-31": "104176.00000", "2018-09-30": "106493.00000", "2018-06-30": "108949.00000", "2018-03-31": "113209.00000", "2017-12-31": "114991.00000", "2017-09-30": "117085.00000", "2017-06-30": "120354.00000", "2017-03-31": "117890.00000", "2016-12-31": "121136.00000", "2016-09-30": "125312.00000", "2016-06-30": "128372.00000", "2016-03-31": "131377.00000", "2015-12-31": "134046.00000", "2015-09-30": "137666.00000", "2015-06-30": "140220.00000", "2015-03-31": "143872.00000", "2014-12-31": "146352.00000", "2014-09-30": "140345.00000", "2014-06-30": "142976.00000", "2014-03-31": "156472.00000", "2013-12-31": "159543.00000", "2013-09-30": "0.00000", "2013-06-30": "0.00000", "2013-03-31": "0.00000", "2012-12-31": "181260.00000", "2011-12-31": "0.00000"}}, "cash flow statement": {"Net Income/Loss": {"2020-12-31": "0.00000", "2019-12-31": "597.00000", "2018-12-31": "395.00000", "2017-12-31": "292.00000", "2016-12-31": "681.00000", "2015-12-31": "984.00000", "2014-12-31": "1137.00000", "2013-12-31": "1417.00000", "2012-12-31": "937.00000", "2011-12-31": "632.00000", "2010-12-31": "632.00000"}, "Total Depreciation And Amortization - Cash Flow": {"2020-12-31": "", "2019-12-31": "30.00000", "2018-12-31": "47.00000", "2017-12-31": "23.00000", "2016-12-31": "36.00000", "2015-12-31": "12.00000", "2014-12-31": "9.00000", "2013-12-31": "13.00000", "2012-12-31": "27.00000", "2011-12-31": "21.00000", "2010-12-31": "21.00000"}, "Other Non-Cash Items": {"2020-12-31": "", "2019-12-31": "368.00000", "2018-12-31": "413.00000", "2017-12-31": "381.00000", "2016-12-31": "126.00000", "2015-12-31": "-192.00000", "2014-12-31": "-111.00000", "2013-12-31": "134.00000", "2012-12-31": "867.00000", "2011-12-31": "1458.00000", "2010-12-31": "-35.00000"}, "Total Non-Cash Items": {"2020-12-31": "", "2019-12-31": "398.00000", "2018-12-31": "460.00000", "2017-12-31": "404.00000", "2016-12-31": "162.00000", "2015-12-31": "-180.00000", "2014-12-31": "-102.00000", "2013-12-31": "147.00000", "2012-12-31": "894.00000", "2011-12-31": "1479.00000", "2010-12-31": "-14.00000"}, "Change In Accounts Receivable": {"2020-12-31": "", "2019-12-31": "62.00000", "2018-12-31": "-125.00000", "2017-12-31": "-29.00000", "2016-12-31": "-26.00000", "2015-12-31": "175.00000", "2014-12-31": "-75.00000", "2013-12-31": "-68.00000", "2012-12-31": "361.00000", "2011-12-31": "463.00000", "2010-12-31": ""}, "Change In Inventories": {"2020-12-31": "", "2019-12-31": "", "2018-12-31": "", "2017-12-31": "", "2016-12-31": "", "2015-12-31": "", "2014-12-31": "", "2013-12-31": "", "2012-12-31": "", "2011-12-31": "", "2010-12-31": ""}, "Change In Accounts Payable": {"2020-12-31": "", "2019-12-31": "-96.00000", "2018-12-31": "58.00000", "2017-12-31": "11.00000", "2016-12-31": "-92.00000", "2015-12-31": "-42.00000", "2014-12-31": "-27.00000", "2013-12-31": "-23.00000", "2012-12-31": "-41.00000", "2011-12-31": "75.00000", "2010-12-31": ""}, "Change In Assets/Liabilities": {"2020-12-31": "", "2019-12-31": "58.00000", "2018-12-31": "352.00000", "2017-12-31": "480.00000", "2016-12-31": "622.00000", "2015-12-31": "973.00000", "2014-12-31": "731.00000", "2013-12-31": "527.00000", "2012-12-31": "485.00000", "2011-12-31": "432.00000", "2010-12-31": ""}, "Total Change In Assets/Liabilities": {"2020-12-31": "", "2019-12-31": "24.00000", "2018-12-31": "285.00000", "2017-12-31": "462.00000", "2016-12-31": "504.00000", "2015-12-31": "1106.00000", "2014-12-31": "629.00000", "2013-12-31": "436.00000", "2012-12-31": "805.00000", "2011-12-31": "970.00000", "2010-12-31": "970.00000"}, "Cash Flow From Operating Activities": {"2020-12-31": "", "2019-12-31": "1019.00000", "2018-12-31": "1140.00000", "2017-12-31": "1158.00000", "2016-12-31": "1347.00000", "2015-12-31": "1910.00000", "2014-12-31": "1664.00000", "2013-12-31": "2000.00000", "2012-12-31": "2636.00000", "2011-12-31": "3081.00000", "2010-12-31": "3081.00000"}, "Net Change In Property, Plant, And Equipment": {"2020-12-31": "", "2019-12-31": "", "2018-12-31": "", "2017-12-31": "", "2016-12-31": "", "2015-12-31": "", "2014-12-31": "", "2013-12-31": "", "2012-12-31": "", "2011-12-31": "", "2010-12-31": "0.00000"}, "Net Change In Intangible Assets": {"2020-12-31": "", "2019-12-31": "", "2018-12-31": "", "2017-12-31": "", "2016-12-31": "", "2015-12-31": "", "2014-12-31": "", "2013-12-31": "", "2012-12-31": "", "2011-12-31": "", "2010-12-31": ""}, "Net Acquisitions/Divestitures": {"2020-12-31": "", "2019-12-31": "", "2018-12-31": "", "2017-12-31": "-184.00000", "2016-12-31": "", "2015-12-31": "-342.00000", "2014-12-31": "", "2013-12-31": "", "2012-12-31": "", "2011-12-31": "", "2010-12-31": "0.00000"}, "Net Change In Short-term Investments": {"2020-12-31": "", "2019-12-31": "", "2018-12-31": "", "2017-12-31": "", "2016-12-31": "", "2015-12-31": "", "2014-12-31": "", "2013-12-31": "", "2012-12-31": "", "2011-12-31": "", "2010-12-31": ""}, "Net Change In Long-Term Investments": {"2020-12-31": "", "2019-12-31": "7.00000", "2018-12-31": "115.00000", "2017-12-31": "23.00000", "2016-12-31": "49.00000", "2015-12-31": "-89.00000", "2014-12-31": "-9.00000", "2013-12-31": "-29.00000", "2012-12-31": "-31.00000", "2011-12-31": "39.00000", "2010-12-31": ""}, "Net Change In Investments - Total": {"2020-12-31": "", "2019-12-31": "7.00000", "2018-12-31": "115.00000", "2017-12-31": "23.00000", "2016-12-31": "49.00000", "2015-12-31": "-89.00000", "2014-12-31": "-9.00000", "2013-12-31": "-29.00000", "2012-12-31": "-31.00000", "2011-12-31": "39.00000", "2010-12-31": "-226.00000"}, "Investing Activities - Other": {"2020-12-31": "", "2019-12-31": "7478.00000", "2018-12-31": "10245.00000", "2017-12-31": "7279.00000", "2016-12-31": "11233.00000", "2015-12-31": "11117.00000", "2014-12-31": "-1644.00000", "2013-12-31": "9239.00000", "2012-12-31": "11876.00000", "2011-12-31": "9435.00000", "2010-12-31": "9321.00000"}, "Cash Flow From Investing Activities": {"2020-12-31": "", "2019-12-31": "7485.00000", "2018-12-31": "10360.00000", "2017-12-31": "7118.00000", "2016-12-31": "11282.00000", "2015-12-31": "10686.00000", "2014-12-31": "-1653.00000", "2013-12-31": "9210.00000", "2012-12-31": "11845.00000", "2011-12-31": "9474.00000", "2010-12-31": "9474.00000"}, "Net Long-Term Debt": {"2020-12-31": "", "2019-12-31": "-9209.00000", "2018-12-31": "-10336.00000", "2017-12-31": "-7693.00000", "2016-12-31": "-11909.00000", "2015-12-31": "-11015.00000", "2014-12-31": "-1663.00000", "2013-12-31": "-9290.00000", "2012-12-31": "-13330.00000", "2011-12-31": "-15284.00000", "2010-12-31": ""}, "Net Current Debt": {"2020-12-31": "", "2019-12-31": "", "2018-12-31": "", "2017-12-31": "", "2016-12-31": "", "2015-12-31": "", "2014-12-31": "", "2013-12-31": "", "2012-12-31": "-284.00000", "2011-12-31": "201.00000", "2010-12-31": "0.00000"}, "Debt Issuance/Retirement Net - Total": {"2020-12-31": "", "2019-12-31": "-9209.00000", "2018-12-31": "-10336.00000", "2017-12-31": "-7693.00000", "2016-12-31": "-11909.00000", "2015-12-31": "-11015.00000", "2014-12-31": "-1663.00000", "2013-12-31": "-9290.00000", "2012-12-31": "-13614.00000", "2011-12-31": "-15083.00000", "2010-12-31": "-15284.00000"}, "Net Common Equity Issued/Repurchased": {"2020-12-31": "", "2019-12-31": "-440.00000", "2018-12-31": "-220.00000", "2017-12-31": "-440.00000", "2016-12-31": "-755.00000", "2015-12-31": "-945.00000", "2014-12-31": "-600.00000", "2013-12-31": "-600.00000", "2012-12-31": "-900.00000", "2011-12-31": "-300.00000", "2010-12-31": ""}, "Net Total Equity Issued/Repurchased": {"2020-12-31": "", "2019-12-31": "-440.00000", "2018-12-31": "-220.00000", "2017-12-31": "-440.00000", "2016-12-31": "-755.00000", "2015-12-31": "-945.00000", "2014-12-31": "-600.00000", "2013-12-31": "-600.00000", "2012-12-31": "-900.00000", "2011-12-31": "-300.00000", "2010-12-31": "-300.00000"}, "Total Common And Preferred Stock Dividends Paid": {"2020-12-31": "", "2019-12-31": "-147.00000", "2018-12-31": "-166.00000", "2017-12-31": "-176.00000", "2016-12-31": "-201.00000", "2015-12-31": "-240.00000", "2014-12-31": "-255.00000", "2013-12-31": "-284.00000", "2012-12-31": "-257.00000", "2011-12-31": "-172.00000", "2010-12-31": "-172.00000"}, "Financial Activities - Other": {"2020-12-31": "", "2019-12-31": "-189.00000", "2018-12-31": "-162.00000", "2017-12-31": "-33.00000", "2016-12-31": "-238.00000", "2015-12-31": "-245.00000", "2014-12-31": "-1240.00000", "2013-12-31": "254.00000", "2012-12-31": "1396.00000", "2011-12-31": "1451.00000", "2010-12-31": "1451.00000"}, "Cash Flow From Financial Activities": {"2020-12-31": "", "2019-12-31": "-9985.00000", "2018-12-31": "-10884.00000", "2017-12-31": "-8342.00000", "2016-12-31": "-13103.00000", "2015-12-31": "-12445.00000", "2014-12-31": "-3758.00000", "2013-12-31": "-9920.00000", "2012-12-31": "-13375.00000", "2011-12-31": "-14104.00000", "2010-12-31": "-14104.00000"}, "Net Cash Flow": {"2020-12-31": "", "2019-12-31": "-1481.00000", "2018-12-31": "616.00000", "2017-12-31": "-66.00000", "2016-12-31": "-474.00000", "2015-12-31": "151.00000", "2014-12-31": "-3747.00000", "2013-12-31": "1290.00000", "2012-12-31": "1106.00000", "2011-12-31": "-1549.00000", "2010-12-31": "-1549.00000"}, "Stock-Based Compensation": {"2020-12-31": "", "2019-12-31": "25.00000", "2018-12-31": "25.00000", "2017-12-31": "35.00000", "2016-12-31": "26.00000", "2015-12-31": "29.00000", "2014-12-31": "39.00000", "2013-12-31": "47.00000", "2012-12-31": "47.00000", "2011-12-31": "56.00000", "2010-12-31": ""}, "Common Stock Dividends Paid": {"2020-12-31": "", "2019-12-31": "-147.00000", "2018-12-31": "-166.00000", "2017-12-31": "-176.00000", "2016-12-31": "-201.00000", "2015-12-31": "-240.00000", "2014-12-31": "-249.00000", "2013-12-31": "-264.00000", "2012-12-31": "-237.00000", "2011-12-31": "-154.00000", "2010-12-31": ""}}, "cash flow statement, quarterly": {"Net Income/Loss": {"2020-12-31": -227, "2020-09-30": 208, "2020-06-30": 125, "2020-03-31": "-106.00000", "2019-12-31": 172, "2019-09-30": 144, "2019-06-30": 153, "2019-03-31": "128.00000", "2018-12-31": 72, "2018-09-30": 113, "2018-06-30": 84, "2018-03-31": "126.00000", "2017-12-31": -84, "2017-09-30": 176, "2017-06-30": 112, "2017-03-31": "88.00000", "2016-12-31": 146, "2016-09-30": 230, "2016-06-30": 124, "2016-03-31": "181.00000", "2015-12-31": 273, "2015-09-30": 237, "2015-06-30": 182, "2015-03-31": "292.00000", "2014-12-31": 252, "2014-09-30": 359, "2014-06-30": 307, "2014-03-31": "219.00000", "2013-12-31": 269, "2013-09-30": 260, "2013-06-30": 542, "2013-03-31": "346.00000", "2012-12-31": 305, "2011-12-31": 632}, "Total Depreciation And Amortization - Cash Flow": {"2020-12-31": -16, "2020-09-30": 5, "2020-06-30": 6, "2020-03-31": "5.00000", "2019-12-31": 7, "2019-09-30": 5, "2019-06-30": 11, "2019-03-31": "7.00000", "2018-12-31": 8, "2018-09-30": 23, "2018-06-30": 7, "2018-03-31": "9.00000", "2017-12-31": 6, "2017-09-30": 6, "2017-06-30": 5, "2017-03-31": "6.00000", "2016-12-31": 14, "2016-09-30": 12, "2016-06-30": 6, "2016-03-31": "4.00000", "2015-12-31": 5, "2015-09-30": 3, "2015-06-30": 3, "2015-03-31": "1.00000", "2014-12-31": 2, "2014-09-30": 1, "2014-06-30": 2, "2014-03-31": "4.00000", "2013-12-31": 3, "2013-09-30": 4, "2013-06-30": 3, "2013-03-31": "3.00000", "2012-12-31": 6, "2011-12-31": 21}, "Other Non-Cash Items": {"2020-12-31": -580, "2020-09-30": -41, "2020-06-30": 76, "2020-03-31": "545.00000", "2019-12-31": -12, "2019-09-30": 105, "2019-06-30": 157, "2019-03-31": "118.00000", "2018-12-31": 202, "2018-09-30": 49, "2018-06-30": 125, "2018-03-31": "37.00000", "2017-12-31": 65, "2017-09-30": 64, "2017-06-30": 118, "2017-03-31": "134.00000", "2016-12-31": 81, "2016-09-30": -44, "2016-06-30": 97, "2016-03-31": "-8.00000", "2015-12-31": -115, "2015-09-30": -49, "2015-06-30": 64, "2015-03-31": "-92.00000", "2014-12-31": 27, "2014-09-30": -119, "2014-06-30": -41, "2014-03-31": "22.00000", "2013-12-31": 182, "2013-09-30": 159, "2013-06-30": -248, "2013-03-31": "41.00000", "2012-12-31": 37, "2011-12-31": -35}, "Total Non-Cash Items": {"2020-12-31": -596, "2020-09-30": -36, "2020-06-30": 82, "2020-03-31": "550.00000", "2019-12-31": -5, "2019-09-30": 110, "2019-06-30": 168, "2019-03-31": "125.00000", "2018-12-31": 210, "2018-09-30": 72, "2018-06-30": 132, "2018-03-31": "46.00000", "2017-12-31": 71, "2017-09-30": 70, "2017-06-30": 123, "2017-03-31": "140.00000", "2016-12-31": 95, "2016-09-30": -32, "2016-06-30": 103, "2016-03-31": "-4.00000", "2015-12-31": -110, "2015-09-30": -46, "2015-06-30": 67, "2015-03-31": "-91.00000", "2014-12-31": 29, "2014-09-30": -118, "2014-06-30": -39, "2014-03-31": "26.00000", "2013-12-31": 87, "2013-09-30": 163, "2013-06-30": -245, "2013-03-31": "44.00000", "2012-12-31": 43, "2011-12-31": -14}, "Change In Accounts Receivable": {"2020-12-31": -16, "2020-09-30": 61, "2020-06-30": -124, "2020-03-31": "79.00000", "2019-12-31": -45, "2019-09-30": 101, "2019-06-30": -69, "2019-03-31": "75.00000", "2018-12-31": -106, "2018-09-30": 102, "2018-06-30": -139, "2018-03-31": "18.00000", "2017-12-31": -119, "2017-09-30": 62, "2017-06-30": -32, "2017-03-31": "60.00000", "2016-12-31": -124, "2016-09-30": 48, "2016-06-30": -21, "2016-03-31": "71.00000", "2015-12-31": -21, "2015-09-30": 94, "2015-06-30": -46, "2015-03-31": "148.00000", "2014-12-31": -211, "2014-09-30": 73, "2014-06-30": -46, "2014-03-31": "109.00000", "2013-12-31": 6, "2013-09-30": -32, "2013-06-30": -61, "2013-03-31": "19.00000", "2012-12-31": 0, "2011-12-31": 0}, "Change In Inventories": {"2020-12-31": 0, "2020-09-30": 0, "2020-06-30": 0, "2020-03-31": "", "2019-12-31": 0, "2019-09-30": 0, "2019-06-30": 0, "2019-03-31": "", "2018-12-31": 0, "2018-09-30": 0, "2018-06-30": 0, "2018-03-31": "", "2017-12-31": 0, "2017-09-30": 0, "2017-06-30": 0, "2017-03-31": "", "2016-12-31": 0, "2016-09-30": 0, "2016-06-30": 0, "2016-03-31": "", "2015-12-31": 0, "2015-09-30": 0, "2015-06-30": 0, "2015-03-31": "", "2014-12-31": 0, "2014-09-30": 0, "2014-06-30": 0, "2014-03-31": "", "2013-12-31": 0, "2013-09-30": 0, "2013-06-30": 0, "2013-03-31": "", "2012-12-31": 0, "2011-12-31": 0}, "Change In Accounts Payable": {"2020-12-31": 135, "2020-09-30": -59, "2020-06-30": -6, "2020-03-31": "-70.00000", "2019-12-31": 21, "2019-09-30": -88, "2019-06-30": 28, "2019-03-31": "-57.00000", "2018-12-31": 54, "2018-09-30": -82, "2018-06-30": 119, "2018-03-31": "-33.00000", "2017-12-31": 44, "2017-09-30": -50, "2017-06-30": 82, "2017-03-31": "-65.00000", "2016-12-31": 67, "2016-09-30": -34, "2016-06-30": 20, "2016-03-31": "-145.00000", "2015-12-31": 51, "2015-09-30": -86, "2015-06-30": 53, "2015-03-31": "-60.00000", "2014-12-31": 81, "2014-09-30": -76, "2014-06-30": 37, "2014-03-31": "-69.00000", "2013-12-31": 38, "2013-09-30": -67, "2013-06-30": 4, "2013-03-31": "2.00000", "2012-12-31": 0, "2011-12-31": 0}, "Change In Assets/Liabilities": {"2020-12-31": -112, "2020-09-30": 47, "2020-06-30": 65, "2020-03-31": "0.00000", "2019-12-31": 45, "2019-09-30": 42, "2019-06-30": 54, "2019-03-31": "-83.00000", "2018-12-31": 255, "2018-09-30": -32, "2018-06-30": 2, "2018-03-31": "127.00000", "2017-12-31": 332, "2017-09-30": 26, "2017-06-30": -12, "2017-03-31": "134.00000", "2016-12-31": 49, "2016-09-30": 131, "2016-06-30": 203, "2016-03-31": "239.00000", "2015-12-31": 258, "2015-09-30": 205, "2015-06-30": 300, "2015-03-31": "210.00000", "2014-12-31": -102, "2014-09-30": 264, "2014-06-30": 296, "2014-03-31": "273.00000", "2013-12-31": 70, "2013-09-30": 154, "2013-06-30": 185, "2013-03-31": "118.00000", "2012-12-31": 0, "2011-12-31": 0}, "Total Change In Assets/Liabilities": {"2020-12-31": 7, "2020-09-30": 49, "2020-06-30": -65, "2020-03-31": "9.00000", "2019-12-31": 21, "2019-09-30": 55, "2019-06-30": 13, "2019-03-31": "-65.00000", "2018-12-31": 203, "2018-09-30": -12, "2018-06-30": -18, "2018-03-31": "112.00000", "2017-12-31": 257, "2017-09-30": 38, "2017-06-30": 38, "2017-03-31": "129.00000", "2016-12-31": -8, "2016-09-30": 145, "2016-06-30": 202, "2016-03-31": "165.00000", "2015-12-31": 288, "2015-09-30": 213, "2015-06-30": 307, "2015-03-31": "298.00000", "2014-12-31": -232, "2014-09-30": 261, "2014-06-30": 287, "2014-03-31": "313.00000", "2013-12-31": 114, "2013-09-30": 55, "2013-06-30": 128, "2013-03-31": "139.00000", "2012-12-31": -165, "2011-12-31": 970}, "Cash Flow From Operating Activities": {"2020-12-31": -816, "2020-09-30": 221, "2020-06-30": 142, "2020-03-31": "453.00000", "2019-12-31": 188, "2019-09-30": 309, "2019-06-30": 334, "2019-03-31": "188.00000", "2018-12-31": 485, "2018-09-30": 173, "2018-06-30": 198, "2018-03-31": "284.00000", "2017-12-31": 244, "2017-09-30": 284, "2017-06-30": 273, "2017-03-31": "357.00000", "2016-12-31": 233, "2016-09-30": 343, "2016-06-30": 429, "2016-03-31": "342.00000", "2015-12-31": 451, "2015-09-30": 404, "2015-06-30": 556, "2015-03-31": "499.00000", "2014-12-31": 49, "2014-09-30": 502, "2014-06-30": 555, "2014-03-31": "558.00000", "2013-12-31": 568, "2013-09-30": 478, "2013-06-30": 425, "2013-03-31": "529.00000", "2012-12-31": -445, "2011-12-31": 3081}, "Net Change In Property, Plant, And Equipment": {"2020-12-31": 0, "2020-09-30": 0, "2020-06-30": 0, "2020-03-31": "", "2019-12-31": 0, "2019-09-30": 0, "2019-06-30": 0, "2019-03-31": "", "2018-12-31": 0, "2018-09-30": 0, "2018-06-30": 0, "2018-03-31": "", "2017-12-31": 0, "2017-09-30": 0, "2017-06-30": 0, "2017-03-31": "", "2016-12-31": 0, "2016-09-30": 0, "2016-06-30": 0, "2016-03-31": "", "2015-12-31": 0, "2015-09-30": 0, "2015-06-30": 0, "2015-03-31": "", "2014-12-31": 0, "2014-09-30": 0, "2014-06-30": 0, "2014-03-31": "", "2013-12-31": 0, "2013-09-30": 0, "2013-06-30": 0, "2013-03-31": "", "2012-12-31": 0, "2011-12-31": 0}, "Net Change In Intangible Assets": {"2020-12-31": 0, "2020-09-30": 0, "2020-06-30": 0, "2020-03-31": "", "2019-12-31": 0, "2019-09-30": 0, "2019-06-30": 0, "2019-03-31": "", "2018-12-31": 0, "2018-09-30": 0, "2018-06-30": 0, "2018-03-31": "", "2017-12-31": 0, "2017-09-30": 0, "2017-06-30": 0, "2017-03-31": "", "2016-12-31": 0, "2016-09-30": 0, "2016-06-30": 0, "2016-03-31": "", "2015-12-31": 0, "2015-09-30": 0, "2015-06-30": 0, "2015-03-31": "", "2014-12-31": 0, "2014-09-30": 0, "2014-06-30": 0, "2014-03-31": "", "2013-12-31": 0, "2013-09-30": 0, "2013-06-30": 0, "2013-03-31": "", "2012-12-31": 0, "2011-12-31": 0}, "Net Acquisitions/Divestitures": {"2020-12-31": 0, "2020-09-30": 0, "2020-06-30": 0, "2020-03-31": "", "2019-12-31": 0, "2019-09-30": 0, "2019-06-30": 0, "2019-03-31": "", "2018-12-31": 0, "2018-09-30": 0, "2018-06-30": 0, "2018-03-31": "", "2017-12-31": -107, "2017-09-30": -77, "2017-06-30": 0, "2017-03-31": "", "2016-12-31": 0, "2016-09-30": 0, "2016-06-30": 0, "2016-03-31": "", "2015-12-31": -161, "2015-09-30": 0, "2015-06-30": 0, "2015-03-31": "-181.00000", "2014-12-31": 0, "2014-09-30": 0, "2014-06-30": 0, "2014-03-31": "", "2013-12-31": 0, "2013-09-30": 0, "2013-06-30": 0, "2013-03-31": "", "2012-12-31": 0, "2011-12-31": 0}, "Net Change In Short-term Investments": {"2020-12-31": 0, "2020-09-30": 0, "2020-06-30": 0, "2020-03-31": "", "2019-12-31": 0, "2019-09-30": 0, "2019-06-30": 0, "2019-03-31": "", "2018-12-31": 0, "2018-09-30": 0, "2018-06-30": 0, "2018-03-31": "", "2017-12-31": 0, "2017-09-30": 0, "2017-06-30": 0, "2017-03-31": "", "2016-12-31": 0, "2016-09-30": 0, "2016-06-30": 0, "2016-03-31": "", "2015-12-31": 0, "2015-09-30": 0, "2015-06-30": 0, "2015-03-31": "", "2014-12-31": 0, "2014-09-30": 0, "2014-06-30": 0, "2014-03-31": "", "2013-12-31": 0, "2013-09-30": 0, "2013-06-30": 0, "2013-03-31": "", "2012-12-31": 0, "2011-12-31": 0}, "Net Change In Long-Term Investments": {"2020-12-31": 0, "2020-09-30": 0, "2020-06-30": 0, "2020-03-31": "", "2019-12-31": 7, "2019-09-30": 0, "2019-06-30": 0, "2019-03-31": "", "2018-12-31": 115, "2018-09-30": 0, "2018-06-30": 0, "2018-03-31": "", "2017-12-31": 5, "2017-09-30": 3, "2017-06-30": 7, "2017-03-31": "8.00000", "2016-12-31": 48, "2016-09-30": 2, "2016-06-30": 0, "2016-03-31": "-1.00000", "2015-12-31": -32, "2015-09-30": -56, "2015-06-30": -2, "2015-03-31": "1.00000", "2014-12-31": 10, "2014-09-30": 3, "2014-06-30": -1, "2014-03-31": "-21.00000", "2013-12-31": -14, "2013-09-30": 0, "2013-06-30": -11, "2013-03-31": "-4.00000", "2012-12-31": 0, "2011-12-31": 0}, "Net Change In Investments - Total": {"2020-12-31": 0, "2020-09-30": 0, "2020-06-30": 0, "2020-03-31": "", "2019-12-31": 7, "2019-09-30": 0, "2019-06-30": 0, "2019-03-31": "", "2018-12-31": 115, "2018-09-30": 0, "2018-06-30": 0, "2018-03-31": "", "2017-12-31": 5, "2017-09-30": 3, "2017-06-30": 7, "2017-03-31": "8.00000", "2016-12-31": 48, "2016-09-30": 2, "2016-06-30": 0, "2016-03-31": "-1.00000", "2015-12-31": -32, "2015-09-30": -56, "2015-06-30": -2, "2015-03-31": "1.00000", "2014-12-31": 10, "2014-09-30": 3, "2014-06-30": -1, "2014-03-31": "-21.00000", "2013-12-31": -14, "2013-09-30": 0, "2013-06-30": -11, "2013-03-31": "-4.00000", "2012-12-31": -11, "2011-12-31": -226}, "Investing Activities - Other": {"2020-12-31": -4918, "2020-09-30": 1526, "2020-06-30": 2407, "2020-03-31": "985.00000", "2019-12-31": 1072, "2019-09-30": 1525, "2019-06-30": 2473, "2019-03-31": "2408.00000", "2018-12-31": 2046, "2018-09-30": 2443, "2018-06-30": 3035, "2018-03-31": "2721.00000", "2017-12-31": 2402, "2017-09-30": 3017, "2017-06-30": -1275, "2017-03-31": "3135.00000", "2016-12-31": 2736, "2016-09-30": 3109, "2016-06-30": 3202, "2016-03-31": "2186.00000", "2015-12-31": 3530, "2015-09-30": 2105, "2015-06-30": 2562, "2015-03-31": "2920.00000", "2014-12-31": -6546, "2014-09-30": 1652, "2014-06-30": 2237, "2014-03-31": "1013.00000", "2013-12-31": 10560, "2013-09-30": 1035, "2013-06-30": 3432, "2013-03-31": "2188.00000", "2012-12-31": 2555, "2011-12-31": 9321}, "Cash Flow From Investing Activities": {"2020-12-31": -4918, "2020-09-30": 1526, "2020-06-30": 2407, "2020-03-31": "985.00000", "2019-12-31": 1079, "2019-09-30": 1525, "2019-06-30": 2473, "2019-03-31": "2408.00000", "2018-12-31": 2161, "2018-09-30": 2443, "2018-06-30": 3035, "2018-03-31": "2721.00000", "2017-12-31": 2300, "2017-09-30": 2943, "2017-06-30": -1268, "2017-03-31": "3143.00000", "2016-12-31": 2784, "2016-09-30": 3111, "2016-06-30": 3202, "2016-03-31": "2185.00000", "2015-12-31": 3337, "2015-09-30": 2049, "2015-06-30": 2560, "2015-03-31": "2740.00000", "2014-12-31": -6536, "2014-09-30": 1655, "2014-06-30": 2236, "2014-03-31": "992.00000", "2013-12-31": 2570, "2013-09-30": 1035, "2013-06-30": 3421, "2013-03-31": "2184.00000", "2012-12-31": 2371, "2011-12-31": 9474}, "Net Long-Term Debt": {"2020-12-31": 4567, "2020-09-30": -1437, "2020-06-30": -2286, "2020-03-31": "-844.00000", "2019-12-31": -1695, "2019-09-30": -1733, "2019-06-30": -2403, "2019-03-31": "-3378.00000", "2018-12-31": -2382, "2018-09-30": -3157, "2018-06-30": -3044, "2018-03-31": "-1753.00000", "2017-12-31": -2410, "2017-09-30": -3085, "2017-06-30": 776, "2017-03-31": "-2974.00000", "2016-12-31": -2015, "2016-09-30": -3852, "2016-06-30": -3230, "2016-03-31": "-2812.00000", "2015-12-31": -3137, "2015-09-30": -2557, "2015-06-30": -2994, "2015-03-31": "-2327.00000", "2014-12-31": 5893, "2014-09-30": -1392, "2014-06-30": -3360, "2014-03-31": "-2804.00000", "2013-12-31": -2176, "2013-09-30": -853, "2013-06-30": -3567, "2013-03-31": "-2694.00000", "2012-12-31": 0, "2011-12-31": 0}, "Net Current Debt": {"2020-12-31": 0, "2020-09-30": 0, "2020-06-30": 0, "2020-03-31": "", "2019-12-31": 0, "2019-09-30": 0, "2019-06-30": 0, "2019-03-31": "", "2018-12-31": 0, "2018-09-30": 948, "2018-06-30": -948, "2018-03-31": "", "2017-12-31": 0, "2017-09-30": 0, "2017-06-30": 0, "2017-03-31": "", "2016-12-31": -1231, "2016-09-30": 1231, "2016-06-30": 0, "2016-03-31": "", "2015-12-31": 0, "2015-09-30": 0, "2015-06-30": 0, "2015-03-31": "", "2014-12-31": 0, "2014-09-30": 0, "2014-06-30": 0, "2014-03-31": "", "2013-12-31": 0, "2013-09-30": 0, "2013-06-30": 0, "2013-03-31": "", "2012-12-31": 0, "2011-12-31": 0}, "Debt Issuance/Retirement Net - Total": {"2020-12-31": 4567, "2020-09-30": -1437, "2020-06-30": -2286, "2020-03-31": "-844.00000", "2019-12-31": -1695, "2019-09-30": -1733, "2019-06-30": -2403, "2019-03-31": "-3378.00000", "2018-12-31": -2382, "2018-09-30": -2209, "2018-06-30": -3992, "2018-03-31": "-1753.00000", "2017-12-31": -2410, "2017-09-30": -3085, "2017-06-30": 776, "2017-03-31": "-2974.00000", "2016-12-31": -3246, "2016-09-30": -2621, "2016-06-30": -3230, "2016-03-31": "-2812.00000", "2015-12-31": -3137, "2015-09-30": -2557, "2015-06-30": -2994, "2015-03-31": "-2327.00000", "2014-12-31": 5893, "2014-09-30": -1392, "2014-06-30": -3360, "2014-03-31": "-2804.00000", "2013-12-31": -2176, "2013-09-30": -853, "2013-06-30": -3567, "2013-03-31": "-2694.00000", "2012-12-31": 1954, "2011-12-31": -15284}, "Net Common Equity Issued/Repurchased": {"2020-12-31": 400, "2020-09-30": -65, "2020-06-30": 0, "2020-03-31": "-335.00000", "2019-12-31": -77, "2019-09-30": -130, "2019-06-30": -126, "2019-03-31": "-107.00000", "2018-12-31": -125, "2018-09-30": -95, "2018-06-30": 0, "2018-03-31": "", "2017-12-31": 0, "2017-09-30": -165, "2017-06-30": -165, "2017-03-31": "-110.00000", "2016-12-31": -180, "2016-09-30": -200, "2016-06-30": -175, "2016-03-31": "-200.00000", "2015-12-31": -170, "2015-09-30": -175, "2015-06-30": -300, "2015-03-31": "-300.00000", "2014-12-31": -168, "2014-09-30": -167, "2014-06-30": -65, "2014-03-31": "-200.00000", "2013-12-31": -200, "2013-09-30": 0, "2013-06-30": -201, "2013-03-31": "-199.00000", "2012-12-31": 0, "2011-12-31": 0}, "Net Total Equity Issued/Repurchased": {"2020-12-31": 400, "2020-09-30": -65, "2020-06-30": 0, "2020-03-31": "-335.00000", "2019-12-31": -77, "2019-09-30": -130, "2019-06-30": -126, "2019-03-31": "-107.00000", "2018-12-31": -125, "2018-09-30": -95, "2018-06-30": 0, "2018-03-31": "", "2017-12-31": 0, "2017-09-30": -165, "2017-06-30": -165, "2017-03-31": "-110.00000", "2016-12-31": -180, "2016-09-30": -200, "2016-06-30": -175, "2016-03-31": "-200.00000", "2015-12-31": -170, "2015-09-30": -175, "2015-06-30": -300, "2015-03-31": "-300.00000", "2014-12-31": -168, "2014-09-30": -167, "2014-06-30": -65, "2014-03-31": "-200.00000", "2013-12-31": -200, "2013-09-30": 0, "2013-06-30": -201, "2013-03-31": "-199.00000", "2012-12-31": -600, "2011-12-31": -300}, "Total Common And Preferred Stock Dividends Paid": {"2020-12-31": 93, "2020-09-30": -31, "2020-06-30": -31, "2020-03-31": "-31.00000", "2019-12-31": -35, "2019-09-30": -36, "2019-06-30": -37, "2019-03-31": "-39.00000", "2018-12-31": -40, "2018-09-30": -41, "2018-06-30": -43, "2018-03-31": "-42.00000", "2017-12-31": -43, "2017-09-30": -42, "2017-06-30": -45, "2017-03-31": "-46.00000", "2016-12-31": -47, "2016-09-30": -49, "2016-06-30": -51, "2016-03-31": "-54.00000", "2015-12-31": -58, "2015-09-30": -58, "2015-06-30": -61, "2015-03-31": "-63.00000", "2014-12-31": -60, "2014-09-30": -62, "2014-06-30": -64, "2014-03-31": "-69.00000", "2013-12-31": -70, "2013-09-30": -70, "2013-06-30": -71, "2013-03-31": "-73.00000", "2012-12-31": -85, "2011-12-31": -172}, "Financial Activities - Other": {"2020-12-31": 241, "2020-09-30": 11, "2020-06-30": -11, "2020-03-31": "-241.00000", "2019-12-31": 61, "2019-09-30": -101, "2019-06-30": -35, "2019-03-31": "-114.00000", "2018-12-31": -85, "2018-09-30": -31, "2018-06-30": 13, "2018-03-31": "-59.00000", "2017-12-31": 42, "2017-09-30": -38, "2017-06-30": 93, "2017-03-31": "-130.00000", "2016-12-31": -247, "2016-09-30": -138, "2016-06-30": 34, "2016-03-31": "113.00000", "2015-12-31": -134, "2015-09-30": 28, "2015-06-30": -198, "2015-03-31": "59.00000", "2014-12-31": 323, "2014-09-30": -230, "2014-06-30": -1408, "2014-03-31": "75.00000", "2013-12-31": 1318, "2013-09-30": 412, "2013-06-30": -365, "2013-03-31": "38.00000", "2012-12-31": -55, "2011-12-31": 1451}, "Cash Flow From Financial Activities": {"2020-12-31": 5301, "2020-09-30": -1522, "2020-06-30": -2328, "2020-03-31": "-1451.00000", "2019-12-31": -1746, "2019-09-30": -2000, "2019-06-30": -2601, "2019-03-31": "-3638.00000", "2018-12-31": -2632, "2018-09-30": -2376, "2018-06-30": -4022, "2018-03-31": "-1854.00000", "2017-12-31": -2411, "2017-09-30": -3330, "2017-06-30": 659, "2017-03-31": "-3260.00000", "2016-12-31": -3720, "2016-09-30": -3008, "2016-06-30": -3422, "2016-03-31": "-2953.00000", "2015-12-31": -3499, "2015-09-30": -2762, "2015-06-30": -3553, "2015-03-31": "-2631.00000", "2014-12-31": 5988, "2014-09-30": -1851, "2014-06-30": -4897, "2014-03-31": "-2998.00000", "2013-12-31": -2277, "2013-09-30": -511, "2013-06-30": -4204, "2013-03-31": "-2928.00000", "2012-12-31": 729, "2011-12-31": -14104}, "Net Cash Flow": {"2020-12-31": -433, "2020-09-30": 225, "2020-06-30": 221, "2020-03-31": "-13.00000", "2019-12-31": -479, "2019-09-30": -166, "2019-06-30": 206, "2019-03-31": "-1042.00000", "2018-12-31": 14, "2018-09-30": 240, "2018-06-30": -789, "2018-03-31": "1151.00000", "2017-12-31": 133, "2017-09-30": -103, "2017-06-30": -336, "2017-03-31": "240.00000", "2016-12-31": -703, "2016-09-30": 446, "2016-06-30": 209, "2016-03-31": "-426.00000", "2015-12-31": 289, "2015-09-30": -309, "2015-06-30": -437, "2015-03-31": "608.00000", "2014-12-31": -499, "2014-09-30": 306, "2014-06-30": -2106, "2014-03-31": "-1448.00000", "2013-12-31": 861, "2013-09-30": 1002, "2013-06-30": -358, "2013-03-31": "-215.00000", "2012-12-31": 2655, "2011-12-31": -1549}, "Stock-Based Compensation": {"2020-12-31": -15, "2020-09-30": 4, "2020-06-30": 2, "2020-03-31": "9.00000", "2019-12-31": 5, "2019-09-30": 3, "2019-06-30": 5, "2019-03-31": "12.00000", "2018-12-31": 3, "2018-09-30": 4, "2018-06-30": 5, "2018-03-31": "13.00000", "2017-12-31": 9, "2017-09-30": 7, "2017-06-30": 5, "2017-03-31": "14.00000", "2016-12-31": 4, "2016-09-30": 4, "2016-06-30": 6, "2016-03-31": "12.00000", "2015-12-31": 2, "2015-09-30": 4, "2015-06-30": 11, "2015-03-31": "12.00000", "2014-12-31": 6, "2014-09-30": 5, "2014-06-30": 10, "2014-03-31": "18.00000", "2013-12-31": 10, "2013-09-30": 8, "2013-06-30": 10, "2013-03-31": "19.00000", "2012-12-31": 0, "2011-12-31": 0}, "Common Stock Dividends Paid": {"2020-12-31": 93, "2020-09-30": -31, "2020-06-30": -31, "2020-03-31": "-31.00000", "2019-12-31": -35, "2019-09-30": -36, "2019-06-30": -37, "2019-03-31": "-39.00000", "2018-12-31": -40, "2018-09-30": -41, "2018-06-30": -43, "2018-03-31": "-42.00000", "2017-12-31": -43, "2017-09-30": -42, "2017-06-30": -45, "2017-03-31": "-46.00000", "2016-12-31": -47, "2016-09-30": -49, "2016-06-30": -51, "2016-03-31": "-54.00000", "2015-12-31": -58, "2015-09-30": -58, "2015-06-30": -61, "2015-03-31": "-63.00000", "2014-12-31": -60, "2014-09-30": -62, "2014-06-30": -63, "2014-03-31": "-64.00000", "2013-12-31": -65, "2013-09-30": -65, "2013-06-30": -66, "2013-03-31": "-68.00000", "2012-12-31": 0, "2011-12-31": 0}}, "financial ratios": {"Current Ratio": {"2019-12-31": "", "2018-12-31": "", "2017-12-31": "", "2016-12-31": "", "2015-12-31": "", "2014-12-31": "", "2013-12-31": "", "2012-12-31": "", "2011-12-31": "", "2010-12-31": ""}, "Long-term Debt / Capital": {"2019-12-31": "0.96060", "2018-12-31": "0.96350", "2017-12-31": "0.96790", "2016-12-31": "0.96790", "2015-12-31": "0.96950", "2014-12-31": "0.97020", "2013-12-31": "0.96030", "2012-12-31": "0.96780", "2011-12-31": "0.96780", "2010-12-31": "0.96780"}, "Debt/Equity Ratio": {"2019-12-31": "26.93280", "2018-12-31": "27.89430", "2017-12-31": "31.50160", "2016-12-31": "30.80900", "2015-12-31": "32.39330", "2014-12-31": "33.23700", "2013-12-31": "26.66480", "2012-12-31": "34.00260", "2011-12-31": "30.08310", "2010-12-31": "30.08310"}, "Gross Margin": {"2019-12-31": "", "2018-12-31": "", "2017-12-31": "", "2016-12-31": "", "2015-12-31": "", "2014-12-31": "", "2013-12-31": "", "2012-12-31": "", "2011-12-31": "", "2010-12-31": ""}, "Operating Margin": {"2019-12-31": "", "2018-12-31": "", "2017-12-31": "", "2016-12-31": "", "2015-12-31": "", "2014-12-31": "", "2013-12-31": "", "2012-12-31": "", "2011-12-31": "", "2010-12-31": ""}, "EBIT Margin": {"2019-12-31": "", "2018-12-31": "", "2017-12-31": "", "2016-12-31": "", "2015-12-31": "", "2014-12-31": "", "2013-12-31": "", "2012-12-31": "", "2011-12-31": "", "2010-12-31": ""}, "EBITDA Margin": {"2019-12-31": "", "2018-12-31": "", "2017-12-31": "", "2016-12-31": "", "2015-12-31": "", "2014-12-31": "", "2013-12-31": "", "2012-12-31": "", "2011-12-31": "", "2010-12-31": ""}, "Pre-Tax Profit Margin": {"2019-12-31": "42.79310", "2018-12-31": "33.58780", "2017-12-31": "42.87320", "2016-12-31": "52.88780", "2015-12-31": "62.15580", "2014-12-31": "62.11140", "2013-12-31": "64.93470", "2012-12-31": "60.58180", "2011-12-31": "47.12180", "2010-12-31": "16.34560"}, "Net Profit Margin": {"2019-12-31": "33.48290", "2018-12-31": "25.12720", "2017-12-31": "16.38610", "2016-12-31": "32.50600", "2015-12-31": "38.70970", "2014-12-31": "38.64030", "2013-12-31": "43.49720", "2012-12-31": "38.74370", "2011-12-31": "31.32960", "2010-12-31": "11.18570"}, "Asset Turnover": {"2019-12-31": "0.01880", "2018-12-31": "0.01510", "2017-12-31": "0.01550", "2016-12-31": "0.01730", "2015-12-31": "0.01900", "2014-12-31": "0.02000", "2013-12-31": "0.02010", "2012-12-31": "0.01310", "2011-12-31": "0.01080", "2010-12-31": "0.03120"}, "Inventory Turnover Ratio": {"2019-12-31": "", "2018-12-31": "", "2017-12-31": "", "2016-12-31": "", "2015-12-31": "", "2014-12-31": "", "2013-12-31": "", "2012-12-31": "", "2011-12-31": "", "2010-12-31": ""}, "Receiveable Turnover": {"2019-12-31": "", "2018-12-31": "", "2017-12-31": "", "2016-12-31": "", "2015-12-31": "", "2014-12-31": "", "2013-12-31": "", "2012-12-31": "", "2011-12-31": "", "2010-12-31": ""}, "Days Sales In Receivables": {"2019-12-31": "", "2018-12-31": "", "2017-12-31": "", "2016-12-31": "", "2015-12-31": "", "2014-12-31": "", "2013-12-31": "", "2012-12-31": "", "2011-12-31": "", "2010-12-31": ""}, "ROE - Return On Equity": {"2019-12-31": "17.82620", "2018-12-31": "11.13620", "2017-12-31": "8.37880", "2016-12-31": "18.29170", "2015-12-31": "24.99360", "2014-12-31": "27.08430", "2013-12-31": "25.82230", "2012-12-31": "20.86200", "2011-12-31": "41.14400", "2010-12-31": "41.21300"}, "Return On Tangible Equity": {"2019-12-31": "23.03240", "2018-12-31": "14.30640", "2017-12-31": "10.91590", "2016-12-31": "22.30590", "2015-12-31": "30.45230", "2014-12-31": "29.69440", "2013-12-31": "25.12460", "2012-12-31": "20.33350", "2011-12-31": "11.78450", "2010-12-31": "11.80420"}, "ROA - Return On Assets": {"2019-12-31": "0.62910", "2018-12-31": "0.37920", "2017-12-31": "0.25390", "2016-12-31": "0.56220", "2015-12-31": "0.73330", "2014-12-31": "0.77690", "2013-12-31": "0.82170", "2012-12-31": "0.51800", "2011-12-31": "0.32940", "2010-12-31": "0.32990"}, "ROI - Return On Investment": {"2019-12-31": "0.70180", "2018-12-31": "0.40690", "2017-12-31": "0.26910", "2016-12-31": "0.58660", "2015-12-31": "0.76340", "2014-12-31": "0.80600", "2013-12-31": "0.92140", "2012-12-31": "0.59630", "2011-12-31": "0.37910", "2010-12-31": "0.37980"}, "Book Value Per Share": {"2019-12-31": "15.57670", "2018-12-31": "14.36030", "2017-12-31": "13.25100", "2016-12-31": "12.79380", "2015-12-31": "11.26930", "2014-12-31": "10.44280", "2013-12-31": "13.15150", "2012-12-31": "11.18320", "2011-12-31": "", "2010-12-31": ""}, "Operating Cash Flow Per Share": {"2019-12-31": 0.0552, "2018-12-31": 0.1972, "2017-12-31": -0.0622, "2016-12-31": -0.8168, "2015-12-31": 1.0847, "2014-12-31": -0.539, "2013-12-31": -1.0033, "2012-12-31": -0.4334, "2011-12-31": 5.891, "2010-12-31": 0}, "Free Cash Flow Per Share": {"2019-12-31": 0.0552, "2018-12-31": 0.1972, "2017-12-31": -0.0622, "2016-12-31": -0.8168, "2015-12-31": 1.0847, "2014-12-31": -0.539, "2013-12-31": -1.0033, "2012-12-31": -0.4334, "2011-12-31": 5.891, "2010-12-31": 0}}, "financial ratios, quarterly": {"Current Ratio": {"2020-09-30": "", "2020-06-30": "", "2020-03-31": "", "2019-12-31": "", "2019-09-30": "", "2019-06-30": "", "2019-03-31": "", "2018-12-31": "", "2018-09-30": "", "2018-06-30": "", "2018-03-31": "", "2017-12-31": "", "2017-09-30": "", "2017-06-30": "", "2017-03-31": "", "2016-12-31": "", "2016-09-30": "", "2016-06-30": "", "2016-03-31": "", "2015-12-31": "", "2015-09-30": "", "2015-06-30": "", "2015-03-31": "", "2014-12-31": "", "2014-09-30": "", "2014-06-30": "", "2014-03-31": "", "2013-12-31": "", "2013-09-30": "", "2013-06-30": "", "2013-03-31": "", "2012-12-31": "", "2011-12-31": ""}, "Long-term Debt / Capital": {"2020-09-30": "0.97220", "2020-06-30": "0.97420", "2020-03-31": "0.97540", "2019-12-31": "0.96060", "2019-09-30": "0.96310", "2019-06-30": "0.96320", "2019-03-31": "0.96240", "2018-12-31": "0.96350", "2018-09-30": "0.96240", "2018-06-30": "0.96340", "2018-03-31": "0.96550", "2017-12-31": "0.96790", "2017-09-30": "0.96830", "2017-06-30": "0.96880", "2017-03-31": "0.96760", "2016-12-31": "0.96790", "2016-09-30": "0.96900", "2016-06-30": "0.97000", "2016-03-31": "0.96970", "2015-12-31": "0.96950", "2015-09-30": "0.97060", "2015-06-30": "0.97070", "2015-03-31": "0.97000", "2014-12-31": "0.97020", "2014-09-30": "0.96850", "2014-06-30": "0.97040", "2014-03-31": "0.96050", "2013-12-31": "0.96030", "2013-09-30": "", "2013-06-30": "", "2013-03-31": "", "2012-12-31": "", "2011-12-31": ""}, "Debt/Equity Ratio": {"2020-09-30": "38.06400", "2020-06-30": "41.19000", "2020-03-31": "43.82280", "2019-12-31": "26.93280", "2019-09-30": "28.22050", "2019-06-30": "28.24910", "2019-03-31": "27.77960", "2018-12-31": "27.89430", "2018-09-30": "26.92300", "2018-06-30": "27.62140", "2018-03-31": "29.42420", "2017-12-31": "31.50160", "2017-09-30": "31.50370", "2017-06-30": "32.18180", "2017-03-31": "30.43190", "2016-12-31": "30.80900", "2016-09-30": "31.91670", "2016-06-30": "32.94820", "2016-03-31": "32.63430", "2015-12-31": "32.39330", "2015-09-30": "33.73010", "2015-06-30": "33.90240", "2015-03-31": "33.34640", "2014-12-31": "33.23700", "2014-09-30": "32.16150", "2014-06-30": "33.88090", "2014-03-31": "26.40280", "2013-12-31": "26.66480", "2013-09-30": "", "2013-06-30": "", "2013-03-31": "", "2012-12-31": "", "2011-12-31": ""}, "Gross Margin": {"2020-09-30": "", "2020-06-30": "", "2020-03-31": "", "2019-12-31": "", "2019-09-30": "", "2019-06-30": "", "2019-03-31": "", "2018-12-31": "", "2018-09-30": "", "2018-06-30": "", "2018-03-31": "", "2017-12-31": "", "2017-09-30": "", "2017-06-30": "", "2017-03-31": "", "2016-12-31": "", "2016-09-30": "", "2016-06-30": "", "2016-03-31": "", "2015-12-31": "", "2015-09-30": "", "2015-06-30": "", "2015-03-31": "", "2014-12-31": "", "2014-09-30": "", "2014-06-30": "", "2014-03-31": "", "2013-12-31": "", "2013-09-30": "", "2013-06-30": "", "2013-03-31": "", "2012-12-31": "", "2011-12-31": ""}, "Operating Margin": {"2020-09-30": "", "2020-06-30": "", "2020-03-31": "", "2019-12-31": "", "2019-09-30": "", "2019-06-30": "", "2019-03-31": "", "2018-12-31": "", "2018-09-30": "", "2018-06-30": "", "2018-03-31": "", "2017-12-31": "", "2017-09-30": "", "2017-06-30": "", "2017-03-31": "", "2016-12-31": "", "2016-09-30": "", "2016-06-30": "", "2016-03-31": "", "2015-12-31": "", "2015-09-30": "", "2015-06-30": "", "2015-03-31": "", "2014-12-31": "", "2014-09-30": "", "2014-06-30": "", "2014-03-31": "", "2013-12-31": "", "2013-09-30": "", "2013-06-30": "", "2013-03-31": "", "2012-12-31": "", "2011-12-31": ""}, "EBIT Margin": {"2020-09-30": "", "2020-06-30": "", "2020-03-31": "", "2019-12-31": "", "2019-09-30": "", "2019-06-30": "", "2019-03-31": "", "2018-12-31": "", "2018-09-30": "", "2018-06-30": "", "2018-03-31": "", "2017-12-31": "", "2017-09-30": "", "2017-06-30": "", "2017-03-31": "", "2016-12-31": "", "2016-09-30": "", "2016-06-30": "", "2016-03-31": "", "2015-12-31": "", "2015-09-30": "", "2015-06-30": "", "2015-03-31": "", "2014-12-31": "", "2014-09-30": "", "2014-06-30": "", "2014-03-31": "", "2013-12-31": "", "2013-09-30": "", "2013-06-30": "", "2013-03-31": "", "2012-12-31": "", "2011-12-31": ""}, "EBITDA Margin": {"2020-09-30": "", "2020-06-30": "", "2020-03-31": "", "2019-12-31": "", "2019-09-30": "", "2019-06-30": "", "2019-03-31": "", "2018-12-31": "", "2018-09-30": "", "2018-06-30": "", "2018-03-31": "", "2017-12-31": "", "2017-09-30": "", "2017-06-30": "", "2017-03-31": "", "2016-12-31": "", "2016-09-30": "", "2016-06-30": "", "2016-03-31": "", "2015-12-31": "", "2015-09-30": "", "2015-06-30": "", "2015-03-31": "", "2014-12-31": "", "2014-09-30": "", "2014-06-30": "", "2014-03-31": "", "2013-12-31": "", "2013-09-30": "", "2013-06-30": "", "2013-03-31": "", "2012-12-31": "", "2011-12-31": ""}, "Pre-Tax Profit Margin": {"2020-09-30": "51.90380", "2020-06-30": "43.70180", "2020-03-31": "-100.76920", "2019-12-31": "47.41380", "2019-09-30": "41.66670", "2019-06-30": "43.40050", "2019-03-31": "38.31780", "2018-12-31": "28.57140", "2018-09-30": "34.50700", "2018-06-30": "35.09320", "2018-03-31": "35.76160", "2017-12-31": "38.23530", "2017-09-30": "52.43670", "2017-06-30": "42.15690", "2017-03-31": "36.62340", "2016-12-31": "48.10380", "2016-09-30": "61.10210", "2016-06-30": "46.60630", "2016-03-31": "53.08410", "2015-12-31": "64.28570", "2015-09-30": "62.19310", "2015-06-30": "53.44200", "2015-03-31": "66.90240", "2014-12-31": "63.92410", "2014-09-30": "72.66840", "2014-06-30": "64.50780", "2014-03-31": "47.27030", "2013-12-31": "24.09640", "2013-09-30": "58.69890", "2013-06-30": "74.83690", "2013-03-31": "69.15420", "2012-12-31": "", "2011-12-31": ""}, "Net Profit Margin": {"2020-09-30": "41.48300", "2020-06-30": "32.13370", "2020-03-31": "-81.53850", "2019-12-31": "36.85350", "2019-09-30": "32.65770", "2019-06-30": "34.22820", "2019-03-31": "29.90650", "2018-12-31": "19.40700", "2018-09-30": "26.76060", "2018-06-30": "25.77640", "2018-03-31": "27.81460", "2017-12-31": "-17.64710", "2017-09-30": "34.30800", "2017-06-30": "27.45100", "2017-03-31": "22.85710", "2016-12-31": "28.94210", "2016-09-30": "37.27720", "2016-06-30": "28.28050", "2016-03-31": "33.83180", "2015-12-31": "40.62500", "2015-09-30": "38.78890", "2015-06-30": "32.97100", "2015-03-31": "41.30130", "2014-12-31": "40.03160", "2014-09-30": "46.50260", "2014-06-30": "39.50780", "2014-03-31": "28.49530", "2013-12-31": "19.13540", "2013-09-30": "38.57790", "2013-06-30": "50.13980", "2013-03-31": "42.41290", "2012-12-31": "", "2011-12-31": ""}, "Asset Turnover": {"2020-09-30": "0.00560", "2020-06-30": "0.00430", "2020-03-31": "0.00140", "2019-12-31": "0.00490", "2019-09-30": "0.00460", "2019-06-30": "0.00450", "2019-03-31": "0.00430", "2018-12-31": "0.00360", "2018-09-30": "0.00400", "2018-06-30": "0.00300", "2018-03-31": "0.00400", "2017-12-31": "0.00410", "2017-09-30": "0.00440", "2017-06-30": "0.00340", "2017-03-31": "0.00330", "2016-12-31": "0.00410", "2016-09-30": "0.00490", "2016-06-30": "0.00340", "2016-03-31": "0.00410", "2015-12-31": "0.00500", "2015-09-30": "0.00440", "2015-06-30": "0.00390", "2015-03-31": "0.00490", "2014-12-31": "0.00430", "2014-09-30": "0.00550", "2014-06-30": "0.00540", "2014-03-31": "0.00480", "2013-12-31": "0.00880", "2013-09-30": "", "2013-06-30": "", "2013-03-31": "", "2012-12-31": "", "2011-12-31": ""}, "Inventory Turnover Ratio": {"2020-09-30": "", "2020-06-30": "", "2020-03-31": "", "2019-12-31": "", "2019-09-30": "", "2019-06-30": "", "2019-03-31": "", "2018-12-31": "", "2018-09-30": "", "2018-06-30": "", "2018-03-31": "", "2017-12-31": "", "2017-09-30": "", "2017-06-30": "", "2017-03-31": "", "2016-12-31": "", "2016-09-30": "", "2016-06-30": "", "2016-03-31": "", "2015-12-31": "", "2015-09-30": "", "2015-06-30": "", "2015-03-31": "", "2014-12-31": "", "2014-09-30": "", "2014-06-30": "", "2014-03-31": "", "2013-12-31": "", "2013-09-30": "", "2013-06-30": "", "2013-03-31": "", "2012-12-31": "", "2011-12-31": ""}, "Receiveable Turnover": {"2020-09-30": "", "2020-06-30": "", "2020-03-31": "", "2019-12-31": "", "2019-09-30": "", "2019-06-30": "", "2019-03-31": "", "2018-12-31": "", "2018-09-30": "", "2018-06-30": "", "2018-03-31": "", "2017-12-31": "", "2017-09-30": "", "2017-06-30": "", "2017-03-31": "", "2016-12-31": "", "2016-09-30": "", "2016-06-30": "", "2016-03-31": "", "2015-12-31": "", "2015-09-30": "", "2015-06-30": "", "2015-03-31": "", "2014-12-31": "", "2014-09-30": "", "2014-06-30": "", "2014-03-31": "", "2013-12-31": "", "2013-09-30": "", "2013-06-30": "", "2013-03-31": "", "2012-12-31": "", "2011-12-31": ""}, "Days Sales In Receivables": {"2020-09-30": "", "2020-06-30": "", "2020-03-31": "", "2019-12-31": "", "2019-09-30": "", "2019-06-30": "", "2019-03-31": "", "2018-12-31": "", "2018-09-30": "", "2018-06-30": "", "2018-03-31": "", "2017-12-31": "", "2017-09-30": "", "2017-06-30": "", "2017-03-31": "", "2016-12-31": "", "2016-09-30": "", "2016-06-30": "", "2016-03-31": "", "2015-12-31": "", "2015-09-30": "", "2015-06-30": "", "2015-03-31": "", "2014-12-31": "", "2014-09-30": "", "2014-06-30": "", "2014-03-31": "", "2013-12-31": "", "2013-09-30": "", "2013-06-30": "", "2013-03-31": "", "2012-12-31": "", "2011-12-31": ""}, "ROE - Return On Equity": {"2020-09-30": "9.13910", "2020-06-30": "5.87960", "2020-03-31": "-5.17580", "2019-12-31": "5.10600", "2019-09-30": "4.45880", "2019-06-30": "4.61960", "2019-03-31": "3.71770", "2018-12-31": "2.02990", "2018-09-30": "3.03600", "2018-06-30": "2.21630", "2018-03-31": "3.43510", "2017-12-31": "-2.41030", "2017-09-30": "4.95770", "2017-06-30": "3.14250", "2017-03-31": "2.39650", "2016-12-31": "3.89470", "2016-09-30": "6.15960", "2016-06-30": "3.37560", "2016-03-31": "4.71480", "2015-12-31": "6.94130", "2015-09-30": "6.07150", "2015-06-30": "4.62750", "2015-03-31": "7.13760", "2014-12-31": "5.95520", "2014-09-30": "8.68620", "2014-06-30": "7.63490", "2014-03-31": "4.35130", "2013-12-31": "4.15600", "2013-09-30": "", "2013-06-30": "", "2013-03-31": "", "2012-12-31": "", "2011-12-31": ""}, "Return On Tangible Equity": {"2020-09-30": "13.58270", "2020-06-30": "9.05800", "2020-03-31": "-8.17900", "2019-12-31": "6.59720", "2019-09-30": "5.82560", "2019-06-30": "6.01650", "2019-03-31": "4.80660", "2018-12-31": "2.60780", "2018-09-30": "3.84750", "2018-06-30": "2.81640", "2018-03-31": "4.39640", "2017-12-31": "-3.14020", "2017-09-30": "6.23450", "2017-06-30": "3.85410", "2017-03-31": "2.92550", "2016-12-31": "4.74940", "2016-09-30": "7.53850", "2016-06-30": "4.15700", "2016-03-31": "5.76980", "2015-12-31": "8.45730", "2015-09-30": "7.05950", "2015-06-30": "5.37350", "2015-03-31": "8.24390", "2014-12-31": "6.52910", "2014-09-30": "9.53760", "2014-06-30": "8.41560", "2014-03-31": "4.23020", "2013-12-31": "4.04370", "2013-09-30": "", "2013-06-30": "", "2013-03-31": "", "2012-12-31": "", "2011-12-31": ""}, "ROA - Return On Assets": {"2020-09-30": "0.23090", "2020-06-30": "0.13730", "2020-03-31": "-0.11370", "2019-12-31": "0.18020", "2019-09-30": "0.15020", "2019-06-30": "0.15560", "2019-03-31": "0.12730", "2018-12-31": "0.06910", "2018-09-30": "0.10700", "2018-06-30": "0.07620", "2018-03-31": "0.11130", "2017-12-31": "-0.07300", "2017-09-30": "0.15030", "2017-06-30": "0.09310", "2017-03-31": "0.07460", "2016-12-31": "0.11970", "2016-09-30": "0.18350", "2016-06-30": "0.09740", "2016-03-31": "0.13780", "2015-12-31": "0.20370", "2015-09-30": "0.17140", "2015-06-30": "0.12980", "2015-03-31": "0.20300", "2014-12-31": "0.17080", "2014-09-30": "0.25720", "2014-06-30": "0.21470", "2014-03-31": "0.14000", "2013-12-31": "0.13230", "2013-09-30": "", "2013-06-30": "", "2013-03-31": "", "2012-12-31": "", "2011-12-31": ""}, "ROI - Return On Investment": {"2020-09-30": "0.25430", "2020-06-30": "0.15170", "2020-03-31": "-0.12720", "2019-12-31": "0.20100", "2019-09-30": "0.16470", "2019-06-30": "0.16980", "2019-03-31": "0.13980", "2018-12-31": "0.07420", "2018-09-30": "0.11420", "2018-06-30": "0.08100", "2018-03-31": "0.11830", "2017-12-31": "-0.07740", "2017-09-30": "0.15700", "2017-06-30": "0.09800", "2017-03-31": "0.07770", "2016-12-31": "0.12490", "2016-09-30": "0.19120", "2016-06-30": "0.10130", "2016-03-31": "0.14280", "2015-12-31": "0.21200", "2015-09-30": "0.17850", "2015-06-30": "0.13550", "2015-03-31": "0.21400", "2014-12-31": "0.17720", "2014-09-30": "0.27380", "2014-06-30": "0.22580", "2014-03-31": "0.15450", "2013-12-31": "0.14830", "2013-09-30": "", "2013-06-30": "", "2013-03-31": "", "2012-12-31": "", "2011-12-31": ""}, "Book Value Per Share": {"2020-09-30": "12.17740", "2020-06-30": "10.95880", "2020-03-31": "10.55670", "2019-12-31": "15.57670", "2019-09-30": "14.71490", "2019-06-30": "14.40000", "2019-03-31": "14.34580", "2018-12-31": "14.36030", "2018-09-30": "14.55430", "2018-06-30": "14.13210", "2018-03-31": "13.84150", "2017-12-31": "13.25100", "2017-09-30": "13.49810", "2017-06-30": "13.00730", "2017-03-31": "12.88420", "2016-12-31": "12.79380", "2016-09-30": "12.32340", "2016-06-30": "11.64470", "2016-03-31": "11.63330", "2015-12-31": "11.26930", "2015-09-30": "10.73760", "2015-06-30": "10.51600", "2015-03-31": "10.51670", "2014-12-31": "10.44280", "2014-09-30": "10.13660", "2014-06-30": "9.59670", "2014-03-31": "13.26540", "2013-12-31": "13.15150", "2013-09-30": "", "2013-06-30": "", "2013-03-31": "", "2012-12-31": "", "2011-12-31": ""}, "Operating Cash Flow Per Share": {"2020-09-30": 1.1549, "2020-06-30": 0.7863, "2020-03-31": "2.26500", "2019-12-31": 0.7287, "2019-09-30": 1.4514, "2019-06-30": 1.4322, "2019-03-31": "0.76110", "2018-12-31": 1.8371, "2018-09-30": 0.6893, "2018-06-30": 0.736, "2018-03-31": "1.05580", "2017-12-31": 0.7852, "2017-09-30": 1.1253, "2017-06-30": 1.0044, "2017-03-31": "1.20610", "2016-12-31": 0.6579, "2016-09-30": 1.1747, "2016-06-30": 1.3535, "2016-03-31": "0.99710", "2015-12-31": 1.1093, "2015-09-30": 1.1646, "2015-06-30": 1.494, "2015-03-31": "1.23210", "2014-12-31": 0.0973, "2014-09-30": 1.2296, "2014-06-30": 1.3056, "2014-03-31": "1.28280", "2013-12-31": 1.3103, "2013-09-30": 1.0885, "2013-06-30": 0.9745, "2013-03-31": "1.15500", "2012-12-31": 0, "2011-12-31": 0}, "Free Cash Flow Per Share": {"2020-09-30": 1.1549, "2020-06-30": 0.7863, "2020-03-31": "2.26500", "2019-12-31": 0.7287, "2019-09-30": 1.4514, "2019-06-30": 1.4322, "2019-03-31": "0.76110", "2018-12-31": 1.8371, "2018-09-30": 0.6893, "2018-06-30": 0.736, "2018-03-31": "1.05580", "2017-12-31": 0.7852, "2017-09-30": 1.1253, "2017-06-30": 1.0044, "2017-03-31": "1.20610", "2016-12-31": 0.6579, "2016-09-30": 1.1747, "2016-06-30": 1.3535, "2016-03-31": "0.99710", "2015-12-31": 1.1093, "2015-09-30": 1.1646, "2015-06-30": 1.494, "2015-03-31": "1.23210", "2014-12-31": 0.0973, "2014-09-30": 1.2296, "2014-06-30": 1.3056, "2014-03-31": "1.28280", "2013-12-31": 1.3103, "2013-09-30": 1.0885, "2013-06-30": 0.9745, "2013-03-31": "1.15500", "2012-12-31": 0, "2011-12-31": 0}}, "revenue": {"Navient Annual Revenue (Millions of US $)": {"2020": "$3,728", "2019": "$5,529", "2018": "$5,610", "2017": "$5,179", "2016": "$4,965", "2015": "$5,197", "2014": "$5,637", "2013": "$6,263", "2012": "$6,013", "2011": "$5,659", "2010": "$5,647"}, "Navient Quarterly Revenue (Millions of US $)": {"2020-12-31": "$898", "2020-09-30": "$938", "2020-06-30": "$952", "2020-03-31": "$939", "2019-12-31": "$1,288", "2019-09-30": "$1,362", "2019-06-30": "$1,426", "2019-03-31": "$1,453", "2018-12-31": "$1,418", "2018-09-30": "$1,446", "2018-06-30": "$1,363", "2018-03-31": "$1,383", "2017-12-31": "$1,377", "2017-09-30": "$1,403", "2017-06-30": "$1,232", "2017-03-31": "$1,167", "2016-12-31": "$1,253", "2016-09-30": "$1,350", "2016-06-30": "$1,151", "2016-03-31": "$1,211", "2015-12-31": "$1,328", "2015-09-30": "$1,258", "2015-06-30": "$1,265", "2015-03-31": "$1,346", "2014-12-31": "$1,301", "2014-09-30": "$1,420", "2014-06-30": "$1,450", "2014-03-31": "$1,466", "2013-12-31": "$1,382", "2013-09-30": "$1,409", "2013-06-30": "$1,827", "2013-03-31": "$1,616", "2012-12-31": "", "2011-12-31": ""}}, "gross-profit": {"Navient Annual Gross Profit (Millions of US $)": {"2020": "$1,682", "2019": "$2,041", "2018": "$1,942", "2017": "$2,208", "2016": "$2,524", "2015": "$3,123", "2014": "$3,574", "2013": "$4,053", "2012": "$3,452", "2011": "$3,258", "2010": "$5,647"}, "Navient Quarterly Gross Profit (Millions of US $)": {"2020-12-31": "$511", "2020-09-30": "$513", "2020-06-30": "$433", "2020-03-31": "$225", "2019-12-31": "$514", "2019-09-30": "$508", "2019-06-30": "$515", "2019-03-31": "$504", "2018-12-31": "$457", "2018-09-30": "$511", "2018-06-30": "$434", "2018-03-31": "$540", "2017-12-31": "$585", "2017-09-30": "$618", "2017-06-30": "$513", "2017-03-31": "$492", "2016-12-31": "$603", "2016-09-30": "$723", "2016-06-30": "$552", "2016-03-31": "$646", "2015-12-31": "$807", "2015-09-30": "$734", "2015-06-30": "$750", "2015-03-31": "$832", "2014-12-31": "$789", "2014-09-30": "$912", "2014-06-30": "$937", "2014-03-31": "$936", "2013-12-31": "$1,382", "2013-09-30": "$868", "2013-06-30": "$1,274", "2013-03-31": "$1,045", "2012-12-31": "", "2011-12-31": ""}}, "operating-income": {"Navient Annual Operating Income (Millions of US $)": {"2020": "$541", "2019": "$769", "2018": "$541", "2017": "$793", "2016": "$1,108", "2015": "$1,612", "2014": "$1,931", "2013": "$2,159", "2012": "$1,448", "2011": "$937", "2010": "$3,326"}, "Navient Quarterly Operating Income (Millions of US $)": {"2020-12-31": "$235", "2020-09-30": "$262", "2020-06-30": "$171", "2020-03-31": "$-126", "2019-12-31": "$222", "2019-09-30": "$187", "2019-06-30": "$195", "2019-03-31": "$165", "2018-12-31": "$109", "2018-09-30": "$148", "2018-06-30": "$115", "2018-03-31": "$169", "2017-12-31": "$211", "2017-09-30": "$269", "2017-06-30": "$172", "2017-03-31": "$141", "2016-12-31": "$241", "2016-09-30": "$377", "2016-06-30": "$206", "2016-03-31": "$284", "2015-12-31": "$432", "2015-09-30": "$380", "2015-06-30": "$324", "2015-03-31": "$476", "2014-12-31": "$416", "2014-09-30": "$575", "2014-06-30": "$559", "2014-03-31": "$381", "2013-12-31": "$693", "2013-09-30": "$400", "2013-06-30": "$826", "2013-03-31": "$566", "2012-12-31": "", "2011-12-31": ""}}, "ebitda": {"Navient Annual EBITDA (Millions of US $)": {"2019": "$", "2018": "$", "2017": "$", "2016": "$", "2015": "$", "2014": "$", "2013": "$", "2012": "$", "2011": "$", "2010": "$"}, "Navient Quarterly EBITDA (Millions of US $)": {"2020-09-30": "", "2020-06-30": "", "2020-03-31": "", "2019-12-31": "", "2019-09-30": "", "2019-06-30": "", "2019-03-31": "", "2018-12-31": "", "2018-09-30": "", "2018-06-30": "", "2018-03-31": "", "2017-12-31": "", "2017-09-30": "", "2017-06-30": "", "2017-03-31": "", "2016-12-31": "", "2016-09-30": "", "2016-06-30": "", "2016-03-31": "", "2015-12-31": "", "2015-09-30": "", "2015-06-30": "", "2015-03-31": "", "2014-12-31": "", "2014-09-30": "", "2014-06-30": "", "2014-03-31": "", "2013-12-31": "", "2013-09-30": "", "2013-06-30": "", "2013-03-31": "", "2012-12-31": "", "2011-12-31": ""}}, "net-income": {"Navient Annual Net Income (Millions of US $)": {"2020": "$412", "2019": "$597", "2018": "$395", "2017": "$292", "2016": "$681", "2015": "$984", "2014": "$1,131", "2013": "$1,398", "2012": "$919", "2011": "$615", "2010": "$633"}, "Navient Quarterly Net Income (Millions of US $)": {"2020-12-31": "$186", "2020-09-30": "$207", "2020-06-30": "$125", "2020-03-31": "$-106", "2019-12-31": "$171", "2019-09-30": "$145", "2019-06-30": "$153", "2019-03-31": "$128", "2018-12-31": "$72", "2018-09-30": "$114", "2018-06-30": "$83", "2018-03-31": "$126", "2017-12-31": "$-84", "2017-09-30": "$176", "2017-06-30": "$112", "2017-03-31": "$88", "2016-12-31": "$145", "2016-09-30": "$230", "2016-06-30": "$125", "2016-03-31": "$181", "2015-12-31": "$273", "2015-09-30": "$237", "2015-06-30": "$182", "2015-03-31": "$292", "2014-12-31": "$253", "2014-09-30": "$359", "2014-06-30": "$305", "2014-03-31": "$214", "2013-12-31": "$270", "2013-09-30": "$255", "2013-06-30": "$538", "2013-03-31": "$341", "2012-12-31": "", "2011-12-31": ""}}, "eps-earnings-per-share-diluted": {"Navient Annual EPS": {"2020": "$2.12", "2019": "$2.56", "2018": "$1.49", "2017": "$1.04", "2016": "$2.12", "2015": "$2.58", "2014": "$2.66", "2013": "$3.12", "2012": "$1.90", "2011": "$1.18", "2010": "$0.00"}, "Navient Quarterly EPS": {"2020-12-31": "$0.99", "2020-09-30": "$1.07", "2020-06-30": "$0.64", "2020-03-31": "$-0.53", "2019-12-31": "$0.77", "2019-09-30": "$0.63", "2019-06-30": "$0.64", "2019-03-31": "$0.52", "2018-12-31": "$0.28", "2018-09-30": "$0.43", "2018-06-30": "$0.31", "2018-03-31": "$0.47", "2017-12-31": "$-0.29", "2017-09-30": "$0.64", "2017-06-30": "$0.39", "2017-03-31": "$0.30", "2016-12-31": "$0.48", "2016-09-30": "$0.73", "2016-06-30": "$0.38", "2016-03-31": "$0.53", "2015-12-31": "$0.76", "2015-09-30": "$0.63", "2015-06-30": "$0.47", "2015-03-31": "$0.72", "2014-12-31": "$0.61", "2014-09-30": "$0.85", "2014-06-30": "$0.71", "2014-03-31": "$0.49", "2013-12-31": "$0.60", "2013-09-30": "$0.57", "2013-06-30": "$1.20", "2013-03-31": "$0.74", "2012-12-31": "$0.00", "2011-12-31": "$0.00"}}, "shares-outstanding": {"Navient Annual Shares Outstanding (Millions of Shares)": {"2020": "195", "2019": "233", "2018": "264", "2017": "281", "2016": "322", "2015": "382", "2014": "425", "2013": "449", "2012": "483", "2011": "523", "2010": ""}, "Navient Quarterly Shares Outstanding (Millions of Shares)": {"2020-12-31": "188", "2020-09-30": "194", "2020-06-30": "195", "2020-03-31": "200", "2019-12-31": "233", "2019-09-30": "228", "2019-06-30": "238", "2019-03-31": "247", "2018-12-31": "264", "2018-09-30": "264", "2018-06-30": "269", "2018-03-31": "269", "2017-12-31": "281", "2017-09-30": "274", "2017-06-30": "285", "2017-03-31": "296", "2016-12-31": "322", "2016-09-30": "316", "2016-06-30": "328", "2016-03-31": "343", "2015-12-31": "382", "2015-09-30": "375", "2015-06-30": "387", "2015-03-31": "405", "2014-12-31": "425", "2014-09-30": "423", "2014-06-30": "430", "2014-03-31": "435", "2013-12-31": "442", "2013-09-30": "445", "2013-06-30": "448", "2013-03-31": "458", "2012-12-31": "", "2011-12-31": ""}}, "total-assets": {"Navient Annual Total Assets (Millions of US $)": {"2019": "$94,903", "2018": "$104,176", "2017": "$114,991", "2016": "$121,136", "2015": "$134,046", "2014": "$146,352", "2013": "$159,543", "2012": "$181,260", "2011": "$181,260", "2010": "$181,260"}, "Navient Quarterly Total Assets (Millions of US $)": {"2020-09-30": "$89,664", "2020-06-30": "$91,045", "2020-03-31": "$93,245", "2019-12-31": "$94,903", "2019-09-30": "$96,553", "2019-06-30": "$98,320", "2019-03-31": "$100,579", "2018-12-31": "$104,176", "2018-09-30": "$106,493", "2018-06-30": "$108,949", "2018-03-31": "$113,209", "2017-12-31": "$114,991", "2017-09-30": "$117,085", "2017-06-30": "$120,354", "2017-03-31": "$117,890", "2016-12-31": "$121,136", "2016-09-30": "$125,312", "2016-06-30": "$128,372", "2016-03-31": "$131,377", "2015-12-31": "$134,046", "2015-09-30": "$137,666", "2015-06-30": "$140,220", "2015-03-31": "$143,872", "2014-12-31": "$146,352", "2014-09-30": "$140,345", "2014-06-30": "$142,976", "2014-03-31": "$156,472", "2013-12-31": "$159,543", "2013-09-30": "$0", "2013-06-30": "$0", "2013-03-31": "$0", "2012-12-31": "$181,260", "2011-12-31": "$181,260"}}, "cash-on-hand": {"Navient Annual Cash on Hand (Millions of US $)": {"2019": "$3,781", "2018": "$5,262", "2017": "$4,646", "2016": "$4,853", "2015": "$5,332", "2014": "$5,369", "2013": "$8,840", "2012": "$8,911", "2011": "$3,900", "2010": "$3,900"}, "Navient Quarterly Cash on Hand (Millions of US $)": {"2020-09-30": "$4,214", "2020-06-30": "$3,989", "2020-03-31": "$3,768", "2019-12-31": "$3,781", "2019-09-30": "$4,260", "2019-06-30": "$4,426", "2019-03-31": "$4,220", "2018-12-31": "$5,262", "2018-09-30": "$5,248", "2018-06-30": "$5,008", "2018-03-31": "$5,797", "2017-12-31": "$4,646", "2017-09-30": "$4,634", "2017-06-30": "$4,742", "2017-03-31": "$5,084", "2016-12-31": "$4,853", "2016-09-30": "$5,440", "2016-06-30": "$4,990", "2016-03-31": "$4,986", "2015-12-31": "$5,332", "2015-09-30": "$5,601", "2015-06-30": "$5,564", "2015-03-31": "$5,850", "2014-12-31": "$5,369", "2014-09-30": "$5,625", "2014-06-30": "$5,249", "2014-03-31": "$7,536", "2013-12-31": "$8,840", "2013-09-30": "", "2013-06-30": "", "2013-03-31": "", "2012-12-31": "$3,900", "2011-12-31": "$3,900"}}, "long-term-debt": {"Navient Annual Long Term Debt (Millions of US $)": {"2019": "$81,715", "2018": "$93,519", "2017": "$105,012", "2016": "$112,368", "2015": "$124,833", "2014": "$136,866", "2013": "$136,648", "2012": "$152,401", "2011": "$152,401", "2010": "$152,401"}, "Navient Quarterly Long Term Debt (Millions of US $)": {"2020-09-30": "$79,137", "2020-06-30": "$80,260", "2020-03-31": "$81,297", "2019-12-31": "$81,715", "2019-09-30": "$84,769", "2019-06-30": "$86,776", "2019-03-31": "$88,140", "2018-12-31": "$93,519", "2018-09-30": "$96,089", "2018-06-30": "$98,690", "2018-03-31": "$102,797", "2017-12-31": "$105,012", "2017-09-30": "$108,557", "2017-06-30": "$110,778", "2017-03-31": "$109,586", "2016-12-31": "$112,368", "2016-09-30": "$116,540", "2016-06-30": "$119,637", "2016-03-31": "$122,920", "2015-12-31": "$124,833", "2015-09-30": "$128,293", "2015-06-30": "$130,387", "2015-03-31": "$132,330", "2014-12-31": "$136,866", "2014-09-30": "$127,669", "2014-06-30": "$131,919", "2014-03-31": "$136,177", "2013-12-31": "$136,648", "2013-09-30": "", "2013-06-30": "", "2013-03-31": "", "2012-12-31": "$152,401", "2011-12-31": "$152,401"}}, "total-liabilities": {"Navient Annual Total Liabilities (Millions of US $)": {"2019": "$91,554", "2018": "$100,629", "2017": "$111,506", "2016": "$117,413", "2015": "$130,113", "2014": "$142,154", "2013": "$153,901", "2012": "$176,194", "2011": "$176,194", "2010": "$176,194"}, "Navient Quarterly Total Liabilities (Millions of US $)": {"2020-09-30": "$87,399", "2020-06-30": "$88,919", "2020-03-31": "$91,197", "2019-12-31": "$91,554", "2019-09-30": "$93,301", "2019-06-30": "$95,008", "2019-03-31": "$97,136", "2018-12-31": "$100,629", "2018-09-30": "$102,738", "2018-06-30": "$105,204", "2018-03-31": "$109,541", "2017-12-31": "$111,506", "2017-09-30": "$113,535", "2017-06-30": "$116,790", "2017-03-31": "$114,218", "2016-12-31": "$117,413", "2016-09-30": "$121,578", "2016-06-30": "$124,669", "2016-03-31": "$127,538", "2015-12-31": "$130,113", "2015-09-30": "$133,779", "2015-06-30": "$136,287", "2015-03-31": "$139,781", "2014-12-31": "$142,154", "2014-09-30": "$136,189", "2014-06-30": "$138,955", "2014-03-31": "$150,874", "2013-12-31": "$153,901", "2013-09-30": "$0", "2013-06-30": "$0", "2013-03-31": "$0", "2012-12-31": "$176,194", "2011-12-31": "$176,194"}}, "total-share-holder-equity": {"Navient Annual Share Holder Equity (Millions of US $)": {"2019": "$3,349", "2018": "$3,547", "2017": "$3,485", "2016": "$3,723", "2015": "$3,933", "2014": "$4,198", "2013": "$5,642", "2012": "$5,066", "2011": "$5,066", "2010": "$5,066"}, "Navient Quarterly Share Holder Equity (Millions of US $)": {"2020-09-30": "$2,265", "2020-06-30": "$2,126", "2020-03-31": "$2,048", "2019-12-31": "$3,349", "2019-09-30": "$3,252", "2019-06-30": "$3,312", "2019-03-31": "$3,443", "2018-12-31": "$3,547", "2018-09-30": "$3,755", "2018-06-30": "$3,745", "2018-03-31": "$3,668", "2017-12-31": "$3,485", "2017-09-30": "$3,550", "2017-06-30": "$3,564", "2017-03-31": "$3,672", "2016-12-31": "$3,723", "2016-09-30": "$3,734", "2016-06-30": "$3,703", "2016-03-31": "$3,839", "2015-12-31": "$3,933", "2015-09-30": "$3,887", "2015-06-30": "$3,933", "2015-03-31": "$4,091", "2014-12-31": "$4,198", "2014-09-30": "$4,156", "2014-06-30": "$4,021", "2014-03-31": "$5,598", "2013-12-31": "$5,642", "2013-09-30": "$0", "2013-06-30": "$0", "2013-03-31": "$0", "2012-12-31": "$5,066", "2011-12-31": "$5,066"}}, "profit-margins": {"current": "11.05%"}, "gross margin": {"2020-12-31": "45.13%", "2020-09-30": "40.93%", "2020-06-30": "37.00%", "2020-03-31": "35.13%", "2019-12-31": "36.91%", "2019-09-30": "35.06%", "2019-06-30": "34.60%", "2019-03-31": "33.56%", "2018-12-31": "34.62%", "2018-09-30": "37.17%", "2018-06-30": "39.40%", "2018-03-31": "41.82%", "2017-12-31": "42.63%", "2017-09-30": "44.04%", "2017-06-30": "46.60%", "2017-03-31": "48.16%", "2016-12-31": "50.84%", "2016-09-30": "54.13%", "2016-06-30": "55.36%", "2016-03-31": "58.02%", "2015-12-31": "60.09%", "2015-09-30": "60.06%", "2015-06-30": "61.57%", "2015-03-31": "62.90%", "2014-12-31": "63.40%", "2014-09-30": "72.88%", "2014-06-30": "72.24%", "2014-03-31": "73.31%", "2013-12-31": "73.29%"}, "operating margin": {"2020-12-31": "14.54%", "2020-09-30": "12.85%", "2020-06-30": "10.00%", "2020-03-31": "9.53%", "2019-12-31": "13.91%", "2019-09-30": "11.59%", "2019-06-30": "10.74%", "2019-03-31": "9.45%", "2018-12-31": "9.64%", "2018-09-30": "11.55%", "2018-06-30": "13.83%", "2018-03-31": "15.22%", "2017-12-31": "15.31%", "2017-09-30": "16.28%", "2017-06-30": "18.61%", "2017-03-31": "19.61%", "2016-12-31": "22.32%", "2016-09-30": "25.77%", "2016-06-30": "26.31%", "2016-03-31": "28.05%", "2015-12-31": "31.02%", "2015-09-30": "30.87%", "2015-06-30": "33.59%", "2015-03-31": "36.72%", "2014-12-31": "34.26%", "2014-09-30": "38.61%", "2014-06-30": "35.62%", "2014-03-31": "37.80%", "2013-12-31": "39.86%"}, "ebitda margin": {"2020-09-30": "0.00%", "2020-06-30": "0.00%", "2020-03-31": "0.00%", "2019-12-31": "0.00%", "2019-09-30": "0.00%", "2019-06-30": "0.00%", "2019-03-31": "0.00%", "2018-12-31": "0.00%", "2018-09-30": "0.00%", "2018-06-30": "0.00%", "2018-03-31": "0.00%", "2017-12-31": "0.00%", "2017-09-30": "0.00%", "2017-06-30": "0.00%", "2017-03-31": "0.00%", "2016-12-31": "0.00%", "2016-09-30": "0.00%", "2016-06-30": "0.00%", "2016-03-31": "0.00%", "2015-12-31": "0.00%", "2015-09-30": "0.00%", "2015-06-30": "0.00%", "2015-03-31": "0.00%", "2014-12-31": "0.00%", "2014-09-30": "0.00%", "2014-06-30": "0.00%", "2014-03-31": "0.00%", "2013-12-31": "0.00%"}, "pre tax profit margin": {"2020-12-31": "14.30%", "2020-09-30": "12.58%", "2020-06-30": "9.78%", "2020-03-31": "9.33%", "2019-12-31": "13.80%", "2019-09-30": "11.47%", "2019-06-30": "10.64%", "2019-03-31": "9.33%", "2018-12-31": "9.41%", "2018-09-30": "10.85%", "2018-06-30": "13.14%", "2018-03-31": "14.55%", "2017-12-31": "14.75%", "2017-09-30": "16.28%", "2017-06-30": "18.61%", "2017-03-31": "19.61%", "2016-12-31": "22.32%", "2016-09-30": "25.77%", "2016-06-30": "26.31%", "2016-03-31": "27.48%", "2015-12-31": "30.40%", "2015-09-30": "30.02%", "2015-06-30": "32.50%", "2015-03-31": "35.09%", "2014-12-31": "32.25%", "2014-09-30": "30.68%", "2014-06-30": "27.70%", "2014-03-31": "31.00%", "2013-12-31": "33.48%"}, "net profit margin": {"2020-12-31": "11.05%", "2020-09-30": "9.64%", "2020-06-30": "7.38%", "2020-03-31": "7.24%", "2019-12-31": "10.80%", "2019-09-30": "8.80%", "2019-06-30": "8.13%", "2019-03-31": "6.99%", "2018-12-31": "7.04%", "2018-09-30": "4.29%", "2018-06-30": "5.45%", "2018-03-31": "6.12%", "2017-12-31": "5.64%", "2017-09-30": "10.31%", "2017-06-30": "11.50%", "2017-03-31": "11.95%", "2016-12-31": "13.72%", "2016-09-30": "16.05%", "2016-06-30": "16.49%", "2016-03-31": "17.25%", "2015-12-31": "18.93%", "2015-09-30": "18.65%", "2015-06-30": "20.37%", "2015-03-31": "21.91%", "2014-12-31": "20.06%", "2014-09-30": "20.08%", "2014-06-30": "18.29%", "2014-03-31": "20.99%", "2013-12-31": "22.52%"}, "pe ratio": {"current": "3.77", "2021-02-05": "10.53", "2020-12-31": "8.32", "2020-09-30": "4.24", "2020-06-30": "4.47", "2020-03-31": "4.73", "2019-12-31": "4.97", "2019-09-30": "5.71", "2019-06-30": "6.65", "2019-03-31": "6.77", "2018-12-31": "5.26", "2018-09-30": "13.27", "2018-06-30": "10.26", "2018-03-31": "9.52", "2017-12-31": "11.15", "2017-09-30": "6.93", "2017-06-30": "7.23", "2017-03-31": "6.37", "2016-12-31": "6.26", "2016-09-30": "4.76", "2016-06-30": "4.06", "2016-03-31": "3.87", "2015-12-31": "3.38", "2015-09-30": "3.48", "2015-06-30": "5.10", "2015-03-31": "5.18"}, "price sales": {"2021-02-05": "0.65", "2020-12-31": "0.51", "2020-09-30": "0.42", "2020-06-30": "0.32", "2020-03-31": "0.32", "2019-12-31": "0.55", "2019-09-30": "0.51", "2019-06-30": "0.55", "2019-03-31": "0.48", "2018-12-31": "0.37", "2018-09-30": "0.57", "2018-06-30": "0.56", "2018-03-31": "0.58", "2017-12-31": "0.62", "2017-09-30": "0.73", "2017-06-30": "0.84", "2017-03-31": "0.77", "2016-12-31": "0.87", "2016-09-30": "0.78", "2016-06-30": "0.68", "2016-03-31": "0.69", "2015-12-31": "0.66", "2015-09-30": "0.66", "2015-06-30": "1.05", "2015-03-31": "1.15"}, "price book": {"current": "0.95", "2021-02-05": "1.02", "2020-09-30": "0.68", "2020-06-30": "0.62", "2020-03-31": "0.68", "2019-12-31": "0.82", "2019-09-30": "0.80", "2019-06-30": "0.86", "2019-03-31": "0.73", "2018-12-31": "0.55", "2018-09-30": "0.81", "2018-06-30": "0.80", "2018-03-31": "0.81", "2017-12-31": "0.85", "2017-09-30": "0.93", "2017-06-30": "1.06", "2017-03-31": "0.93", "2016-12-31": "1.04", "2016-09-30": "0.94", "2016-06-30": "0.81", "2016-03-31": "0.80", "2015-12-31": "0.78", "2015-09-30": "0.80", "2015-06-30": "1.30", "2015-03-31": "1.44", "2014-12-31": "1.53", "2014-09-30": "1.28", "2014-06-30": "1.34"}, "price fcf": {"2021-02-05": "", "2020-09-30": "$4.93", "2020-06-30": "$5.23", "2020-03-31": "$5.88", "2019-12-31": "$4.37", "2019-09-30": "$5.48", "2019-06-30": "$4.72", "2019-03-31": "$4.02", "2018-12-31": "$4.32", "2018-09-30": "$3.27", "2018-06-30": "$3.70", "2018-03-31": "$3.97", "2017-12-31": "$4.12", "2017-09-30": "$3.99", "2017-06-30": "$4.04", "2017-03-31": "$4.39", "2016-12-31": "$4.18", "2016-09-30": "$4.63", "2016-06-30": "$4.62", "2016-03-31": "$4.77", "2015-12-31": "$5.00", "2015-09-30": "$3.99", "2015-06-30": "$4.05", "2015-03-31": "$5.15"}, "net worth": {"value": "$2.32B"}, "current ratio": {"2020-12-31": "12.54", "2020-09-30": "12.02", "2020-06-30": "11.82", "2020-03-31": "10.48", "2019-12-31": "10.68", "2019-09-30": "13.16", "2019-06-30": "13.85", "2019-03-31": "12.83", "2018-12-31": "18.40", "2018-09-30": "20.36", "2018-06-30": "21.92", "2018-03-31": "21.07", "2017-12-31": "23.01", "2017-09-30": "34.13", "2017-06-30": "29.38", "2017-03-31": "52.28", "2016-12-31": "49.67", "2016-09-30": "45.35", "2016-06-30": "51.62", "2016-03-31": "53.13", "2015-12-31": "49.86", "2015-09-30": "46.66", "2015-06-30": "45.39", "2015-03-31": "33.56", "2014-12-31": "52.45", "2014-09-30": "22.32", "2014-06-30": "31.35", "2014-03-31": "12.76", "2013-12-31": "10.94", "2013-09-30": "0.00", "2013-06-30": "0.00", "2013-03-31": "0.00", "2012-12-31": "8.38", "2011-12-31": "0.00"}, "quick ratio": {"2020-12-31": "0.00", "2020-09-30": "0.00", "2020-06-30": "0.00", "2020-03-31": "0.00", "2019-12-31": "0.00", "2019-09-30": "0.00", "2019-06-30": "0.00", "2019-03-31": "0.00", "2018-12-31": "0.00", "2018-09-30": "0.00", "2018-06-30": "0.00", "2018-03-31": "0.00", "2017-12-31": "0.00", "2017-09-30": "0.00", "2017-06-30": "0.00", "2017-03-31": "0.00", "2016-12-31": "0.00", "2016-09-30": "0.00", "2016-06-30": "0.00", "2016-03-31": "0.00", "2015-12-31": "0.00", "2015-09-30": "0.00", "2015-06-30": "0.00", "2015-03-31": "0.00", "2014-12-31": "0.00", "2014-09-30": "0.00", "2014-06-30": "0.00", "2014-03-31": "0.00", "2013-12-31": "0.00", "2013-09-30": "0.00", "2013-06-30": "0.00", "2013-03-31": "0.00", "2012-12-31": "0.00", "2011-12-31": "0.00"}, "debt equity ratio": {"current": "31.60", "2020-12-31": "34.72", "2020-09-30": "38.59", "2020-06-30": "41.83", "2020-03-31": "44.53", "2019-12-31": "27.34", "2019-09-30": "28.69", "2019-06-30": "28.69", "2019-03-31": "28.21", "2018-12-31": "28.37", "2018-09-30": "27.36", "2018-06-30": "28.09", "2018-03-31": "29.86", "2017-12-31": "32.00", "2017-09-30": "31.98", "2017-06-30": "32.77", "2017-03-31": "31.11", "2016-12-31": "31.54", "2016-09-30": "32.56", "2016-06-30": "33.67", "2016-03-31": "33.22", "2015-12-31": "33.08", "2015-09-30": "34.42", "2015-06-30": "34.65", "2015-03-31": "34.17", "2014-12-31": "33.86", "2014-09-30": "32.77", "2014-06-30": "34.56", "2014-03-31": "26.95", "2013-12-31": "27.28", "2013-09-30": "0.00", "2013-06-30": "0.00", "2013-03-31": "0.00", "2012-12-31": "34.78", "2011-12-31": "34.78"}, "return on equity": {"2020-12-31": "18.55%", "2020-09-30": "16.22%", "2020-06-30": "12.44%", "2020-03-31": "12.14%", "2019-12-31": "17.88%", "2019-09-30": "14.70%", "2019-06-30": "13.29%", "2019-03-31": "10.96%", "2018-12-31": "10.74%", "2018-09-30": "6.52%", "2018-06-30": "8.33%", "2018-03-31": "9.25%", "2017-12-31": "8.18%", "2017-09-30": "14.36%", "2017-06-30": "15.65%", "2017-03-31": "15.86%", "2016-12-31": "18.16%", "2016-09-30": "21.28%", "2016-06-30": "21.25%", "2016-03-31": "22.40%", "2015-12-31": "24.84%", "2015-09-30": "23.94%", "2015-06-30": "26.52%", "2015-03-31": "29.37%", "2014-12-31": "25.17%", "2014-09-30": "23.65%", "2014-06-30": "27.36%", "2014-03-31": "45.44%", "2013-12-31": "99.54%"}, "return on assets": {"2020-12-31": "0.46%", "2020-09-30": "0.43%", "2020-06-30": "0.36%", "2020-03-31": "0.38%", "2019-12-31": "0.61%", "2019-09-30": "0.50%", "2019-06-30": "0.46%", "2019-03-31": "0.38%", "2018-12-31": "0.37%", "2018-09-30": "0.22%", "2018-06-30": "0.27%", "2018-03-31": "0.28%", "2017-12-31": "0.25%", "2017-09-30": "0.44%", "2017-06-30": "0.47%", "2017-03-31": "0.48%", "2016-12-31": "0.54%", "2016-09-30": "0.62%", "2016-06-30": "0.61%", "2016-03-31": "0.64%", "2015-12-31": "0.71%", "2015-09-30": "0.68%", "2015-06-30": "0.76%", "2015-03-31": "0.84%", "2014-12-31": "0.77%", "2014-09-30": "0.77%", "2014-06-30": "0.91%", "2014-03-31": "1.62%", "2013-12-31": "3.52%"}, "return on investments": {"2020-12-31": "0.66%", "2020-09-30": "0.64%", "2020-06-30": "0.54%", "2020-03-31": "0.55%", "2019-12-31": "0.87%", "2019-09-30": "0.72%", "2019-06-30": "0.65%", "2019-03-31": "0.55%", "2018-12-31": "0.53%", "2018-09-30": "0.62%", "2018-06-30": "0.71%", "2018-03-31": "0.74%", "2017-12-31": "0.71%", "2017-09-30": "0.72%", "2017-06-30": "0.80%", "2017-03-31": "0.82%", "2016-12-31": "0.91%", "2016-09-30": "1.04%", "2016-06-30": "1.02%", "2016-03-31": "1.09%", "2015-12-31": "1.21%", "2015-09-30": "1.17%", "2015-06-30": "1.32%", "2015-03-31": "1.49%", "2014-12-31": "1.40%", "2014-09-30": "1.60%", "2014-06-30": "1.94%", "2014-03-31": "3.24%", "2013-12-31": "6.99%"}, "return on tangible equity": {"2020-09-30": "23.38%", "2020-06-30": "17.27%", "2020-03-31": "16.28%", "2019-12-31": "23.21%", "2019-09-30": "19.05%", "2019-06-30": "17.09%", "2019-03-31": "14.01%", "2018-12-31": "13.70%", "2018-09-30": "8.35%", "2018-06-30": "10.64%", "2018-03-31": "11.71%", "2017-12-31": "10.23%", "2017-09-30": "17.68%", "2017-06-30": "19.14%", "2017-03-31": "19.41%", "2016-12-31": "22.24%", "2016-09-30": "26.05%", "2016-06-30": "25.67%", "2016-03-31": "26.67%", "2015-12-31": "29.16%", "2015-09-30": "27.35%", "2015-06-30": "29.87%", "2015-03-31": "32.67%", "2014-12-31": "27.52%", "2014-09-30": "25.76%", "2014-06-30": "29.74%", "2014-03-31": "49.14%", "2013-12-31": "107.63%"}, "dividend yield history": {"last payout": "$0.64", "last yield": "5.15%"}}