{"ticker": "NCR", "price": {"title": "NCR Historical Annual Stock Price Data", "value": 37.0, "historical": {"2021": {"Average Stock Price": "35.2917", "Year Open": "36.2600", "Year High": "38.1700", "Year Low": "33.0900", "Year Close": "37.0000", "Annual % Change": "-1.52%"}, "2020": {"Average Stock Price": "23.2420", "Year Open": "35.5000", "Year High": "37.5700", "Year Low": "11.7800", "Year Close": "37.5700", "Annual % Change": "6.85%"}, "2019": {"Average Stock Price": "30.1636", "Year Open": "23.8100", "Year High": "35.3100", "Year Low": "23.1400", "Year Close": "35.1600", "Annual % Change": "52.34%"}, "2018": {"Average Stock Price": "29.8965", "Year Open": "34.8500", "Year High": "38.0700", "Year Low": "21.0200", "Year Close": "23.0800", "Annual % Change": "-32.10%"}, "2017": {"Average Stock Price": "39.1240", "Year Open": "41.5600", "Year High": "49.5900", "Year Low": "29.5700", "Year Close": "33.9900", "Annual % Change": "-16.20%"}, "2016": {"Average Stock Price": "30.4398", "Year Open": "24.3300", "Year High": "41.7500", "Year Low": "19.0800", "Year Close": "40.5600", "Annual % Change": "65.82%"}, "2015": {"Average Stock Price": "27.8761", "Year Open": "29.2200", "Year High": "34.7300", "Year Low": "22.3900", "Year Close": "24.4600", "Annual % Change": "-16.06%"}, "2014": {"Average Stock Price": "32.2857", "Year Open": "33.7700", "Year High": "37.5000", "Year Low": "23.5400", "Year Close": "29.1400", "Annual % Change": "-14.45%"}, "2013": {"Average Stock Price": "32.6785", "Year Open": "26.2000", "Year High": "41.5600", "Year Low": "26.1400", "Year Close": "34.0600", "Annual % Change": "33.67%"}, "2012": {"Average Stock Price": "22.0894", "Year Open": "16.8500", "Year High": "25.6400", "Year Low": "16.4800", "Year Close": "25.4800", "Annual % Change": "54.80%"}, "2011": {"Average Stock Price": "18.0985", "Year Open": "15.5300", "Year High": "20.8300", "Year Low": "15.3100", "Year Close": "16.4600", "Annual % Change": "7.09%"}, "2010": {"Average Stock Price": "13.5082", "Year Open": "11.3100", "Year High": "15.9300", "Year Low": "11.3100", "Year Close": "15.3700", "Annual % Change": "38.10%"}, "2009": {"Average Stock Price": "11.3029", "Year Open": "14.5900", "Year High": "15.0600", "Year Low": "6.6700", "Year Close": "11.1300", "Annual % Change": "-21.29%"}, "2008": {"Average Stock Price": "22.1357", "Year Open": "24.3100", "Year High": "27.5600", "Year Low": "12.8400", "Year Close": "14.1400", "Annual % Change": "-43.67%"}, "2007": {"Average Stock Price": "43.2457", "Year Open": "43.0100", "Year High": "55.2700", "Year Low": "22.9300", "Year Close": "25.1000", "Annual % Change": "-41.30%"}, "2006": {"Average Stock Price": "38.5322", "Year Open": "33.9900", "Year High": "44.5800", "Year Low": "31.8900", "Year Close": "42.7600", "Annual % Change": "25.99%"}, "2005": {"Average Stock Price": "34.4621", "Year Open": "34.1550", "Year High": "39.3800", "Year Low": "29.2700", "Year Close": "33.9400", "Annual % Change": "-1.95%"}, "2004": {"Average Stock Price": "24.5340", "Year Open": "19.4100", "Year High": "35.0800", "Year Low": "19.4100", "Year Close": "34.6150", "Annual % Change": "78.43%"}, "2003": {"Average Stock Price": "13.4762", "Year Open": "12.3200", "Year High": "19.6350", "Year Low": "8.6050", "Year Close": "19.4000", "Annual % Change": "63.44%"}, "2002": {"Average Stock Price": "16.4896", "Year Open": "19.1250", "Year High": "22.7200", "Year Low": "9.4550", "Year Close": "11.8700", "Annual % Change": "-35.59%"}, "2001": {"Average Stock Price": "20.6531", "Year Open": "23.2500", "Year High": "24.9850", "Year Low": "14.4750", "Year Close": "18.4300", "Annual % Change": "-24.97%"}, "2000": {"Average Stock Price": "20.2466", "Year Open": "19.3150", "Year High": "26.5000", "Year Low": "16.5950", "Year Close": "24.5650", "Annual % Change": "29.70%"}, "1999": {"Average Stock Price": "20.7695", "Year Open": "20.8450", "Year High": "26.6550", "Year Low": "13.3750", "Year Close": "18.9400", "Annual % Change": "-9.27%"}, "1998": {"Average Stock Price": "16.2825", "Year Open": "14.2500", "Year High": "20.8750", "Year Low": "11.8750", "Year Close": "20.8750", "Annual % Change": "50.13%"}, "1997": {"Average Stock Price": "16.3449", "Year Open": "16.8750", "Year High": "19.9400", "Year Low": "12.9700", "Year Close": "13.9050", "Annual % Change": "-17.28%"}}}, "market cap": {"value": "$4.77B"}, "income statement": {"Revenue": {"2019-12-31": "6915.00000", "2018-12-31": "6405.00000", "2017-12-31": "6516.00000", "2016-12-31": "6543.00000", "2015-12-31": "6373.00000", "2014-12-31": "6591.00000", "2013-12-31": "6123.00000", "2012-12-31": "5730.00000", "2011-12-31": "5291.00000", "2010-12-31": "4711.00000", "2009-12-31": "4599.00000", "2008-12-31": "5315.00000", "2007-12-31": "4970.00000", "2006-12-31": "4582.00000", "2005-12-31": "4561.00000"}, "Cost Of Goods Sold": {"2019-12-31": "4994.00000", "2018-12-31": "4730.00000", "2017-12-31": "4661.00000", "2016-12-31": "4725.00000", "2015-12-31": "4904.00000", "2014-12-31": "4859.00000", "2013-12-31": "4383.00000", "2012-12-31": "4085.00000", "2011-12-31": "4340.00000", "2010-12-31": "3721.00000", "2009-12-31": "3719.00000", "2008-12-31": "4132.00000", "2007-12-31": "3930.00000", "2006-12-31": "3655.00000", "2005-12-31": "3625.00000"}, "Gross Profit": {"2019-12-31": "1921.00000", "2018-12-31": "1675.00000", "2017-12-31": "1855.00000", "2016-12-31": "1818.00000", "2015-12-31": "1469.00000", "2014-12-31": "1732.00000", "2013-12-31": "1740.00000", "2012-12-31": "1645.00000", "2011-12-31": "951.00000", "2010-12-31": "990.00000", "2009-12-31": "880.00000", "2008-12-31": "1183.00000", "2007-12-31": "1040.00000", "2006-12-31": "927.00000", "2005-12-31": "936.00000"}, "Research And Development Expenses": {"2019-12-31": "259.00000", "2018-12-31": "252.00000", "2017-12-31": "241.00000", "2016-12-31": "225.00000", "2015-12-31": "230.00000", "2014-12-31": "263.00000", "2013-12-31": "203.00000", "2012-12-31": "155.00000", "2011-12-31": "209.00000", "2010-12-31": "156.00000", "2009-12-31": "141.00000", "2008-12-31": "148.00000", "2007-12-31": "137.00000", "2006-12-31": "119.00000", "2005-12-31": "125.00000"}, "SG&A Expenses": {"2019-12-31": "1051.00000", "2018-12-31": "1005.00000", "2017-12-31": "923.00000", "2016-12-31": "904.00000", "2015-12-31": "1042.00000", "2014-12-31": "1012.00000", "2013-12-31": "871.00000", "2012-12-31": "742.00000", "2011-12-31": "890.00000", "2010-12-31": "685.00000", "2009-12-31": "636.00000", "2008-12-31": "713.00000", "2007-12-31": "684.00000", "2006-12-31": "654.00000", "2005-12-31": "691.00000"}, "Other Operating Income Or Expenses": {"2019-12-31": "", "2018-12-31": "-227.00000", "2017-12-31": "", "2016-12-31": "", "2015-12-31": "", "2014-12-31": "", "2013-12-31": "", "2012-12-31": "", "2011-12-31": "", "2010-12-31": "", "2009-12-31": "", "2008-12-31": "", "2007-12-31": "", "2006-12-31": "", "2005-12-31": ""}, "Operating Expenses": {"2019-12-31": "6304.00000", "2018-12-31": "6214.00000", "2017-12-31": "5825.00000", "2016-12-31": "5869.00000", "2015-12-31": "6238.00000", "2014-12-31": "6238.00000", "2013-12-31": "5457.00000", "2012-12-31": "4982.00000", "2011-12-31": "5439.00000", "2010-12-31": "4562.00000", "2009-12-31": "4496.00000", "2008-12-31": "4993.00000", "2007-12-31": "4751.00000", "2006-12-31": "4428.00000", "2005-12-31": "4441.00000"}, "Operating Income": {"2019-12-31": "611.00000", "2018-12-31": "191.00000", "2017-12-31": "691.00000", "2016-12-31": "674.00000", "2015-12-31": "135.00000", "2014-12-31": "353.00000", "2013-12-31": "666.00000", "2012-12-31": "748.00000", "2011-12-31": "-148.00000", "2010-12-31": "149.00000", "2009-12-31": "103.00000", "2008-12-31": "322.00000", "2007-12-31": "219.00000", "2006-12-31": "154.00000", "2005-12-31": "120.00000"}, "Total Non-Operating Income/Expense": {"2019-12-31": "-270.00000", "2018-12-31": "-152.00000", "2017-12-31": "-209.00000", "2016-12-31": "-295.00000", "2015-12-31": "-230.00000", "2014-12-31": "-216.00000", "2013-12-31": "-112.00000", "2012-12-31": "-50.00000", "2011-12-31": "-16.00000", "2010-12-31": "-13.00000", "2009-12-31": "-41.00000", "2008-12-31": "-6.00000", "2007-12-31": "13.00000", "2006-12-31": "5.00000", "2005-12-31": "-14.00000"}, "Pre-Tax Income": {"2019-12-31": "341.00000", "2018-12-31": "39.00000", "2017-12-31": "482.00000", "2016-12-31": "379.00000", "2015-12-31": "-95.00000", "2014-12-31": "137.00000", "2013-12-31": "554.00000", "2012-12-31": "698.00000", "2011-12-31": "-164.00000", "2010-12-31": "136.00000", "2009-12-31": "62.00000", "2008-12-31": "316.00000", "2007-12-31": "232.00000", "2006-12-31": "159.00000", "2005-12-31": "106.00000"}, "Income Taxes": {"2019-12-31": "-273.00000", "2018-12-31": "73.00000", "2017-12-31": "242.00000", "2016-12-31": "92.00000", "2015-12-31": "55.00000", "2014-12-31": "-48.00000", "2013-12-31": "98.00000", "2012-12-31": "223.00000", "2011-12-31": "-66.00000", "2010-12-31": "-11.00000", "2009-12-31": "-3.00000", "2008-12-31": "68.00000", "2007-12-31": "61.00000", "2006-12-31": "8.00000", "2005-12-31": "-210.00000"}, "Income After Taxes": {"2019-12-31": "614.00000", "2018-12-31": "-34.00000", "2017-12-31": "240.00000", "2016-12-31": "287.00000", "2015-12-31": "-150.00000", "2014-12-31": "185.00000", "2013-12-31": "456.00000", "2012-12-31": "475.00000", "2011-12-31": "-98.00000", "2010-12-31": "147.00000", "2009-12-31": "65.00000", "2008-12-31": "248.00000", "2007-12-31": "171.00000", "2006-12-31": "151.00000", "2005-12-31": "316.00000"}, "Other Income": {"2019-12-31": "", "2018-12-31": "", "2017-12-31": "", "2016-12-31": "", "2015-12-31": "", "2014-12-31": "", "2013-12-31": "", "2012-12-31": "", "2011-12-31": "", "2010-12-31": "", "2009-12-31": "", "2008-12-31": "", "2007-12-31": "", "2006-12-31": "", "2005-12-31": ""}, "Income From Continuous Operations": {"2019-12-31": "614.00000", "2018-12-31": "-34.00000", "2017-12-31": "240.00000", "2016-12-31": "287.00000", "2015-12-31": "-150.00000", "2014-12-31": "185.00000", "2013-12-31": "456.00000", "2012-12-31": "475.00000", "2011-12-31": "-98.00000", "2010-12-31": "147.00000", "2009-12-31": "65.00000", "2008-12-31": "248.00000", "2007-12-31": "171.00000", "2006-12-31": "151.00000", "2005-12-31": "316.00000"}, "Income From Discontinued Operations": {"2019-12-31": "-50.00000", "2018-12-31": "-52.00000", "2017-12-31": "-5.00000", "2016-12-31": "-13.00000", "2015-12-31": "-24.00000", "2014-12-31": "10.00000", "2013-12-31": "-9.00000", "2012-12-31": "6.00000", "2011-12-31": "-93.00000", "2010-12-31": "-10.00000", "2009-12-31": "-95.00000", "2008-12-31": "-21.00000", "2007-12-31": "103.00000", "2006-12-31": "231.00000", "2005-12-31": "213.00000"}, "Net Income": {"2019-12-31": "564.00000", "2018-12-31": "-88.00000", "2017-12-31": "232.00000", "2016-12-31": "270.00000", "2015-12-31": "-182.00000", "2014-12-31": "191.00000", "2013-12-31": "443.00000", "2012-12-31": "481.00000", "2011-12-31": "-190.00000", "2010-12-31": "134.00000", "2009-12-31": "-33.00000", "2008-12-31": "228.00000", "2007-12-31": "274.00000", "2006-12-31": "382.00000", "2005-12-31": "529.00000"}, "EBITDA": {"2019-12-31": "944.00000", "2018-12-31": "521.00000", "2017-12-31": "1045.00000", "2016-12-31": "1018.00000", "2015-12-31": "443.00000", "2014-12-31": "637.00000", "2013-12-31": "874.00000", "2012-12-31": "914.00000", "2011-12-31": "-20.00000", "2010-12-31": "263.00000", "2009-12-31": "231.00000", "2008-12-31": "436.00000", "2007-12-31": "329.00000", "2006-12-31": "258.00000", "2005-12-31": "233.00000"}, "EBIT": {"2019-12-31": "611.00000", "2018-12-31": "191.00000", "2017-12-31": "691.00000", "2016-12-31": "674.00000", "2015-12-31": "135.00000", "2014-12-31": "353.00000", "2013-12-31": "666.00000", "2012-12-31": "748.00000", "2011-12-31": "-148.00000", "2010-12-31": "149.00000", "2009-12-31": "103.00000", "2008-12-31": "322.00000", "2007-12-31": "219.00000", "2006-12-31": "154.00000", "2005-12-31": "120.00000"}, "Basic Shares Outstanding": {"2019-12-31": "122.10000", "2018-12-31": "118.40000", "2017-12-31": "121.90000", "2016-12-31": "125.60000", "2015-12-31": "167.60000", "2014-12-31": "167.90000", "2013-12-31": "165.40000", "2012-12-31": "159.30000", "2011-12-31": "158.00000", "2010-12-31": "159.80000", "2009-12-31": "158.90000", "2008-12-31": "165.30000", "2007-12-31": "180.10000", "2006-12-31": "180.00000", "2005-12-31": "185.00000"}, "Shares Outstanding": {"2019-12-31": "145.20000", "2018-12-31": "118.40000", "2017-12-31": "127.00000", "2016-12-31": "129.20000", "2015-12-31": "167.60000", "2014-12-31": "171.20000", "2013-12-31": "169.30000", "2012-12-31": "163.80000", "2011-12-31": "158.00000", "2010-12-31": "161.20000", "2009-12-31": "160.10000", "2008-12-31": "167.90000", "2007-12-31": "182.70000", "2006-12-31": "182.90000", "2005-12-31": "189.10000"}, "Basic EPS": {"2019-12-31": "3.72000", "2018-12-31": "-1.16000", "2017-12-31": "1.01000", "2016-12-31": "1.76000", "2015-12-31": "-1.09000", "2014-12-31": "1.14000", "2013-12-31": "2.68000", "2012-12-31": "3.02000", "2011-12-31": "-1.20000", "2010-12-31": "0.84000", "2009-12-31": "-0.21000", "2008-12-31": "1.38000", "2007-12-31": "1.52000", "2006-12-31": "2.12000", "2005-12-31": "2.86000"}, "EPS - Earnings Per Share": {"2019-12-31": "3.36000", "2018-12-31": "-1.16000", "2017-12-31": "0.97000", "2016-12-31": "1.71000", "2015-12-31": "-1.09000", "2014-12-31": "1.12000", "2013-12-31": "2.62000", "2012-12-31": "2.94000", "2011-12-31": "-1.20000", "2010-12-31": "0.83000", "2009-12-31": "-0.21000", "2008-12-31": "1.36000", "2007-12-31": "1.50000", "2006-12-31": "2.09000", "2005-12-31": "2.80000"}}, "income statement, quarterly": {"Revenue": {"2020-09-30": "1589.00000", "2020-06-30": "1484.00000", "2020-03-31": "1503.00000", "2019-12-31": "1886.00000", "2019-09-30": "1783.00000", "2019-06-30": "1710.00000", "2019-03-31": "1536.00000", "2018-12-31": "1801.00000", "2018-09-30": "1550.00000", "2018-06-30": "1537.00000", "2018-03-31": "1517.00000", "2017-12-31": "1782.00000", "2017-09-30": "1663.00000", "2017-06-30": "1593.00000", "2017-03-31": "1478.00000", "2016-12-31": "1802.00000", "2016-09-30": "1677.00000", "2016-06-30": "1620.00000", "2016-03-31": "1444.00000", "2015-12-31": "1680.00000", "2015-09-30": "1613.00000", "2015-06-30": "1604.00000", "2015-03-31": "1476.00000", "2014-12-31": "1768.00000", "2014-09-30": "1647.00000", "2014-06-30": "1658.00000", "2014-03-31": "1518.00000", "2013-12-31": "1670.00000", "2013-09-30": "1508.00000", "2013-06-30": "1535.00000", "2013-03-31": "1410.00000", "2012-12-31": "1642.00000", "2012-09-30": "1435.00000", "2012-06-30": "1409.00000", "2012-03-31": "1244.00000", "2011-12-31": "1601.00000", "2011-09-30": "1360.00000", "2011-06-30": "1272.00000", "2011-03-31": "1058.00000", "2010-12-31": "1299.00000", "2010-09-30": "1207.00000", "2010-06-30": "1176.00000", "2010-03-31": "1029.00000", "2009-12-31": "1332.00000", "2009-09-30": "1135.00000", "2009-06-30": "1124.00000", "2009-03-31": "1008.00000", "2008-12-31": "1421.00000", "2008-09-30": "1379.00000", "2008-06-30": "1332.00000", "2008-03-31": "1183.00000", "2007-12-31": "1521.00000", "2007-09-30": "1278.00000", "2007-06-30": "1179.00000", "2007-03-31": "992.00000", "2006-12-31": "626.00000", "2006-09-30": "1142.00000", "2006-06-30": "1531.00000", "2006-03-31": "1283.00000", "2005-12-31": "250.00000", "2005-09-30": "1498.00000", "2005-06-30": "1470.00000", "2005-03-31": "1343.00000"}, "Cost Of Goods Sold": {"2020-09-30": "1162.00000", "2020-06-30": "1112.00000", "2020-03-31": "1106.00000", "2019-12-31": "1354.00000", "2019-09-30": "1276.00000", "2019-06-30": "1239.00000", "2019-03-31": "1125.00000", "2018-12-31": "1359.00000", "2018-09-30": "1140.00000", "2018-06-30": "1134.00000", "2018-03-31": "1097.00000", "2017-12-31": "1272.00000", "2017-09-30": "1191.00000", "2017-06-30": "1132.00000", "2017-03-31": "1066.00000", "2016-12-31": "1287.00000", "2016-09-30": "1200.00000", "2016-06-30": "1174.00000", "2016-03-31": "1064.00000", "2015-12-31": "1204.00000", "2015-09-30": "1156.00000", "2015-06-30": "1458.00000", "2015-03-31": "1086.00000", "2014-12-31": "1336.00000", "2014-09-30": "1243.00000", "2014-06-30": "1178.00000", "2014-03-31": "1102.00000", "2013-12-31": "1140.00000", "2013-09-30": "1093.00000", "2013-06-30": "1109.00000", "2013-03-31": "1041.00000", "2012-12-31": "1068.00000", "2012-09-30": "1053.00000", "2012-06-30": "1035.00000", "2012-03-31": "929.00000", "2011-12-31": "1447.00000", "2011-09-30": "1061.00000", "2011-06-30": "993.00000", "2011-03-31": "839.00000", "2010-12-31": "987.00000", "2010-09-30": "961.00000", "2010-06-30": "935.00000", "2010-03-31": "838.00000", "2009-12-31": "1089.00000", "2009-09-30": "911.00000", "2009-06-30": "895.00000", "2009-03-31": "824.00000", "2008-12-31": "1094.00000", "2008-09-30": "1069.00000", "2008-06-30": "1045.00000", "2008-03-31": "924.00000", "2007-12-31": "1169.00000", "2007-09-30": "1016.00000", "2007-06-30": "910.00000", "2007-03-31": "835.00000", "2006-12-31": "717.00000", "2006-09-30": "901.00000", "2006-06-30": "1106.00000", "2006-03-31": "931.00000", "2005-12-31": "517.00000", "2005-09-30": "1062.00000", "2005-06-30": "1074.00000", "2005-03-31": "972.00000"}, "Gross Profit": {"2020-09-30": "427.00000", "2020-06-30": "372.00000", "2020-03-31": "397.00000", "2019-12-31": "532.00000", "2019-09-30": "507.00000", "2019-06-30": "471.00000", "2019-03-31": "411.00000", "2018-12-31": "442.00000", "2018-09-30": "410.00000", "2018-06-30": "403.00000", "2018-03-31": "420.00000", "2017-12-31": "510.00000", "2017-09-30": "472.00000", "2017-06-30": "461.00000", "2017-03-31": "412.00000", "2016-12-31": "515.00000", "2016-09-30": "477.00000", "2016-06-30": "446.00000", "2016-03-31": "380.00000", "2015-12-31": "476.00000", "2015-09-30": "457.00000", "2015-06-30": "146.00000", "2015-03-31": "390.00000", "2014-12-31": "432.00000", "2014-09-30": "404.00000", "2014-06-30": "480.00000", "2014-03-31": "416.00000", "2013-12-31": "530.00000", "2013-09-30": "415.00000", "2013-06-30": "426.00000", "2013-03-31": "369.00000", "2012-12-31": "574.00000", "2012-09-30": "382.00000", "2012-06-30": "374.00000", "2012-03-31": "315.00000", "2011-12-31": "154.00000", "2011-09-30": "299.00000", "2011-06-30": "279.00000", "2011-03-31": "219.00000", "2010-12-31": "312.00000", "2010-09-30": "246.00000", "2010-06-30": "241.00000", "2010-03-31": "191.00000", "2009-12-31": "243.00000", "2009-09-30": "224.00000", "2009-06-30": "229.00000", "2009-03-31": "184.00000", "2008-12-31": "327.00000", "2008-09-30": "310.00000", "2008-06-30": "287.00000", "2008-03-31": "259.00000", "2007-12-31": "352.00000", "2007-09-30": "262.00000", "2007-06-30": "269.00000", "2007-03-31": "157.00000", "2006-12-31": "-91.00000", "2006-09-30": "241.00000", "2006-06-30": "425.00000", "2006-03-31": "352.00000", "2005-12-31": "-267.00000", "2005-09-30": "436.00000", "2005-06-30": "396.00000", "2005-03-31": "371.00000"}, "Research And Development Expenses": {"2020-09-30": "55.00000", "2020-06-30": "49.00000", "2020-03-31": "65.00000", "2019-12-31": "74.00000", "2019-09-30": "64.00000", "2019-06-30": "62.00000", "2019-03-31": "59.00000", "2018-12-31": "62.00000", "2018-09-30": "59.00000", "2018-06-30": "65.00000", "2018-03-31": "66.00000", "2017-12-31": "63.00000", "2017-09-30": "53.00000", "2017-06-30": "58.00000", "2017-03-31": "67.00000", "2016-12-31": "66.00000", "2016-09-30": "56.00000", "2016-06-30": "50.00000", "2016-03-31": "53.00000", "2015-12-31": "55.00000", "2015-09-30": "53.00000", "2015-06-30": "67.00000", "2015-03-31": "55.00000", "2014-12-31": "77.00000", "2014-09-30": "59.00000", "2014-06-30": "64.00000", "2014-03-31": "63.00000", "2013-12-31": "40.00000", "2013-09-30": "53.00000", "2013-06-30": "55.00000", "2013-03-31": "55.00000", "2012-12-31": "13.00000", "2012-09-30": "47.00000", "2012-06-30": "49.00000", "2012-03-31": "46.00000", "2011-12-31": "84.00000", "2011-09-30": "44.00000", "2011-06-30": "41.00000", "2011-03-31": "40.00000", "2010-12-31": "39.00000", "2010-09-30": "39.00000", "2010-06-30": "39.00000", "2010-03-31": "39.00000", "2009-12-31": "36.00000", "2009-09-30": "36.00000", "2009-06-30": "34.00000", "2009-03-31": "35.00000", "2008-12-31": "37.00000", "2008-09-30": "35.00000", "2008-06-30": "41.00000", "2008-03-31": "35.00000", "2007-12-31": "41.00000", "2007-09-30": "37.00000", "2007-06-30": "30.00000", "2007-03-31": "29.00000", "2006-12-31": "-27.00000", "2006-09-30": "28.00000", "2006-06-30": "58.00000", "2006-03-31": "60.00000", "2005-12-31": "-49.00000", "2005-09-30": "57.00000", "2005-06-30": "58.00000", "2005-03-31": "59.00000"}, "SG&A Expenses": {"2020-09-30": "254.00000", "2020-06-30": "234.00000", "2020-03-31": "255.00000", "2019-12-31": "276.00000", "2019-09-30": "271.00000", "2019-06-30": "252.00000", "2019-03-31": "252.00000", "2018-12-31": "273.00000", "2018-09-30": "226.00000", "2018-06-30": "261.00000", "2018-03-31": "245.00000", "2017-12-31": "245.00000", "2017-09-30": "220.00000", "2017-06-30": "228.00000", "2017-03-31": "230.00000", "2016-12-31": "226.00000", "2016-09-30": "225.00000", "2016-06-30": "229.00000", "2016-03-31": "224.00000", "2015-12-31": "254.00000", "2015-09-30": "224.00000", "2015-06-30": "339.00000", "2015-03-31": "225.00000", "2014-12-31": "288.00000", "2014-09-30": "232.00000", "2014-06-30": "247.00000", "2014-03-31": "245.00000", "2013-12-31": "193.00000", "2013-09-30": "217.00000", "2013-06-30": "232.00000", "2013-03-31": "229.00000", "2012-12-31": "150.00000", "2012-09-30": "206.00000", "2012-06-30": "195.00000", "2012-03-31": "191.00000", "2011-12-31": "328.00000", "2011-09-30": "227.00000", "2011-06-30": "176.00000", "2011-03-31": "159.00000", "2010-12-31": "171.00000", "2010-09-30": "173.00000", "2010-06-30": "171.00000", "2010-03-31": "170.00000", "2009-12-31": "162.00000", "2009-09-30": "159.00000", "2009-06-30": "156.00000", "2009-03-31": "159.00000", "2008-12-31": "195.00000", "2008-09-30": "175.00000", "2008-06-30": "184.00000", "2008-03-31": "159.00000", "2007-12-31": "192.00000", "2007-09-30": "187.00000", "2007-06-30": "160.00000", "2007-03-31": "145.00000", "2006-12-31": "-20.00000", "2006-09-30": "165.00000", "2006-06-30": "264.00000", "2006-03-31": "245.00000", "2005-12-31": "-99.00000", "2005-09-30": "267.00000", "2005-06-30": "265.00000", "2005-03-31": "258.00000"}, "Other Operating Income Or Expenses": {"2020-09-30": "", "2020-06-30": "", "2020-03-31": "", "2019-12-31": "", "2019-09-30": "", "2019-06-30": "", "2019-03-31": "", "2018-12-31": "-44.00000", "2018-09-30": "", "2018-06-30": "-183.00000", "2018-03-31": "", "2017-12-31": "", "2017-09-30": "", "2017-06-30": "", "2017-03-31": "", "2016-12-31": "", "2016-09-30": "", "2016-06-30": "", "2016-03-31": "", "2015-12-31": "", "2015-09-30": "", "2015-06-30": "", "2015-03-31": "", "2014-12-31": "", "2014-09-30": "", "2014-06-30": "", "2014-03-31": "", "2013-12-31": "", "2013-09-30": "", "2013-06-30": "", "2013-03-31": "", "2012-12-31": "", "2012-09-30": "", "2012-06-30": "", "2012-03-31": "", "2011-12-31": "", "2011-09-30": "", "2011-06-30": "", "2011-03-31": "", "2010-12-31": "", "2010-09-30": "", "2010-06-30": "", "2010-03-31": "", "2009-12-31": "", "2009-09-30": "", "2009-06-30": "", "2009-03-31": "", "2008-12-31": "", "2008-09-30": "", "2008-06-30": "", "2008-03-31": "", "2007-12-31": "", "2007-09-30": "", "2007-06-30": "", "2007-03-31": "", "2006-12-31": "", "2006-09-30": "", "2006-06-30": "", "2006-03-31": "", "2005-12-31": "", "2005-09-30": "", "2005-06-30": "", "2005-03-31": ""}, "Operating Expenses": {"2020-09-30": "1471.00000", "2020-06-30": "1395.00000", "2020-03-31": "1426.00000", "2019-12-31": "1704.00000", "2019-09-30": "1611.00000", "2019-06-30": "1553.00000", "2019-03-31": "1436.00000", "2018-12-31": "1738.00000", "2018-09-30": "1425.00000", "2018-06-30": "1643.00000", "2018-03-31": "1408.00000", "2017-12-31": "1580.00000", "2017-09-30": "1464.00000", "2017-06-30": "1418.00000", "2017-03-31": "1363.00000", "2016-12-31": "1581.00000", "2016-09-30": "1488.00000", "2016-06-30": "1457.00000", "2016-03-31": "1343.00000", "2015-12-31": "1542.00000", "2015-09-30": "1445.00000", "2015-06-30": "1870.00000", "2015-03-31": "1381.00000", "2014-12-31": "1733.00000", "2014-09-30": "1606.00000", "2014-06-30": "1489.00000", "2014-03-31": "1410.00000", "2013-12-31": "1373.00000", "2013-09-30": "1363.00000", "2013-06-30": "1396.00000", "2013-03-31": "1325.00000", "2012-12-31": "1231.00000", "2012-09-30": "1306.00000", "2012-06-30": "1279.00000", "2012-03-31": "1166.00000", "2011-12-31": "1859.00000", "2011-09-30": "1332.00000", "2011-06-30": "1210.00000", "2011-03-31": "1038.00000", "2010-12-31": "1197.00000", "2010-09-30": "1173.00000", "2010-06-30": "1145.00000", "2010-03-31": "1047.00000", "2009-12-31": "1287.00000", "2009-09-30": "1106.00000", "2009-06-30": "1085.00000", "2009-03-31": "1018.00000", "2008-12-31": "1326.00000", "2008-09-30": "1279.00000", "2008-06-30": "1270.00000", "2008-03-31": "1118.00000", "2007-12-31": "1402.00000", "2007-09-30": "1240.00000", "2007-06-30": "1100.00000", "2007-03-31": "1009.00000", "2006-12-31": "670.00000", "2006-09-30": "1094.00000", "2006-06-30": "1428.00000", "2006-03-31": "1236.00000", "2005-12-31": "369.00000", "2005-09-30": "1386.00000", "2005-06-30": "1397.00000", "2005-03-31": "1289.00000"}, "Operating Income": {"2020-09-30": "118.00000", "2020-06-30": "89.00000", "2020-03-31": "77.00000", "2019-12-31": "182.00000", "2019-09-30": "172.00000", "2019-06-30": "157.00000", "2019-03-31": "100.00000", "2018-12-31": "63.00000", "2018-09-30": "125.00000", "2018-06-30": "-106.00000", "2018-03-31": "109.00000", "2017-12-31": "202.00000", "2017-09-30": "199.00000", "2017-06-30": "175.00000", "2017-03-31": "115.00000", "2016-12-31": "221.00000", "2016-09-30": "189.00000", "2016-06-30": "163.00000", "2016-03-31": "101.00000", "2015-12-31": "138.00000", "2015-09-30": "168.00000", "2015-06-30": "-266.00000", "2015-03-31": "95.00000", "2014-12-31": "35.00000", "2014-09-30": "41.00000", "2014-06-30": "169.00000", "2014-03-31": "108.00000", "2013-12-31": "297.00000", "2013-09-30": "145.00000", "2013-06-30": "139.00000", "2013-03-31": "85.00000", "2012-12-31": "411.00000", "2012-09-30": "129.00000", "2012-06-30": "130.00000", "2012-03-31": "78.00000", "2011-12-31": "-258.00000", "2011-09-30": "28.00000", "2011-06-30": "62.00000", "2011-03-31": "20.00000", "2010-12-31": "102.00000", "2010-09-30": "34.00000", "2010-06-30": "31.00000", "2010-03-31": "-18.00000", "2009-12-31": "45.00000", "2009-09-30": "29.00000", "2009-06-30": "39.00000", "2009-03-31": "-10.00000", "2008-12-31": "95.00000", "2008-09-30": "100.00000", "2008-06-30": "62.00000", "2008-03-31": "65.00000", "2007-12-31": "119.00000", "2007-09-30": "38.00000", "2007-06-30": "79.00000", "2007-03-31": "-17.00000", "2006-12-31": "-44.00000", "2006-09-30": "48.00000", "2006-06-30": "103.00000", "2006-03-31": "47.00000", "2005-12-31": "-119.00000", "2005-09-30": "112.00000", "2005-06-30": "73.00000", "2005-03-31": "54.00000"}, "Total Non-Operating Income/Expense": {"2020-09-30": "-86.00000", "2020-06-30": "-59.00000", "2020-03-31": "-52.00000", "2019-12-31": "-99.00000", "2019-09-30": "-64.00000", "2019-06-30": "-54.00000", "2019-03-31": "-53.00000", "2018-12-31": "-3.00000", "2018-09-30": "-53.00000", "2018-06-30": "-50.00000", "2018-03-31": "-46.00000", "2017-12-31": "-71.00000", "2017-09-30": "-49.00000", "2017-06-30": "-45.00000", "2017-03-31": "-44.00000", "2016-12-31": "-132.00000", "2016-09-30": "-49.00000", "2016-06-30": "-58.00000", "2016-03-31": "-56.00000", "2015-12-31": "-85.00000", "2015-09-30": "-49.00000", "2015-06-30": "-45.00000", "2015-03-31": "-51.00000", "2014-12-31": "-57.00000", "2014-09-30": "-60.00000", "2014-06-30": "-49.00000", "2014-03-31": "-50.00000", "2013-12-31": "-38.00000", "2013-09-30": "-26.00000", "2013-06-30": "-29.00000", "2013-03-31": "-19.00000", "2012-12-31": "-19.00000", "2012-09-30": "-7.00000", "2012-06-30": "-13.00000", "2012-03-31": "-11.00000", "2011-12-31": "-16.00000", "2011-09-30": "-4.00000", "2011-06-30": "-2.00000", "2011-03-31": "6.00000", "2010-12-31": "-14.00000", "2010-09-30": "1.00000", "2010-06-30": "", "2010-03-31": "", "2009-12-31": "-7.00000", "2009-09-30": "-24.00000", "2009-06-30": "-5.00000", "2009-03-31": "-5.00000", "2008-12-31": "-5.00000", "2008-09-30": "-1.00000", "2008-06-30": "-1.00000", "2008-03-31": "1.00000", "2007-12-31": "-3.00000", "2007-09-30": "12.00000", "2007-06-30": "1.00000", "2007-03-31": "3.00000", "2006-12-31": "1.00000", "2006-09-30": "2.00000", "2006-06-30": "-1.00000", "2006-03-31": "3.00000", "2005-12-31": "-4.00000", "2005-09-30": "-2.00000", "2005-06-30": "6.00000", "2005-03-31": "-14.00000"}, "Pre-Tax Income": {"2020-09-30": "32.00000", "2020-06-30": "30.00000", "2020-03-31": "25.00000", "2019-12-31": "83.00000", "2019-09-30": "108.00000", "2019-06-30": "103.00000", "2019-03-31": "47.00000", "2018-12-31": "60.00000", "2018-09-30": "72.00000", "2018-06-30": "-156.00000", "2018-03-31": "63.00000", "2017-12-31": "131.00000", "2017-09-30": "150.00000", "2017-06-30": "130.00000", "2017-03-31": "71.00000", "2016-12-31": "89.00000", "2016-09-30": "140.00000", "2016-06-30": "105.00000", "2016-03-31": "45.00000", "2015-12-31": "53.00000", "2015-09-30": "119.00000", "2015-06-30": "-311.00000", "2015-03-31": "44.00000", "2014-12-31": "-22.00000", "2014-09-30": "-19.00000", "2014-06-30": "120.00000", "2014-03-31": "58.00000", "2013-12-31": "259.00000", "2013-09-30": "119.00000", "2013-06-30": "110.00000", "2013-03-31": "66.00000", "2012-12-31": "392.00000", "2012-09-30": "122.00000", "2012-06-30": "117.00000", "2012-03-31": "67.00000", "2011-12-31": "-274.00000", "2011-09-30": "24.00000", "2011-06-30": "60.00000", "2011-03-31": "26.00000", "2010-12-31": "88.00000", "2010-09-30": "35.00000", "2010-06-30": "31.00000", "2010-03-31": "-18.00000", "2009-12-31": "38.00000", "2009-09-30": "5.00000", "2009-06-30": "34.00000", "2009-03-31": "-15.00000", "2008-12-31": "90.00000", "2008-09-30": "99.00000", "2008-06-30": "61.00000", "2008-03-31": "66.00000", "2007-12-31": "116.00000", "2007-09-30": "50.00000", "2007-06-30": "80.00000", "2007-03-31": "-14.00000", "2006-12-31": "-43.00000", "2006-09-30": "50.00000", "2006-06-30": "102.00000", "2006-03-31": "50.00000", "2005-12-31": "-123.00000", "2005-09-30": "110.00000", "2005-06-30": "79.00000", "2005-03-31": "40.00000"}, "Income Taxes": {"2020-09-30": "", "2020-06-30": "-34.00000", "2020-03-31": "1.00000", "2019-12-31": "-301.00000", "2019-09-30": "4.00000", "2019-06-30": "15.00000", "2019-03-31": "9.00000", "2018-12-31": "93.00000", "2018-09-30": "-15.00000", "2018-06-30": "-12.00000", "2018-03-31": "7.00000", "2017-12-31": "164.00000", "2017-09-30": "31.00000", "2017-06-30": "33.00000", "2017-03-31": "14.00000", "2016-12-31": "17.00000", "2016-09-30": "31.00000", "2016-06-30": "31.00000", "2016-03-31": "13.00000", "2015-12-31": "5.00000", "2015-09-30": "16.00000", "2015-06-30": "32.00000", "2015-03-31": "2.00000", "2014-12-31": "-62.00000", "2014-09-30": "-19.00000", "2014-06-30": "29.00000", "2014-03-31": "4.00000", "2013-12-31": "54.00000", "2013-09-30": "19.00000", "2013-06-30": "23.00000", "2013-03-31": "2.00000", "2012-12-31": "155.00000", "2012-09-30": "33.00000", "2012-06-30": "28.00000", "2012-03-31": "7.00000", "2011-12-31": "-87.00000", "2011-09-30": "2.00000", "2011-06-30": "13.00000", "2011-03-31": "6.00000", "2010-12-31": "24.00000", "2010-09-30": "-45.00000", "2010-06-30": "11.00000", "2010-03-31": "-1.00000", "2009-12-31": "-3.00000", "2009-09-30": "-12.00000", "2009-06-30": "13.00000", "2009-03-31": "-1.00000", "2008-12-31": "17.00000", "2008-09-30": "17.00000", "2008-06-30": "17.00000", "2008-03-31": "17.00000", "2007-12-31": "20.00000", "2007-09-30": "17.00000", "2007-06-30": "29.00000", "2007-03-31": "-5.00000", "2006-12-31": "-36.00000", "2006-09-30": "11.00000", "2006-06-30": "24.00000", "2006-03-31": "9.00000", "2005-12-31": "-60.00000", "2005-09-30": "-112.00000", "2005-06-30": "-48.00000", "2005-03-31": "10.00000"}, "Income After Taxes": {"2020-09-30": "32.00000", "2020-06-30": "64.00000", "2020-03-31": "24.00000", "2019-12-31": "384.00000", "2019-09-30": "104.00000", "2019-06-30": "88.00000", "2019-03-31": "38.00000", "2018-12-31": "-33.00000", "2018-09-30": "87.00000", "2018-06-30": "-144.00000", "2018-03-31": "56.00000", "2017-12-31": "-33.00000", "2017-09-30": "119.00000", "2017-06-30": "97.00000", "2017-03-31": "57.00000", "2016-12-31": "72.00000", "2016-09-30": "109.00000", "2016-06-30": "74.00000", "2016-03-31": "32.00000", "2015-12-31": "48.00000", "2015-09-30": "103.00000", "2015-06-30": "-343.00000", "2015-03-31": "42.00000", "2014-12-31": "40.00000", "2014-09-30": "", "2014-06-30": "91.00000", "2014-03-31": "54.00000", "2013-12-31": "205.00000", "2013-09-30": "100.00000", "2013-06-30": "87.00000", "2013-03-31": "64.00000", "2012-12-31": "237.00000", "2012-09-30": "89.00000", "2012-06-30": "89.00000", "2012-03-31": "60.00000", "2011-12-31": "-187.00000", "2011-09-30": "22.00000", "2011-06-30": "47.00000", "2011-03-31": "20.00000", "2010-12-31": "64.00000", "2010-09-30": "80.00000", "2010-06-30": "20.00000", "2010-03-31": "-17.00000", "2009-12-31": "41.00000", "2009-09-30": "17.00000", "2009-06-30": "21.00000", "2009-03-31": "-14.00000", "2008-12-31": "73.00000", "2008-09-30": "82.00000", "2008-06-30": "44.00000", "2008-03-31": "49.00000", "2007-12-31": "96.00000", "2007-09-30": "33.00000", "2007-06-30": "51.00000", "2007-03-31": "-9.00000", "2006-12-31": "-7.00000", "2006-09-30": "39.00000", "2006-06-30": "78.00000", "2006-03-31": "41.00000", "2005-12-31": "-63.00000", "2005-09-30": "222.00000", "2005-06-30": "127.00000", "2005-03-31": "30.00000"}, "Other Income": {"2020-09-30": "", "2020-06-30": "", "2020-03-31": "", "2019-12-31": "", "2019-09-30": "", "2019-06-30": "", "2019-03-31": "", "2018-12-31": "", "2018-09-30": "", "2018-06-30": "", "2018-03-31": "", "2017-12-31": "", "2017-09-30": "", "2017-06-30": "", "2017-03-31": "", "2016-12-31": "", "2016-09-30": "", "2016-06-30": "", "2016-03-31": "", "2015-12-31": "", "2015-09-30": "", "2015-06-30": "", "2015-03-31": "", "2014-12-31": "", "2014-09-30": "", "2014-06-30": "", "2014-03-31": "", "2013-12-31": "", "2013-09-30": "", "2013-06-30": "", "2013-03-31": "", "2012-12-31": "", "2012-09-30": "", "2012-06-30": "", "2012-03-31": "", "2011-12-31": "", "2011-09-30": "", "2011-06-30": "", "2011-03-31": "", "2010-12-31": "", "2010-09-30": "", "2010-06-30": "", "2010-03-31": "", "2009-12-31": "", "2009-09-30": "", "2009-06-30": "", "2009-03-31": "", "2008-12-31": "", "2008-09-30": "", "2008-06-30": "", "2008-03-31": "", "2007-12-31": "", "2007-09-30": "", "2007-06-30": "", "2007-03-31": "", "2006-12-31": "", "2006-09-30": "", "2006-06-30": "", "2006-03-31": "", "2005-12-31": "", "2005-09-30": "", "2005-06-30": "", "2005-03-31": ""}, "Income From Continuous Operations": {"2020-09-30": "32.00000", "2020-06-30": "64.00000", "2020-03-31": "24.00000", "2019-12-31": "384.00000", "2019-09-30": "104.00000", "2019-06-30": "88.00000", "2019-03-31": "38.00000", "2018-12-31": "-33.00000", "2018-09-30": "87.00000", "2018-06-30": "-144.00000", "2018-03-31": "56.00000", "2017-12-31": "-33.00000", "2017-09-30": "119.00000", "2017-06-30": "97.00000", "2017-03-31": "57.00000", "2016-12-31": "72.00000", "2016-09-30": "109.00000", "2016-06-30": "74.00000", "2016-03-31": "32.00000", "2015-12-31": "48.00000", "2015-09-30": "103.00000", "2015-06-30": "-343.00000", "2015-03-31": "42.00000", "2014-12-31": "40.00000", "2014-09-30": "", "2014-06-30": "91.00000", "2014-03-31": "54.00000", "2013-12-31": "205.00000", "2013-09-30": "100.00000", "2013-06-30": "87.00000", "2013-03-31": "64.00000", "2012-12-31": "237.00000", "2012-09-30": "89.00000", "2012-06-30": "89.00000", "2012-03-31": "60.00000", "2011-12-31": "-187.00000", "2011-09-30": "22.00000", "2011-06-30": "47.00000", "2011-03-31": "20.00000", "2010-12-31": "64.00000", "2010-09-30": "80.00000", "2010-06-30": "20.00000", "2010-03-31": "-17.00000", "2009-12-31": "41.00000", "2009-09-30": "17.00000", "2009-06-30": "21.00000", "2009-03-31": "-14.00000", "2008-12-31": "73.00000", "2008-09-30": "82.00000", "2008-06-30": "44.00000", "2008-03-31": "49.00000", "2007-12-31": "96.00000", "2007-09-30": "33.00000", "2007-06-30": "51.00000", "2007-03-31": "-9.00000", "2006-12-31": "-7.00000", "2006-09-30": "39.00000", "2006-06-30": "78.00000", "2006-03-31": "41.00000", "2005-12-31": "-63.00000", "2005-09-30": "222.00000", "2005-06-30": "127.00000", "2005-03-31": "30.00000"}, "Income From Discontinued Operations": {"2020-09-30": "", "2020-06-30": "", "2020-03-31": "", "2019-12-31": "-35.00000", "2019-09-30": "-15.00000", "2019-06-30": "", "2019-03-31": "", "2018-12-31": "-14.00000", "2018-09-30": "-1.00000", "2018-06-30": "-2.00000", "2018-03-31": "-35.00000", "2017-12-31": "-10.00000", "2017-09-30": "", "2017-06-30": "5.00000", "2017-03-31": "", "2016-12-31": "-11.00000", "2016-09-30": "-2.00000", "2016-06-30": "", "2016-03-31": "", "2015-12-31": "-20.00000", "2015-09-30": "-4.00000", "2015-06-30": "", "2015-03-31": "", "2014-12-31": "-5.00000", "2014-09-30": "15.00000", "2014-06-30": "", "2014-03-31": "", "2013-12-31": "-8.00000", "2013-09-30": "", "2013-06-30": "", "2013-03-31": "-1.00000", "2012-12-31": "3.00000", "2012-09-30": "-1.00000", "2012-06-30": "13.00000", "2012-03-31": "-9.00000", "2011-12-31": "-68.00000", "2011-09-30": "-7.00000", "2011-06-30": "-12.00000", "2011-03-31": "-6.00000", "2010-12-31": "-26.00000", "2010-09-30": "5.00000", "2010-06-30": "11.00000", "2010-03-31": "0.00000", "2009-12-31": "-98.00000", "2009-09-30": "", "2009-06-30": "3.00000", "2009-03-31": "", "2008-12-31": "-17.00000", "2008-09-30": "-2.00000", "2008-06-30": "-1.00000", "2008-03-31": "-1.00000", "2007-12-31": "-7.00000", "2007-09-30": "20.00000", "2007-06-30": "47.00000", "2007-03-31": "43.00000", "2006-12-31": "181.00000", "2006-09-30": "50.00000", "2006-06-30": "", "2006-03-31": "", "2005-12-31": "", "2005-09-30": "", "2005-06-30": "", "2005-03-31": ""}, "Net Income": {"2020-09-30": "25.00000", "2020-06-30": "57.00000", "2020-03-31": "17.00000", "2019-12-31": "453.00000", "2019-09-30": "11.00000", "2019-06-30": "76.00000", "2019-03-31": "24.00000", "2018-12-31": "-11.00000", "2018-09-30": "72.00000", "2018-06-30": "-157.00000", "2018-03-31": "8.00000", "2017-12-31": "41.00000", "2017-09-30": "118.00000", "2017-06-30": "90.00000", "2017-03-31": "-17.00000", "2016-12-31": "94.00000", "2016-09-30": "92.00000", "2016-06-30": "63.00000", "2016-03-31": "21.00000", "2015-12-31": "24.00000", "2015-09-30": "98.00000", "2015-06-30": "-344.00000", "2015-03-31": "40.00000", "2014-12-31": "33.00000", "2014-09-30": "15.00000", "2014-06-30": "90.00000", "2014-03-31": "53.00000", "2013-12-31": "198.00000", "2013-09-30": "98.00000", "2013-06-30": "86.00000", "2013-03-31": "61.00000", "2012-12-31": "242.00000", "2012-09-30": "87.00000", "2012-06-30": "102.00000", "2012-03-31": "50.00000", "2011-12-31": "-252.00000", "2011-09-30": "16.00000", "2011-06-30": "33.00000", "2011-03-31": "13.00000", "2010-12-31": "39.00000", "2010-09-30": "83.00000", "2010-06-30": "31.00000", "2010-03-31": "-19.00000", "2009-12-31": "-56.00000", "2009-09-30": "15.00000", "2009-06-30": "23.00000", "2009-03-31": "-15.00000", "2008-12-31": "56.00000", "2008-09-30": "80.00000", "2008-06-30": "44.00000", "2008-03-31": "48.00000", "2007-12-31": "89.00000", "2007-09-30": "53.00000", "2007-06-30": "98.00000", "2007-03-31": "34.00000", "2006-12-31": "174.00000", "2006-09-30": "89.00000", "2006-06-30": "78.00000", "2006-03-31": "41.00000", "2005-12-31": "150.00000", "2005-09-30": "222.00000", "2005-06-30": "127.00000", "2005-03-31": "30.00000"}, "EBITDA": {"2020-09-30": "211.00000", "2020-06-30": "178.00000", "2020-03-31": "164.00000", "2019-12-31": "266.00000", "2019-09-30": "261.00000", "2019-06-30": "236.00000", "2019-03-31": "181.00000", "2018-12-31": "-49.00000", "2018-09-30": "396.00000", "2018-06-30": "-21.00000", "2018-03-31": "195.00000", "2017-12-31": "293.00000", "2017-09-30": "290.00000", "2017-06-30": "262.00000", "2017-03-31": "200.00000", "2016-12-31": "306.00000", "2016-09-30": "273.00000", "2016-06-30": "249.00000", "2016-03-31": "190.00000", "2015-12-31": "217.00000", "2015-09-30": "245.00000", "2015-06-30": "-190.00000", "2015-03-31": "171.00000", "2014-12-31": "108.00000", "2014-09-30": "110.00000", "2014-06-30": "242.00000", "2014-03-31": "177.00000", "2013-12-31": "356.00000", "2013-09-30": "197.00000", "2013-06-30": "189.00000", "2013-03-31": "132.00000", "2012-12-31": "454.00000", "2012-09-30": "171.00000", "2012-06-30": "170.00000", "2012-03-31": "119.00000", "2011-12-31": "-218.00000", "2011-09-30": "58.00000", "2011-06-30": "91.00000", "2011-03-31": "49.00000", "2010-12-31": "115.00000", "2010-09-30": "70.00000", "2010-06-30": "64.00000", "2010-03-31": "14.00000", "2009-12-31": "78.00000", "2009-09-30": "64.00000", "2009-06-30": "70.00000", "2009-03-31": "19.00000", "2008-12-31": "126.00000", "2008-09-30": "128.00000", "2008-06-30": "88.00000", "2008-03-31": "94.00000", "2007-12-31": "148.00000", "2007-09-30": "65.00000", "2007-06-30": "106.00000", "2007-03-31": "10.00000", "2006-12-31": "-17.00000", "2006-09-30": "47.00000", "2006-06-30": "142.00000", "2006-03-31": "86.00000", "2005-12-31": "-133.00000", "2005-09-30": "153.00000", "2005-06-30": "96.00000", "2005-03-31": "117.00000"}, "EBIT": {"2020-09-30": "118.00000", "2020-06-30": "89.00000", "2020-03-31": "77.00000", "2019-12-31": "182.00000", "2019-09-30": "172.00000", "2019-06-30": "157.00000", "2019-03-31": "100.00000", "2018-12-31": "63.00000", "2018-09-30": "125.00000", "2018-06-30": "-106.00000", "2018-03-31": "109.00000", "2017-12-31": "202.00000", "2017-09-30": "199.00000", "2017-06-30": "175.00000", "2017-03-31": "115.00000", "2016-12-31": "221.00000", "2016-09-30": "189.00000", "2016-06-30": "163.00000", "2016-03-31": "101.00000", "2015-12-31": "138.00000", "2015-09-30": "168.00000", "2015-06-30": "-266.00000", "2015-03-31": "95.00000", "2014-12-31": "35.00000", "2014-09-30": "41.00000", "2014-06-30": "169.00000", "2014-03-31": "108.00000", "2013-12-31": "297.00000", "2013-09-30": "145.00000", "2013-06-30": "139.00000", "2013-03-31": "85.00000", "2012-12-31": "411.00000", "2012-09-30": "129.00000", "2012-06-30": "130.00000", "2012-03-31": "78.00000", "2011-12-31": "-258.00000", "2011-09-30": "28.00000", "2011-06-30": "62.00000", "2011-03-31": "20.00000", "2010-12-31": "102.00000", "2010-09-30": "34.00000", "2010-06-30": "31.00000", "2010-03-31": "-18.00000", "2009-12-31": "45.00000", "2009-09-30": "29.00000", "2009-06-30": "39.00000", "2009-03-31": "-10.00000", "2008-12-31": "95.00000", "2008-09-30": "100.00000", "2008-06-30": "62.00000", "2008-03-31": "65.00000", "2007-12-31": "119.00000", "2007-09-30": "38.00000", "2007-06-30": "79.00000", "2007-03-31": "-17.00000", "2006-12-31": "-44.00000", "2006-09-30": "48.00000", "2006-06-30": "103.00000", "2006-03-31": "47.00000", "2005-12-31": "-119.00000", "2005-09-30": "112.00000", "2005-06-30": "73.00000", "2005-03-31": "54.00000"}, "Basic Shares Outstanding": {"2020-09-30": "128.50000", "2020-06-30": "128.00000", "2020-03-31": "128.00000", "2019-12-31": "122.10000", "2019-09-30": "121.40000", "2019-06-30": "120.20000", "2019-03-31": "119.30000", "2018-12-31": "118.40000", "2018-09-30": "118.00000", "2018-06-30": "117.90000", "2018-03-31": "119.20000", "2017-12-31": "121.90000", "2017-09-30": "121.50000", "2017-06-30": "121.40000", "2017-03-31": "122.80000", "2016-12-31": "125.60000", "2016-09-30": "123.90000", "2016-06-30": "123.80000", "2016-03-31": "130.40000", "2015-12-31": "167.60000", "2015-09-30": "169.80000", "2015-06-30": "169.60000", "2015-03-31": "169.00000", "2014-12-31": "167.90000", "2014-09-30": "168.20000", "2014-06-30": "167.90000", "2014-03-31": "167.10000", "2013-12-31": "165.40000", "2013-09-30": "166.20000", "2013-06-30": "165.20000", "2013-03-31": "163.70000", "2012-12-31": "159.30000", "2012-09-30": "159.60000", "2012-06-30": "159.00000", "2012-03-31": "158.20000", "2011-12-31": "158.00000", "2011-09-30": "157.40000", "2011-06-30": "157.80000", "2011-03-31": "159.20000", "2010-12-31": "159.80000", "2010-09-30": "160.10000", "2010-06-30": "160.40000", "2010-03-31": "159.90000", "2009-12-31": "158.90000", "2009-09-30": "159.00000", "2009-06-30": "158.70000", "2009-03-31": "158.30000", "2008-12-31": "165.30000", "2008-09-30": "163.20000", "2008-06-30": "166.80000", "2008-03-31": "173.00000", "2007-12-31": "180.10000", "2007-09-30": "180.60000", "2007-06-30": "180.10000", "2007-03-31": "179.30000", "2006-12-31": "180.00000", "2006-09-30": "178.70000", "2006-06-30": "181.10000", "2006-03-31": "181.70000", "2005-12-31": "185.00000", "2005-09-30": "184.90000", "2005-06-30": "186.20000", "2005-03-31": "186.40000"}, "Shares Outstanding": {"2020-09-30": "129.70000", "2020-06-30": "128.90000", "2020-03-31": "130.50000", "2019-12-31": "145.20000", "2019-09-30": "123.40000", "2019-06-30": "152.70000", "2019-03-31": "122.20000", "2018-12-31": "118.40000", "2018-09-30": "149.30000", "2018-06-30": "117.90000", "2018-03-31": "123.80000", "2017-12-31": "127.00000", "2017-09-30": "153.10000", "2017-06-30": "152.70000", "2017-03-31": "122.80000", "2016-12-31": "129.20000", "2016-09-30": "155.40000", "2016-06-30": "154.50000", "2016-03-31": "132.70000", "2015-12-31": "167.60000", "2015-09-30": "172.30000", "2015-06-30": "169.60000", "2015-03-31": "171.60000", "2014-12-31": "171.20000", "2014-09-30": "171.30000", "2014-06-30": "170.90000", "2014-03-31": "171.00000", "2013-12-31": "169.30000", "2013-09-30": "170.00000", "2013-06-30": "168.80000", "2013-03-31": "167.50000", "2012-12-31": "163.80000", "2012-09-30": "164.80000", "2012-06-30": "163.90000", "2012-03-31": "162.30000", "2011-12-31": "158.00000", "2011-09-30": "160.20000", "2011-06-30": "160.70000", "2011-03-31": "161.70000", "2010-12-31": "161.20000", "2010-09-30": "161.50000", "2010-06-30": "161.60000", "2010-03-31": "159.90000", "2009-12-31": "160.10000", "2009-09-30": "160.20000", "2009-06-30": "159.80000", "2009-03-31": "158.30000", "2008-12-31": "167.90000", "2008-09-30": "166.20000", "2008-06-30": "169.90000", "2008-03-31": "175.70000", "2007-12-31": "182.70000", "2007-09-30": "182.30000", "2007-06-30": "182.80000", "2007-03-31": "179.30000", "2006-12-31": "182.90000", "2006-09-30": "181.40000", "2006-06-30": "184.20000", "2006-03-31": "185.00000", "2005-12-31": "189.10000", "2005-09-30": "188.70000", "2005-06-30": "190.30000", "2005-03-31": "191.60000"}, "Basic EPS": {"2020-09-30": "0.19000", "2020-06-30": "0.45000", "2020-03-31": "0.13000", "2019-12-31": "2.80000", "2019-09-30": "0.09000", "2019-06-30": "0.63000", "2019-03-31": "0.20000", "2018-12-31": "-0.51000", "2018-09-30": "0.61000", "2018-06-30": "-1.33000", "2018-03-31": "0.07000", "2017-12-31": "-0.46000", "2017-09-30": "0.87000", "2017-06-30": "0.74000", "2017-03-31": "-0.14000", "2016-12-31": "0.35000", "2016-09-30": "0.74000", "2016-06-30": "0.51000", "2016-03-31": "0.16000", "2015-12-31": "0.12000", "2015-09-30": "0.58000", "2015-06-30": "-2.03000", "2015-03-31": "0.24000", "2014-12-31": "0.19000", "2014-09-30": "0.09000", "2014-06-30": "0.54000", "2014-03-31": "0.32000", "2013-12-31": "1.20000", "2013-09-30": "0.59000", "2013-06-30": "0.52000", "2013-03-31": "0.37000", "2012-12-31": "1.51000", "2012-09-30": "0.55000", "2012-06-30": "0.64000", "2012-03-31": "0.32000", "2011-12-31": "-1.59000", "2011-09-30": "0.10000", "2011-06-30": "0.21000", "2011-03-31": "0.08000", "2010-12-31": "0.25000", "2010-09-30": "0.52000", "2010-06-30": "0.19000", "2010-03-31": "-0.12000", "2009-12-31": "-0.35000", "2009-09-30": "0.09000", "2009-06-30": "0.14000", "2009-03-31": "-0.09000", "2008-12-31": "0.35000", "2008-09-30": "0.49000", "2008-06-30": "0.26000", "2008-03-31": "0.28000", "2007-12-31": "0.50000", "2007-09-30": "0.29000", "2007-06-30": "0.54000", "2007-03-31": "0.19000", "2006-12-31": "0.96000", "2006-09-30": "0.50000", "2006-06-30": "0.43000", "2006-03-31": "0.23000", "2005-12-31": "0.82000", "2005-09-30": "1.20000", "2005-06-30": "0.68000", "2005-03-31": "0.16000"}, "EPS - Earnings Per Share": {"2020-09-30": "0.19000", "2020-06-30": "0.44000", "2020-03-31": "0.13000", "2019-12-31": "2.49000", "2019-09-30": "0.09000", "2019-06-30": "0.58000", "2019-03-31": "0.20000", "2018-12-31": "-0.45000", "2018-09-30": "0.56000", "2018-06-30": "-1.33000", "2018-03-31": "0.06000", "2017-12-31": "-0.33000", "2017-09-30": "0.77000", "2017-06-30": "0.67000", "2017-03-31": "-0.14000", "2016-12-31": "0.38000", "2016-09-30": "0.68000", "2016-06-30": "0.49000", "2016-03-31": "0.16000", "2015-12-31": "0.14000", "2015-09-30": "0.57000", "2015-06-30": "-2.03000", "2015-03-31": "0.23000", "2014-12-31": "0.19000", "2014-09-30": "0.09000", "2014-06-30": "0.53000", "2014-03-31": "0.31000", "2013-12-31": "1.17000", "2013-09-30": "0.58000", "2013-06-30": "0.51000", "2013-03-31": "0.36000", "2012-12-31": "1.48000", "2012-09-30": "0.53000", "2012-06-30": "0.62000", "2012-03-31": "0.31000", "2011-12-31": "-1.59000", "2011-09-30": "0.10000", "2011-06-30": "0.21000", "2011-03-31": "0.08000", "2010-12-31": "0.25000", "2010-09-30": "0.51000", "2010-06-30": "0.19000", "2010-03-31": "-0.12000", "2009-12-31": "-0.35000", "2009-09-30": "0.09000", "2009-06-30": "0.14000", "2009-03-31": "-0.09000", "2008-12-31": "0.35000", "2008-09-30": "0.48000", "2008-06-30": "0.26000", "2008-03-31": "0.27000", "2007-12-31": "0.48000", "2007-09-30": "0.29000", "2007-06-30": "0.54000", "2007-03-31": "0.19000", "2006-12-31": "0.96000", "2006-09-30": "0.49000", "2006-06-30": "0.42000", "2006-03-31": "0.22000", "2005-12-31": "0.79000", "2005-09-30": "1.18000", "2005-06-30": "0.67000", "2005-03-31": "0.16000"}}, "balance sheet": {"Cash On Hand": {"2019-12-31": "509.00000", "2018-12-31": "464.00000", "2017-12-31": "537.00000", "2016-12-31": "498.00000", "2015-12-31": "328.00000", "2014-12-31": "511.00000", "2013-12-31": "1642.00000", "2012-12-31": "1069.00000", "2011-12-31": "398.00000", "2010-12-31": "496.00000", "2009-12-31": "451.00000", "2008-12-31": "711.00000", "2007-12-31": "952.00000", "2006-12-31": "947.00000", "2005-12-31": "810.00000"}, "Receivables": {"2019-12-31": "1490.00000", "2018-12-31": "1356.00000", "2017-12-31": "1270.00000", "2016-12-31": "1282.00000", "2015-12-31": "1251.00000", "2014-12-31": "1404.00000", "2013-12-31": "1339.00000", "2012-12-31": "1086.00000", "2011-12-31": "1032.00000", "2010-12-31": "928.00000", "2009-12-31": "896.00000", "2008-12-31": "913.00000", "2007-12-31": "1167.00000", "2006-12-31": "1016.00000", "2005-12-31": "1305.00000"}, "Inventory": {"2019-12-31": "784.00000", "2018-12-31": "806.00000", "2017-12-31": "780.00000", "2016-12-31": "699.00000", "2015-12-31": "643.00000", "2014-12-31": "669.00000", "2013-12-31": "790.00000", "2012-12-31": "797.00000", "2011-12-31": "774.00000", "2010-12-31": "741.00000", "2009-12-31": "686.00000", "2008-12-31": "692.00000", "2007-12-31": "717.00000", "2006-12-31": "641.00000", "2005-12-31": "595.00000"}, "Pre-Paid Expenses": {"2019-12-31": "", "2018-12-31": "", "2017-12-31": "", "2016-12-31": "", "2015-12-31": "", "2014-12-31": "", "2013-12-31": "", "2012-12-31": "", "2011-12-31": "", "2010-12-31": "", "2009-12-31": "", "2008-12-31": "", "2007-12-31": "", "2006-12-31": "", "2005-12-31": ""}, "Other Current Assets": {"2019-12-31": "361.00000", "2018-12-31": "397.00000", "2017-12-31": "243.00000", "2016-12-31": "278.00000", "2015-12-31": "327.00000", "2014-12-31": "504.00000", "2013-12-31": "568.00000", "2012-12-31": "454.00000", "2011-12-31": "311.00000", "2010-12-31": "313.00000", "2009-12-31": "266.00000", "2008-12-31": "241.00000", "2007-12-31": "252.00000", "2006-12-31": "265.00000", "2005-12-31": "217.00000"}, "Total Current Assets": {"2019-12-31": "3144.00000", "2018-12-31": "3023.00000", "2017-12-31": "2830.00000", "2016-12-31": "2757.00000", "2015-12-31": "2549.00000", "2014-12-31": "3088.00000", "2013-12-31": "4339.00000", "2012-12-31": "3406.00000", "2011-12-31": "2515.00000", "2010-12-31": "2478.00000", "2009-12-31": "2299.00000", "2008-12-31": "2557.00000", "2007-12-31": "3088.00000", "2006-12-31": "3332.00000", "2005-12-31": "2927.00000"}, "Property, Plant, And Equipment": {"2019-12-31": "413.00000", "2018-12-31": "359.00000", "2017-12-31": "341.00000", "2016-12-31": "287.00000", "2015-12-31": "322.00000", "2014-12-31": "396.00000", "2013-12-31": "352.00000", "2012-12-31": "308.00000", "2011-12-31": "365.00000", "2010-12-31": "429.00000", "2009-12-31": "356.00000", "2008-12-31": "308.00000", "2007-12-31": "313.00000", "2006-12-31": "314.00000", "2005-12-31": "378.00000"}, "Long-Term Investments": {"2019-12-31": "", "2018-12-31": "", "2017-12-31": "", "2016-12-31": "", "2015-12-31": "", "2014-12-31": "", "2013-12-31": "", "2012-12-31": "", "2011-12-31": "", "2010-12-31": "", "2009-12-31": "", "2008-12-31": "", "2007-12-31": "", "2006-12-31": "", "2005-12-31": ""}, "Goodwill And Intangible Assets": {"2019-12-31": "3439.00000", "2018-12-31": "3287.00000", "2017-12-31": "3319.00000", "2016-12-31": "3399.00000", "2015-12-31": "3531.00000", "2014-12-31": "3686.00000", "2013-12-31": "2028.00000", "2012-12-31": "1307.00000", "2011-12-31": "1225.00000", "2010-12-31": "130.00000", "2009-12-31": "100.00000", "2008-12-31": "84.00000", "2007-12-31": "64.00000", "2006-12-31": "60.00000", "2005-12-31": "129.00000"}, "Other Long-Term Assets": {"2019-12-31": "601.00000", "2018-12-31": "504.00000", "2017-12-31": "586.00000", "2016-12-31": "561.00000", "2015-12-31": "521.00000", "2014-12-31": "496.00000", "2013-12-31": "470.00000", "2012-12-31": "448.00000", "2011-12-31": "433.00000", "2010-12-31": "408.00000", "2009-12-31": "478.00000", "2008-12-31": "410.00000", "2007-12-31": "329.00000", "2006-12-31": "272.00000", "2005-12-31": "355.00000"}, "Total Long-Term Assets": {"2019-12-31": "5843.00000", "2018-12-31": "4738.00000", "2017-12-31": "4824.00000", "2016-12-31": "4916.00000", "2015-12-31": "5086.00000", "2014-12-31": "5478.00000", "2013-12-31": "3769.00000", "2012-12-31": "2963.00000", "2011-12-31": "3076.00000", "2010-12-31": "1883.00000", "2009-12-31": "1795.00000", "2008-12-31": "1698.00000", "2007-12-31": "1692.00000", "2006-12-31": "1895.00000", "2005-12-31": "2360.00000"}, "Total Assets": {"2019-12-31": "8987.00000", "2018-12-31": "7761.00000", "2017-12-31": "7654.00000", "2016-12-31": "7673.00000", "2015-12-31": "7635.00000", "2014-12-31": "8566.00000", "2013-12-31": "8108.00000", "2012-12-31": "6369.00000", "2011-12-31": "5591.00000", "2010-12-31": "4361.00000", "2009-12-31": "4094.00000", "2008-12-31": "4255.00000", "2007-12-31": "4780.00000", "2006-12-31": "5227.00000", "2005-12-31": "5287.00000"}, "Total Current Liabilities": {"2019-12-31": "2538.00000", "2018-12-31": "2282.00000", "2017-12-31": "1889.00000", "2016-12-31": "1965.00000", "2015-12-31": "1781.00000", "2014-12-31": "2070.00000", "2013-12-31": "1881.00000", "2012-12-31": "1742.00000", "2011-12-31": "1559.00000", "2010-12-31": "1416.00000", "2009-12-31": "1382.00000", "2008-12-31": "1693.00000", "2007-12-31": "1530.00000", "2006-12-31": "1770.00000", "2005-12-31": "1645.00000"}, "Long Term Debt": {"2019-12-31": "3277.00000", "2018-12-31": "2980.00000", "2017-12-31": "2939.00000", "2016-12-31": "3001.00000", "2015-12-31": "3239.00000", "2014-12-31": "3431.00000", "2013-12-31": "3320.00000", "2012-12-31": "1891.00000", "2011-12-31": "852.00000", "2010-12-31": "10.00000", "2009-12-31": "11.00000", "2008-12-31": "7.00000", "2007-12-31": "307.00000", "2006-12-31": "306.00000", "2005-12-31": "305.00000"}, "Other Non-Current Liabilities": {"2019-12-31": "240.00000", "2018-12-31": "259.00000", "2017-12-31": "348.00000", "2016-12-31": "138.00000", "2015-12-31": "79.00000", "2014-12-31": "111.00000", "2013-12-31": "220.00000", "2012-12-31": "250.00000", "2011-12-31": "279.00000", "2010-12-31": "451.00000", "2009-12-31": "486.00000", "2008-12-31": "152.00000", "2007-12-31": "165.00000", "2006-12-31": "147.00000", "2005-12-31": "325.00000"}, "Total Long Term Liabilities": {"2019-12-31": "4947.00000", "2018-12-31": "4221.00000", "2017-12-31": "4233.00000", "2016-12-31": "4162.00000", "2015-12-31": "4330.00000", "2014-12-31": "4613.00000", "2013-12-31": "4444.00000", "2012-12-31": "3345.00000", "2011-12-31": "3212.00000", "2010-12-31": "2029.00000", "2009-12-31": "2120.00000", "2008-12-31": "2097.00000", "2007-12-31": "1493.00000", "2006-12-31": "1576.00000", "2005-12-31": "1607.00000"}, "Total Liabilities": {"2019-12-31": "7485.00000", "2018-12-31": "6503.00000", "2017-12-31": "6122.00000", "2016-12-31": "6127.00000", "2015-12-31": "6111.00000", "2014-12-31": "6683.00000", "2013-12-31": "6325.00000", "2012-12-31": "5087.00000", "2011-12-31": "4771.00000", "2010-12-31": "3445.00000", "2009-12-31": "3502.00000", "2008-12-31": "3790.00000", "2007-12-31": "3023.00000", "2006-12-31": "3346.00000", "2005-12-31": "3252.00000"}, "Common Stock Net": {"2019-12-31": "1.00000", "2018-12-31": "1.00000", "2017-12-31": "1.00000", "2016-12-31": "1.00000", "2015-12-31": "1.00000", "2014-12-31": "2.00000", "2013-12-31": "2.00000", "2012-12-31": "2.00000", "2011-12-31": "2.00000", "2010-12-31": "2.00000", "2009-12-31": "2.00000", "2008-12-31": "2.00000", "2007-12-31": "2.00000", "2006-12-31": "2.00000", "2005-12-31": "2.00000"}, "Retained Earnings (Accumulated Deficit)": {"2019-12-31": "1060.00000", "2018-12-31": "606.00000", "2017-12-31": "857.00000", "2016-12-31": "867.00000", "2015-12-31": "869.00000", "2014-12-31": "1563.00000", "2013-12-31": "1372.00000", "2012-12-31": "929.00000", "2011-12-31": "1988.00000", "2010-12-31": "1935.00000", "2009-12-31": "1801.00000", "2008-12-31": "1834.00000", "2007-12-31": "1608.00000", "2006-12-31": "1900.00000", "2005-12-31": "1518.00000"}, "Comprehensive Income": {"2019-12-31": "-269.00000", "2018-12-31": "-246.00000", "2017-12-31": "-199.00000", "2016-12-31": "-205.00000", "2015-12-31": "-150.00000", "2014-12-31": "-136.00000", "2013-12-31": "-38.00000", "2012-12-31": "-37.00000", "2011-12-31": "-1492.00000", "2010-12-31": "-1335.00000", "2009-12-31": "-1509.00000", "2008-12-31": "-1644.00000", "2007-12-31": "-536.00000", "2006-12-31": "-676.00000", "2005-12-31": "-279.00000"}, "Other Share Holders Equity": {"2019-12-31": "", "2018-12-31": "", "2017-12-31": "", "2016-12-31": "", "2015-12-31": "", "2014-12-31": "", "2013-12-31": "", "2012-12-31": "", "2011-12-31": "", "2010-12-31": "", "2009-12-31": "", "2008-12-31": "", "2007-12-31": "", "2006-12-31": "", "2005-12-31": ""}, "Share Holder Equity": {"2019-12-31": "1502.00000", "2018-12-31": "1258.00000", "2017-12-31": "1532.00000", "2016-12-31": "1546.00000", "2015-12-31": "1524.00000", "2014-12-31": "1883.00000", "2013-12-31": "1783.00000", "2012-12-31": "1282.00000", "2011-12-31": "820.00000", "2010-12-31": "916.00000", "2009-12-31": "592.00000", "2008-12-31": "465.00000", "2007-12-31": "1757.00000", "2006-12-31": "1881.00000", "2005-12-31": "2035.00000"}, "Total Liabilities And Share Holders Equity": {"2019-12-31": "8987.00000", "2018-12-31": "7761.00000", "2017-12-31": "7654.00000", "2016-12-31": "7673.00000", "2015-12-31": "7635.00000", "2014-12-31": "8566.00000", "2013-12-31": "8108.00000", "2012-12-31": "6369.00000", "2011-12-31": "5591.00000", "2010-12-31": "4361.00000", "2009-12-31": "4094.00000", "2008-12-31": "4255.00000", "2007-12-31": "4780.00000", "2006-12-31": "5227.00000", "2005-12-31": "5287.00000"}}, "balance sheet, quarterly": {"Cash On Hand": {"2020-09-30": "1605.00000", "2020-06-30": "1681.00000", "2020-03-31": "1214.00000", "2019-12-31": "509.00000", "2019-09-30": "388.00000", "2019-06-30": "335.00000", "2019-03-31": "414.00000", "2018-12-31": "464.00000", "2018-09-30": "334.00000", "2018-06-30": "343.00000", "2018-03-31": "348.00000", "2017-12-31": "537.00000", "2017-09-30": "405.00000", "2017-06-30": "377.00000", "2017-03-31": "401.00000", "2016-12-31": "498.00000", "2016-09-30": "318.00000", "2016-06-30": "332.00000", "2016-03-31": "333.00000", "2015-12-31": "328.00000", "2015-09-30": "303.00000", "2015-06-30": "425.00000", "2015-03-31": "462.00000", "2014-12-31": "511.00000", "2014-09-30": "424.00000", "2014-06-30": "483.00000", "2014-03-31": "515.00000", "2013-12-31": "1642.00000", "2013-09-30": "460.00000", "2013-06-30": "460.00000", "2013-03-31": "483.00000", "2012-12-31": "1069.00000", "2012-09-30": "581.00000", "2012-06-30": "377.00000", "2012-03-31": "414.00000", "2011-12-31": "398.00000", "2011-09-30": "341.00000", "2011-06-30": "457.00000", "2011-03-31": "480.00000", "2010-12-31": "496.00000", "2010-09-30": "360.00000", "2010-06-30": "447.00000", "2010-03-31": "408.00000", "2009-12-31": "451.00000", "2009-09-30": "419.00000", "2009-06-30": "407.00000", "2009-03-31": "717.00000", "2008-12-31": "711.00000", "2008-09-30": "733.00000", "2008-06-30": "754.00000", "2008-03-31": "851.00000", "2007-12-31": "952.00000", "2007-09-30": "1033.00000", "2007-06-30": "1139.00000", "2007-03-31": "1080.00000", "2006-12-31": "947.00000", "2006-09-30": "761.00000", "2006-06-30": "747.00000", "2006-03-31": "746.00000", "2005-12-31": "810.00000", "2005-09-30": "740.00000", "2005-06-30": "724.00000", "2005-03-31": "655.00000"}, "Receivables": {"2020-09-30": "1248.00000", "2020-06-30": "1249.00000", "2020-03-31": "1353.00000", "2019-12-31": "1490.00000", "2019-09-30": "1487.00000", "2019-06-30": "1430.00000", "2019-03-31": "1335.00000", "2018-12-31": "1356.00000", "2018-09-30": "1309.00000", "2018-06-30": "1272.00000", "2018-03-31": "1338.00000", "2017-12-31": "1270.00000", "2017-09-30": "1408.00000", "2017-06-30": "1321.00000", "2017-03-31": "1298.00000", "2016-12-31": "1282.00000", "2016-09-30": "1387.00000", "2016-06-30": "1362.00000", "2016-03-31": "1306.00000", "2015-12-31": "1251.00000", "2015-09-30": "1424.00000", "2015-06-30": "1425.00000", "2015-03-31": "1415.00000", "2014-12-31": "1404.00000", "2014-09-30": "1454.00000", "2014-06-30": "1464.00000", "2014-03-31": "1442.00000", "2013-12-31": "1339.00000", "2013-09-30": "1349.00000", "2013-06-30": "1266.00000", "2013-03-31": "1193.00000", "2012-12-31": "1086.00000", "2012-09-30": "1124.00000", "2012-06-30": "1078.00000", "2012-03-31": "1065.00000", "2011-12-31": "1032.00000", "2011-09-30": "1128.00000", "2011-06-30": "980.00000", "2011-03-31": "946.00000", "2010-12-31": "928.00000", "2010-09-30": "957.00000", "2010-06-30": "879.00000", "2010-03-31": "884.00000", "2009-12-31": "896.00000", "2009-09-30": "844.00000", "2009-06-30": "856.00000", "2009-03-31": "855.00000", "2008-12-31": "913.00000", "2008-09-30": "943.00000", "2008-06-30": "991.00000", "2008-03-31": "1048.00000", "2007-12-31": "1167.00000", "2007-09-30": "1014.00000", "2007-06-30": "1385.00000", "2007-03-31": "1324.00000", "2006-12-31": "1016.00000", "2006-09-30": "1306.00000", "2006-06-30": "1301.00000", "2006-03-31": "1290.00000", "2005-12-31": "1305.00000", "2005-09-30": "1270.00000", "2005-06-30": "1184.00000", "2005-03-31": "1284.00000"}, "Inventory": {"2020-09-30": "748.00000", "2020-06-30": "782.00000", "2020-03-31": "747.00000", "2019-12-31": "784.00000", "2019-09-30": "865.00000", "2019-06-30": "868.00000", "2019-03-31": "874.00000", "2018-12-31": "806.00000", "2018-09-30": "916.00000", "2018-06-30": "842.00000", "2018-03-31": "822.00000", "2017-12-31": "780.00000", "2017-09-30": "824.00000", "2017-06-30": "828.00000", "2017-03-31": "800.00000", "2016-12-31": "699.00000", "2016-09-30": "776.00000", "2016-06-30": "765.00000", "2016-03-31": "725.00000", "2015-12-31": "643.00000", "2015-09-30": "718.00000", "2015-06-30": "709.00000", "2015-03-31": "676.00000", "2014-12-31": "669.00000", "2014-09-30": "777.00000", "2014-06-30": "816.00000", "2014-03-31": "820.00000", "2013-12-31": "790.00000", "2013-09-30": "842.00000", "2013-06-30": "825.00000", "2013-03-31": "847.00000", "2012-12-31": "797.00000", "2012-09-30": "826.00000", "2012-06-30": "798.00000", "2012-03-31": "802.00000", "2011-12-31": "774.00000", "2011-09-30": "850.00000", "2011-06-30": "810.00000", "2011-03-31": "793.00000", "2010-12-31": "741.00000", "2010-09-30": "815.00000", "2010-06-30": "729.00000", "2010-03-31": "720.00000", "2009-12-31": "686.00000", "2009-09-30": "708.00000", "2009-06-30": "691.00000", "2009-03-31": "697.00000", "2008-12-31": "692.00000", "2008-09-30": "711.00000", "2008-06-30": "735.00000", "2008-03-31": "752.00000", "2007-12-31": "717.00000", "2007-09-30": "767.00000", "2007-06-30": "739.00000", "2007-03-31": "717.00000", "2006-12-31": "641.00000", "2006-09-30": "708.00000", "2006-06-30": "665.00000", "2006-03-31": "393.00000", "2005-12-31": "595.00000", "2005-09-30": "395.00000", "2005-06-30": "369.00000", "2005-03-31": "356.00000"}, "Pre-Paid Expenses": {"2020-09-30": "", "2020-06-30": "", "2020-03-31": "", "2019-12-31": "", "2019-09-30": "", "2019-06-30": "", "2019-03-31": "", "2018-12-31": "", "2018-09-30": "", "2018-06-30": "", "2018-03-31": "", "2017-12-31": "", "2017-09-30": "", "2017-06-30": "", "2017-03-31": "", "2016-12-31": "", "2016-09-30": "", "2016-06-30": "", "2016-03-31": "", "2015-12-31": "", "2015-09-30": "", "2015-06-30": "", "2015-03-31": "", "2014-12-31": "", "2014-09-30": "", "2014-06-30": "", "2014-03-31": "", "2013-12-31": "", "2013-09-30": "", "2013-06-30": "", "2013-03-31": "", "2012-12-31": "", "2012-09-30": "", "2012-06-30": "", "2012-03-31": "", "2011-12-31": "", "2011-09-30": "", "2011-06-30": "", "2011-03-31": "", "2010-12-31": "", "2010-09-30": "", "2010-06-30": "", "2010-03-31": "", "2009-12-31": "", "2009-09-30": "", "2009-06-30": "", "2009-03-31": "", "2008-12-31": "", "2008-09-30": "", "2008-06-30": "", "2008-03-31": "", "2007-12-31": "", "2007-09-30": "", "2007-06-30": "", "2007-03-31": "", "2006-12-31": "", "2006-09-30": "", "2006-06-30": "", "2006-03-31": "", "2005-12-31": "", "2005-09-30": "", "2005-06-30": "", "2005-03-31": ""}, "Other Current Assets": {"2020-09-30": "396.00000", "2020-06-30": "424.00000", "2020-03-31": "463.00000", "2019-12-31": "361.00000", "2019-09-30": "416.00000", "2019-06-30": "402.00000", "2019-03-31": "393.00000", "2018-12-31": "397.00000", "2018-09-30": "296.00000", "2018-06-30": "282.00000", "2018-03-31": "283.00000", "2017-12-31": "243.00000", "2017-09-30": "263.00000", "2017-06-30": "290.00000", "2017-03-31": "281.00000", "2016-12-31": "278.00000", "2016-09-30": "270.00000", "2016-06-30": "294.00000", "2016-03-31": "341.00000", "2015-12-31": "327.00000", "2015-09-30": "453.00000", "2015-06-30": "481.00000", "2015-03-31": "549.00000", "2014-12-31": "504.00000", "2014-09-30": "557.00000", "2014-06-30": "627.00000", "2014-03-31": "608.00000", "2013-12-31": "568.00000", "2013-09-30": "591.00000", "2013-06-30": "525.00000", "2013-03-31": "490.00000", "2012-12-31": "454.00000", "2012-09-30": "425.00000", "2012-06-30": "359.00000", "2012-03-31": "397.00000", "2011-12-31": "311.00000", "2011-09-30": "365.00000", "2011-06-30": "328.00000", "2011-03-31": "349.00000", "2010-12-31": "313.00000", "2010-09-30": "354.00000", "2010-06-30": "294.00000", "2010-03-31": "287.00000", "2009-12-31": "266.00000", "2009-09-30": "270.00000", "2009-06-30": "285.00000", "2009-03-31": "254.00000", "2008-12-31": "241.00000", "2008-09-30": "242.00000", "2008-06-30": "285.00000", "2008-03-31": "260.00000", "2007-12-31": "252.00000", "2007-09-30": "319.00000", "2007-06-30": "343.00000", "2007-03-31": "325.00000", "2006-12-31": "265.00000", "2006-09-30": "265.00000", "2006-06-30": "253.00000", "2006-03-31": "234.00000", "2005-12-31": "217.00000", "2005-09-30": "216.00000", "2005-06-30": "232.00000", "2005-03-31": "243.00000"}, "Total Current Assets": {"2020-09-30": "3997.00000", "2020-06-30": "4136.00000", "2020-03-31": "3777.00000", "2019-12-31": "3144.00000", "2019-09-30": "3156.00000", "2019-06-30": "3035.00000", "2019-03-31": "3016.00000", "2018-12-31": "3023.00000", "2018-09-30": "2855.00000", "2018-06-30": "2739.00000", "2018-03-31": "2791.00000", "2017-12-31": "2830.00000", "2017-09-30": "2900.00000", "2017-06-30": "2816.00000", "2017-03-31": "2780.00000", "2016-12-31": "2757.00000", "2016-09-30": "2751.00000", "2016-06-30": "2753.00000", "2016-03-31": "2705.00000", "2015-12-31": "2549.00000", "2015-09-30": "2898.00000", "2015-06-30": "3040.00000", "2015-03-31": "3102.00000", "2014-12-31": "3088.00000", "2014-09-30": "3212.00000", "2014-06-30": "3390.00000", "2014-03-31": "3385.00000", "2013-12-31": "4339.00000", "2013-09-30": "3242.00000", "2013-06-30": "3076.00000", "2013-03-31": "3013.00000", "2012-12-31": "3406.00000", "2012-09-30": "2956.00000", "2012-06-30": "2612.00000", "2012-03-31": "2678.00000", "2011-12-31": "2515.00000", "2011-09-30": "2684.00000", "2011-06-30": "2575.00000", "2011-03-31": "2568.00000", "2010-12-31": "2478.00000", "2010-09-30": "2486.00000", "2010-06-30": "2349.00000", "2010-03-31": "2299.00000", "2009-12-31": "2299.00000", "2009-09-30": "2241.00000", "2009-06-30": "2239.00000", "2009-03-31": "2523.00000", "2008-12-31": "2557.00000", "2008-09-30": "2629.00000", "2008-06-30": "2765.00000", "2008-03-31": "2911.00000", "2007-12-31": "3088.00000", "2007-09-30": "3133.00000", "2007-06-30": "3606.00000", "2007-03-31": "3446.00000", "2006-12-31": "3332.00000", "2006-09-30": "3040.00000", "2006-06-30": "2966.00000", "2006-03-31": "2663.00000", "2005-12-31": "2927.00000", "2005-09-30": "2621.00000", "2005-06-30": "2509.00000", "2005-03-31": "2538.00000"}, "Property, Plant, And Equipment": {"2020-09-30": "384.00000", "2020-06-30": "394.00000", "2020-03-31": "399.00000", "2019-12-31": "413.00000", "2019-09-30": "382.00000", "2019-06-30": "372.00000", "2019-03-31": "373.00000", "2018-12-31": "359.00000", "2018-09-30": "348.00000", "2018-06-30": "326.00000", "2018-03-31": "338.00000", "2017-12-31": "341.00000", "2017-09-30": "321.00000", "2017-06-30": "304.00000", "2017-03-31": "288.00000", "2016-12-31": "287.00000", "2016-09-30": "289.00000", "2016-06-30": "290.00000", "2016-03-31": "302.00000", "2015-12-31": "322.00000", "2015-09-30": "338.00000", "2015-06-30": "348.00000", "2015-03-31": "351.00000", "2014-12-31": "396.00000", "2014-09-30": "398.00000", "2014-06-30": "402.00000", "2014-03-31": "390.00000", "2013-12-31": "352.00000", "2013-09-30": "338.00000", "2013-06-30": "327.00000", "2013-03-31": "327.00000", "2012-12-31": "308.00000", "2012-09-30": "303.00000", "2012-06-30": "297.00000", "2012-03-31": "298.00000", "2011-12-31": "365.00000", "2011-09-30": "459.00000", "2011-06-30": "453.00000", "2011-03-31": "434.00000", "2010-12-31": "429.00000", "2010-09-30": "410.00000", "2010-06-30": "392.00000", "2010-03-31": "374.00000", "2009-12-31": "356.00000", "2009-09-30": "345.00000", "2009-06-30": "315.00000", "2009-03-31": "297.00000", "2008-12-31": "308.00000", "2008-09-30": "308.00000", "2008-06-30": "305.00000", "2008-03-31": "309.00000", "2007-12-31": "313.00000", "2007-09-30": "304.00000", "2007-06-30": "370.00000", "2007-03-31": "375.00000", "2006-12-31": "314.00000", "2006-09-30": "376.00000", "2006-06-30": "372.00000", "2006-03-31": "368.00000", "2005-12-31": "378.00000", "2005-09-30": "403.00000", "2005-06-30": "408.00000", "2005-03-31": "432.00000"}, "Long-Term Investments": {"2020-09-30": "", "2020-06-30": "", "2020-03-31": "", "2019-12-31": "", "2019-09-30": "", "2019-06-30": "", "2019-03-31": "", "2018-12-31": "", "2018-09-30": "", "2018-06-30": "", "2018-03-31": "", "2017-12-31": "", "2017-09-30": "", "2017-06-30": "", "2017-03-31": "", "2016-12-31": "", "2016-09-30": "", "2016-06-30": "", "2016-03-31": "", "2015-12-31": "", "2015-09-30": "", "2015-06-30": "", "2015-03-31": "", "2014-12-31": "", "2014-09-30": "", "2014-06-30": "", "2014-03-31": "", "2013-12-31": "", "2013-09-30": "", "2013-06-30": "", "2013-03-31": "", "2012-12-31": "", "2012-09-30": "", "2012-06-30": "", "2012-03-31": "", "2011-12-31": "", "2011-09-30": "", "2011-06-30": "", "2011-03-31": "", "2010-12-31": "", "2010-09-30": "", "2010-06-30": "", "2010-03-31": "", "2009-12-31": "", "2009-09-30": "", "2009-06-30": "", "2009-03-31": "", "2008-12-31": "", "2008-09-30": "", "2008-06-30": "", "2008-03-31": "", "2007-12-31": "", "2007-09-30": "", "2007-06-30": "", "2007-03-31": "", "2006-12-31": "", "2006-09-30": "", "2006-06-30": "", "2006-03-31": "", "2005-12-31": "", "2005-09-30": "", "2005-06-30": "", "2005-03-31": ""}, "Goodwill And Intangible Assets": {"2020-09-30": "3375.00000", "2020-06-30": "3385.00000", "2020-03-31": "3401.00000", "2019-12-31": "3439.00000", "2019-09-30": "3303.00000", "2019-06-30": "3260.00000", "2019-03-31": "3278.00000", "2018-12-31": "3287.00000", "2018-09-30": "3090.00000", "2018-06-30": "3107.00000", "2018-03-31": "3302.00000", "2017-12-31": "3319.00000", "2017-09-30": "3332.00000", "2017-06-30": "3354.00000", "2017-03-31": "3377.00000", "2016-12-31": "3399.00000", "2016-09-30": "3441.00000", "2016-06-30": "3470.00000", "2016-03-31": "3511.00000", "2015-12-31": "3531.00000", "2015-09-30": "3580.00000", "2015-06-30": "3621.00000", "2015-03-31": "3647.00000", "2014-12-31": "3686.00000", "2014-09-30": "3735.00000", "2014-06-30": "3785.00000", "2014-03-31": "3813.00000", "2013-12-31": "2028.00000", "2013-09-30": "1946.00000", "2013-06-30": "1945.00000", "2013-03-31": "1955.00000", "2012-12-31": "1307.00000", "2012-09-30": "1265.00000", "2012-06-30": "1234.00000", "2012-03-31": "1220.00000", "2011-12-31": "1225.00000", "2011-09-30": "1246.00000", "2011-06-30": "115.00000", "2011-03-31": "116.00000", "2010-12-31": "130.00000", "2010-09-30": "101.00000", "2010-06-30": "99.00000", "2010-03-31": "99.00000", "2009-12-31": "100.00000", "2009-09-30": "89.00000", "2009-06-30": "88.00000", "2009-03-31": "83.00000", "2008-12-31": "84.00000", "2008-09-30": "84.00000", "2008-06-30": "67.00000", "2008-03-31": "66.00000", "2007-12-31": "64.00000", "2007-09-30": "61.00000", "2007-06-30": "148.00000", "2007-03-31": "150.00000", "2006-12-31": "60.00000", "2006-09-30": "150.00000", "2006-06-30": "148.00000", "2006-03-31": "140.00000", "2005-12-31": "129.00000", "2005-09-30": "123.00000", "2005-06-30": "124.00000", "2005-03-31": "124.00000"}, "Other Long-Term Assets": {"2020-09-30": "661.00000", "2020-06-30": "656.00000", "2020-03-31": "632.00000", "2019-12-31": "601.00000", "2019-09-30": "572.00000", "2019-06-30": "522.00000", "2019-03-31": "497.00000", "2018-12-31": "504.00000", "2018-09-30": "591.00000", "2018-06-30": "593.00000", "2018-03-31": "607.00000", "2017-12-31": "586.00000", "2017-09-30": "587.00000", "2017-06-30": "575.00000", "2017-03-31": "561.00000", "2016-12-31": "561.00000", "2016-09-30": "552.00000", "2016-06-30": "544.00000", "2016-03-31": "526.00000", "2015-12-31": "521.00000", "2015-09-30": "551.00000", "2015-06-30": "545.00000", "2015-03-31": "534.00000", "2014-12-31": "496.00000", "2014-09-30": "514.00000", "2014-06-30": "505.00000", "2014-03-31": "493.00000", "2013-12-31": "470.00000", "2013-09-30": "436.00000", "2013-06-30": "428.00000", "2013-03-31": "450.00000", "2012-12-31": "448.00000", "2012-09-30": "438.00000", "2012-06-30": "412.00000", "2012-03-31": "424.00000", "2011-12-31": "433.00000", "2011-09-30": "428.00000", "2011-06-30": "408.00000", "2011-03-31": "416.00000", "2010-12-31": "408.00000", "2010-09-30": "431.00000", "2010-06-30": "440.00000", "2010-03-31": "471.00000", "2009-12-31": "478.00000", "2009-09-30": "365.00000", "2009-06-30": "381.00000", "2009-03-31": "387.00000", "2008-12-31": "410.00000", "2008-09-30": "407.00000", "2008-06-30": "376.00000", "2008-03-31": "331.00000", "2007-12-31": "329.00000", "2007-09-30": "330.00000", "2007-06-30": "428.00000", "2007-03-31": "402.00000", "2006-12-31": "272.00000", "2006-09-30": "380.00000", "2006-06-30": "366.00000", "2006-03-31": "348.00000", "2005-12-31": "355.00000", "2005-09-30": "306.00000", "2005-06-30": "298.00000", "2005-03-31": "288.00000"}, "Total Long-Term Assets": {"2020-09-30": "5831.00000", "2020-06-30": "5813.00000", "2020-03-31": "5778.00000", "2019-12-31": "5843.00000", "2019-09-30": "5295.00000", "2019-06-30": "5187.00000", "2019-03-31": "5182.00000", "2018-12-31": "4738.00000", "2018-09-30": "4650.00000", "2018-06-30": "4625.00000", "2018-03-31": "4850.00000", "2017-12-31": "4824.00000", "2017-09-30": "4950.00000", "2017-06-30": "4951.00000", "2017-03-31": "4945.00000", "2016-12-31": "4916.00000", "2016-09-30": "4960.00000", "2016-06-30": "4998.00000", "2016-03-31": "5047.00000", "2015-12-31": "5086.00000", "2015-09-30": "4989.00000", "2015-06-30": "5026.00000", "2015-03-31": "5411.00000", "2014-12-31": "5478.00000", "2014-09-30": "5398.00000", "2014-06-30": "5459.00000", "2014-03-31": "5443.00000", "2013-12-31": "3769.00000", "2013-09-30": "3636.00000", "2013-06-30": "3630.00000", "2013-03-31": "3642.00000", "2012-12-31": "2963.00000", "2012-09-30": "3078.00000", "2012-06-30": "3011.00000", "2012-03-31": "3012.00000", "2011-12-31": "3076.00000", "2011-09-30": "2996.00000", "2011-06-30": "1929.00000", "2011-03-31": "1904.00000", "2010-12-31": "1883.00000", "2010-09-30": "1832.00000", "2010-06-30": "1776.00000", "2010-03-31": "1805.00000", "2009-12-31": "1795.00000", "2009-09-30": "1663.00000", "2009-06-30": "1580.00000", "2009-03-31": "1618.00000", "2008-12-31": "1698.00000", "2008-09-30": "1777.00000", "2008-06-30": "1791.00000", "2008-03-31": "1745.00000", "2007-12-31": "1692.00000", "2007-09-30": "1614.00000", "2007-06-30": "2009.00000", "2007-03-31": "1973.00000", "2006-12-31": "1895.00000", "2006-09-30": "2621.00000", "2006-06-30": "2443.00000", "2006-03-31": "2652.00000", "2005-12-31": "2360.00000", "2005-09-30": "2813.00000", "2005-06-30": "2809.00000", "2005-03-31": "2860.00000"}, "Total Assets": {"2020-09-30": "9828.00000", "2020-06-30": "9949.00000", "2020-03-31": "9555.00000", "2019-12-31": "8987.00000", "2019-09-30": "8451.00000", "2019-06-30": "8222.00000", "2019-03-31": "8198.00000", "2018-12-31": "7761.00000", "2018-09-30": "7505.00000", "2018-06-30": "7364.00000", "2018-03-31": "7641.00000", "2017-12-31": "7654.00000", "2017-09-30": "7850.00000", "2017-06-30": "7767.00000", "2017-03-31": "7725.00000", "2016-12-31": "7673.00000", "2016-09-30": "7711.00000", "2016-06-30": "7751.00000", "2016-03-31": "7752.00000", "2015-12-31": "7635.00000", "2015-09-30": "7887.00000", "2015-06-30": "8066.00000", "2015-03-31": "8513.00000", "2014-12-31": "8566.00000", "2014-09-30": "8610.00000", "2014-06-30": "8849.00000", "2014-03-31": "8828.00000", "2013-12-31": "8108.00000", "2013-09-30": "6878.00000", "2013-06-30": "6706.00000", "2013-03-31": "6655.00000", "2012-12-31": "6369.00000", "2012-09-30": "6034.00000", "2012-06-30": "5623.00000", "2012-03-31": "5690.00000", "2011-12-31": "5591.00000", "2011-09-30": "5680.00000", "2011-06-30": "4504.00000", "2011-03-31": "4472.00000", "2010-12-31": "4361.00000", "2010-09-30": "4318.00000", "2010-06-30": "4125.00000", "2010-03-31": "4104.00000", "2009-12-31": "4094.00000", "2009-09-30": "3904.00000", "2009-06-30": "3819.00000", "2009-03-31": "4141.00000", "2008-12-31": "4255.00000", "2008-09-30": "4406.00000", "2008-06-30": "4556.00000", "2008-03-31": "4656.00000", "2007-12-31": "4780.00000", "2007-09-30": "4747.00000", "2007-06-30": "5615.00000", "2007-03-31": "5419.00000", "2006-12-31": "5227.00000", "2006-09-30": "5661.00000", "2006-06-30": "5409.00000", "2006-03-31": "5315.00000", "2005-12-31": "5287.00000", "2005-09-30": "5434.00000", "2005-06-30": "5318.00000", "2005-03-31": "5398.00000"}, "Total Current Liabilities": {"2020-09-30": "2278.00000", "2020-06-30": "2294.00000", "2020-03-31": "2406.00000", "2019-12-31": "2538.00000", "2019-09-30": "2346.00000", "2019-06-30": "2303.00000", "2019-03-31": "2381.00000", "2018-12-31": "2282.00000", "2018-09-30": "2004.00000", "2018-06-30": "1879.00000", "2018-03-31": "1844.00000", "2017-12-31": "1889.00000", "2017-09-30": "2046.00000", "2017-06-30": "2113.00000", "2017-03-31": "2159.00000", "2016-12-31": "1965.00000", "2016-09-30": "2002.00000", "2016-06-30": "2017.00000", "2016-03-31": "1984.00000", "2015-12-31": "1781.00000", "2015-09-30": "1835.00000", "2015-06-30": "1910.00000", "2015-03-31": "2024.00000", "2014-12-31": "2070.00000", "2014-09-30": "2008.00000", "2014-06-30": "1976.00000", "2014-03-31": "2008.00000", "2013-12-31": "1881.00000", "2013-09-30": "1753.00000", "2013-06-30": "1838.00000", "2013-03-31": "1837.00000", "2012-12-31": "1742.00000", "2012-09-30": "1730.00000", "2012-06-30": "1645.00000", "2012-03-31": "1673.00000", "2011-12-31": "1559.00000", "2011-09-30": "1636.00000", "2011-06-30": "1518.00000", "2011-03-31": "1504.00000", "2010-12-31": "1416.00000", "2010-09-30": "1461.00000", "2010-06-30": "1370.00000", "2010-03-31": "1398.00000", "2009-12-31": "1382.00000", "2009-09-30": "1326.00000", "2009-06-30": "1312.00000", "2009-03-31": "1638.00000", "2008-12-31": "1693.00000", "2008-09-30": "1718.00000", "2008-06-30": "1775.00000", "2008-03-31": "1457.00000", "2007-12-31": "1530.00000", "2007-09-30": "1512.00000", "2007-06-30": "1836.00000", "2007-03-31": "1821.00000", "2006-12-31": "1770.00000", "2006-09-30": "1707.00000", "2006-06-30": "1640.00000", "2006-03-31": "1609.00000", "2005-12-31": "1645.00000", "2005-09-30": "1666.00000", "2005-06-30": "1553.00000", "2005-03-31": "1617.00000"}, "Long Term Debt": {"2020-09-30": "4266.00000", "2020-06-30": "4473.00000", "2020-03-31": "4081.00000", "2019-12-31": "3277.00000", "2019-09-30": "3422.00000", "2019-06-30": "2918.00000", "2019-03-31": "2914.00000", "2018-12-31": "2980.00000", "2018-09-30": "2881.00000", "2018-06-30": "2952.00000", "2018-03-31": "3038.00000", "2017-12-31": "2939.00000", "2017-09-30": "2984.00000", "2017-06-30": "3015.00000", "2017-03-31": "3076.00000", "2016-12-31": "3001.00000", "2016-09-30": "3033.00000", "2016-06-30": "3198.00000", "2016-03-31": "3269.00000", "2015-12-31": "3239.00000", "2015-09-30": "3243.00000", "2015-06-30": "3415.00000", "2015-03-31": "3443.00000", "2014-12-31": "3431.00000", "2014-09-30": "3660.00000", "2014-06-30": "3840.00000", "2014-03-31": "3885.00000", "2013-12-31": "3320.00000", "2013-09-30": "2212.00000", "2013-06-30": "2079.00000", "2013-03-31": "2014.00000", "2012-12-31": "1891.00000", "2012-09-30": "1408.00000", "2012-06-30": "701.00000", "2012-03-31": "809.00000", "2011-12-31": "852.00000", "2011-09-30": "1061.00000", "2011-06-30": "10.00000", "2011-03-31": "10.00000", "2010-12-31": "10.00000", "2010-09-30": "10.00000", "2010-06-30": "10.00000", "2010-03-31": "11.00000", "2009-12-31": "11.00000", "2009-09-30": "11.00000", "2009-06-30": "7.00000", "2009-03-31": "7.00000", "2008-12-31": "7.00000", "2008-09-30": "7.00000", "2008-06-30": "8.00000", "2008-03-31": "308.00000", "2007-12-31": "307.00000", "2007-09-30": "307.00000", "2007-06-30": "306.00000", "2007-03-31": "306.00000", "2006-12-31": "306.00000", "2006-09-30": "306.00000", "2006-06-30": "305.00000", "2006-03-31": "305.00000", "2005-12-31": "305.00000", "2005-09-30": "306.00000", "2005-06-30": "306.00000", "2005-03-31": "306.00000"}, "Other Non-Current Liabilities": {"2020-09-30": "253.00000", "2020-06-30": "345.00000", "2020-03-31": "244.00000", "2019-12-31": "240.00000", "2019-09-30": "195.00000", "2019-06-30": "186.00000", "2019-03-31": "277.00000", "2018-12-31": "259.00000", "2018-09-30": "379.00000", "2018-06-30": "385.00000", "2018-03-31": "245.00000", "2017-12-31": "348.00000", "2017-09-30": "335.00000", "2017-06-30": "301.00000", "2017-03-31": "143.00000", "2016-12-31": "138.00000", "2016-09-30": "151.00000", "2016-06-30": "141.00000", "2016-03-31": "139.00000", "2015-12-31": "79.00000", "2015-09-30": "82.00000", "2015-06-30": "83.00000", "2015-03-31": "101.00000", "2014-12-31": "111.00000", "2014-09-30": "313.00000", "2014-06-30": "366.00000", "2014-03-31": "203.00000", "2013-12-31": "220.00000", "2013-09-30": "236.00000", "2013-06-30": "237.00000", "2013-03-31": "265.00000", "2012-12-31": "250.00000", "2012-09-30": "411.00000", "2012-06-30": "399.00000", "2012-03-31": "392.00000", "2011-12-31": "279.00000", "2011-09-30": "251.00000", "2011-06-30": "261.00000", "2011-03-31": "418.00000", "2010-12-31": "451.00000", "2010-09-30": "311.00000", "2010-06-30": "312.00000", "2010-03-31": "309.00000", "2009-12-31": "486.00000", "2009-09-30": "101.00000", "2009-06-30": "125.00000", "2009-03-31": "141.00000", "2008-12-31": "152.00000", "2008-09-30": "114.00000", "2008-06-30": "127.00000", "2008-03-31": "158.00000", "2007-12-31": "165.00000", "2007-09-30": "162.00000", "2007-06-30": "174.00000", "2007-03-31": "147.00000", "2006-12-31": "147.00000", "2006-09-30": "141.00000", "2006-06-30": "159.00000", "2006-03-31": "151.00000", "2005-12-31": "325.00000", "2005-09-30": "157.00000", "2005-06-30": "156.00000", "2005-03-31": "159.00000"}, "Total Long Term Liabilities": {"2020-09-30": "6351.00000", "2020-06-30": "6532.00000", "2020-03-31": "6122.00000", "2019-12-31": "5342.00000", "2019-09-30": "4985.00000", "2019-06-30": "4488.00000", "2019-03-31": "4491.00000", "2018-12-31": "4221.00000", "2018-09-30": "4207.00000", "2018-06-30": "4277.00000", "2018-03-31": "4373.00000", "2017-12-31": "4233.00000", "2017-09-30": "4231.00000", "2017-06-30": "4221.00000", "2017-03-31": "4255.00000", "2016-12-31": "4162.00000", "2016-09-30": "4199.00000", "2016-06-30": "4352.00000", "2016-03-31": "4421.00000", "2015-12-31": "4330.00000", "2015-09-30": "4377.00000", "2015-06-30": "4558.00000", "2015-03-31": "4583.00000", "2014-12-31": "4613.00000", "2014-09-30": "4670.00000", "2014-06-30": "4919.00000", "2014-03-31": "4986.00000", "2013-12-31": "4444.00000", "2013-09-30": "3550.00000", "2013-06-30": "3400.00000", "2013-03-31": "3444.00000", "2012-12-31": "3345.00000", "2012-09-30": "3282.00000", "2012-06-30": "2996.00000", "2012-03-31": "3139.00000", "2011-12-31": "3212.00000", "2011-09-30": "2984.00000", "2011-06-30": "1990.00000", "2011-03-31": "2018.00000", "2010-12-31": "2029.00000", "2010-09-30": "2040.00000", "2010-06-30": "2046.00000", "2010-03-31": "2085.00000", "2009-12-31": "2120.00000", "2009-09-30": "2099.00000", "2009-06-30": "2031.00000", "2009-03-31": "2054.00000", "2008-12-31": "2097.00000", "2008-09-30": "1185.00000", "2008-06-30": "1195.00000", "2008-03-31": "1532.00000", "2007-12-31": "1493.00000", "2007-09-30": "1468.00000", "2007-06-30": "1632.00000", "2007-03-31": "1617.00000", "2006-12-31": "1576.00000", "2006-09-30": "1561.00000", "2006-06-30": "1648.00000", "2006-03-31": "1645.00000", "2005-12-31": "1607.00000", "2005-09-30": "1537.00000", "2005-06-30": "1673.00000", "2005-03-31": "1731.00000"}, "Total Liabilities": {"2020-09-30": "8629.00000", "2020-06-30": "8826.00000", "2020-03-31": "8528.00000", "2019-12-31": "7880.00000", "2019-09-30": "7331.00000", "2019-06-30": "6791.00000", "2019-03-31": "6872.00000", "2018-12-31": "6503.00000", "2018-09-30": "6211.00000", "2018-06-30": "6156.00000", "2018-03-31": "6217.00000", "2017-12-31": "6122.00000", "2017-09-30": "6277.00000", "2017-06-30": "6334.00000", "2017-03-31": "6414.00000", "2016-12-31": "6127.00000", "2016-09-30": "6201.00000", "2016-06-30": "6369.00000", "2016-03-31": "6405.00000", "2015-12-31": "6111.00000", "2015-09-30": "6212.00000", "2015-06-30": "6468.00000", "2015-03-31": "6607.00000", "2014-12-31": "6683.00000", "2014-09-30": "6678.00000", "2014-06-30": "6895.00000", "2014-03-31": "6994.00000", "2013-12-31": "6325.00000", "2013-09-30": "5303.00000", "2013-06-30": "5238.00000", "2013-03-31": "5281.00000", "2012-12-31": "5087.00000", "2012-09-30": "5012.00000", "2012-06-30": "4641.00000", "2012-03-31": "4812.00000", "2011-12-31": "4771.00000", "2011-09-30": "4620.00000", "2011-06-30": "3508.00000", "2011-03-31": "3522.00000", "2010-12-31": "3445.00000", "2010-09-30": "3501.00000", "2010-06-30": "3416.00000", "2010-03-31": "3483.00000", "2009-12-31": "3502.00000", "2009-09-30": "3425.00000", "2009-06-30": "3343.00000", "2009-03-31": "3692.00000", "2008-12-31": "3790.00000", "2008-09-30": "2903.00000", "2008-06-30": "2970.00000", "2008-03-31": "2989.00000", "2007-12-31": "3023.00000", "2007-09-30": "2980.00000", "2007-06-30": "3468.00000", "2007-03-31": "3438.00000", "2006-12-31": "3346.00000", "2006-09-30": "3268.00000", "2006-06-30": "3288.00000", "2006-03-31": "3254.00000", "2005-12-31": "3252.00000", "2005-09-30": "3203.00000", "2005-06-30": "3226.00000", "2005-03-31": "3348.00000"}, "Common Stock Net": {"2020-09-30": "1.00000", "2020-06-30": "1.00000", "2020-03-31": "1.00000", "2019-12-31": "1.00000", "2019-09-30": "1.00000", "2019-06-30": "1.00000", "2019-03-31": "1.00000", "2018-12-31": "1.00000", "2018-09-30": "1.00000", "2018-06-30": "1.00000", "2018-03-31": "1.00000", "2017-12-31": "1.00000", "2017-09-30": "1.00000", "2017-06-30": "1.00000", "2017-03-31": "1.00000", "2016-12-31": "1.00000", "2016-09-30": "1.00000", "2016-06-30": "1.00000", "2016-03-31": "1.00000", "2015-12-31": "1.00000", "2015-09-30": "2.00000", "2015-06-30": "2.00000", "2015-03-31": "2.00000", "2014-12-31": "2.00000", "2014-09-30": "2.00000", "2014-06-30": "2.00000", "2014-03-31": "2.00000", "2013-12-31": "2.00000", "2013-09-30": "2.00000", "2013-06-30": "2.00000", "2013-03-31": "2.00000", "2012-12-31": "2.00000", "2012-09-30": "2.00000", "2012-06-30": "2.00000", "2012-03-31": "2.00000", "2011-12-31": "2.00000", "2011-09-30": "2.00000", "2011-06-30": "2.00000", "2011-03-31": "2.00000", "2010-12-31": "2.00000", "2010-09-30": "2.00000", "2010-06-30": "2.00000", "2010-03-31": "2.00000", "2009-12-31": "2.00000", "2009-09-30": "2.00000", "2009-06-30": "2.00000", "2009-03-31": "2.00000", "2008-12-31": "2.00000", "2008-09-30": "2.00000", "2008-06-30": "2.00000", "2008-03-31": "2.00000", "2007-12-31": "2.00000", "2007-09-30": "2.00000", "2007-06-30": "2.00000", "2007-03-31": "2.00000", "2006-12-31": "2.00000", "2006-09-30": "2.00000", "2006-06-30": "2.00000", "2006-03-31": "2.00000", "2005-12-31": "2.00000", "2005-09-30": "2.00000", "2005-06-30": "2.00000", "2005-03-31": "2.00000"}, "Retained Earnings (Accumulated Deficit)": {"2020-09-30": "1159.00000", "2020-06-30": "1134.00000", "2020-03-31": "1077.00000", "2019-12-31": "1060.00000", "2019-09-30": "717.00000", "2019-06-30": "706.00000", "2019-03-31": "630.00000", "2018-12-31": "606.00000", "2018-09-30": "666.00000", "2018-06-30": "594.00000", "2018-03-31": "782.00000", "2017-12-31": "857.00000", "2017-09-30": "913.00000", "2017-06-30": "806.00000", "2017-03-31": "716.00000", "2016-12-31": "867.00000", "2016-09-30": "822.00000", "2016-06-30": "730.00000", "2016-03-31": "687.00000", "2015-12-31": "869.00000", "2015-09-30": "1357.00000", "2015-06-30": "1259.00000", "2015-03-31": "1603.00000", "2014-12-31": "1563.00000", "2014-09-30": "1530.00000", "2014-06-30": "1515.00000", "2014-03-31": "1425.00000", "2013-12-31": "1372.00000", "2013-09-30": "1174.00000", "2013-06-30": "1231.00000", "2013-03-31": "1145.00000", "2012-12-31": "929.00000", "2012-09-30": "2154.00000", "2012-06-30": "2097.00000", "2012-03-31": "2017.00000", "2011-12-31": "1988.00000", "2011-09-30": "1997.00000", "2011-06-30": "1981.00000", "2011-03-31": "1948.00000", "2010-12-31": "1935.00000", "2010-09-30": "1896.00000", "2010-06-30": "1813.00000", "2010-03-31": "1782.00000", "2009-12-31": "1801.00000", "2009-09-30": "1857.00000", "2009-06-30": "1842.00000", "2009-03-31": "1819.00000", "2008-12-31": "1834.00000", "2008-09-30": "1780.00000", "2008-06-30": "1700.00000", "2008-03-31": "1656.00000", "2007-12-31": "1608.00000", "2007-09-30": "1524.00000", "2007-06-30": "2032.00000", "2007-03-31": "1941.00000", "2006-12-31": "1900.00000", "2006-09-30": "1725.00000", "2006-06-30": "1637.00000", "2006-03-31": "1559.00000", "2005-12-31": "1518.00000", "2005-09-30": "1368.00000", "2005-06-30": "1146.00000", "2005-03-31": "1019.00000"}, "Comprehensive Income": {"2020-09-30": "-297.00000", "2020-06-30": "-315.00000", "2020-03-31": "-329.00000", "2019-12-31": "-269.00000", "2019-09-30": "-261.00000", "2019-06-30": "-241.00000", "2019-03-31": "-230.00000", "2018-12-31": "-246.00000", "2018-09-30": "-242.00000", "2018-06-30": "-224.00000", "2018-03-31": "-184.00000", "2017-12-31": "-199.00000", "2017-09-30": "-188.00000", "2017-06-30": "-190.00000", "2017-03-31": "-187.00000", "2016-12-31": "-205.00000", "2016-09-30": "-172.00000", "2016-06-30": "-176.00000", "2016-03-31": "-158.00000", "2015-12-31": "-150.00000", "2015-09-30": "-175.00000", "2015-06-30": "-137.00000", "2015-03-31": "-158.00000", "2014-12-31": "-136.00000", "2014-09-30": "-60.00000", "2014-06-30": "-14.00000", "2014-03-31": "-33.00000", "2013-12-31": "-38.00000", "2013-09-30": "-73.00000", "2013-06-30": "-222.00000", "2013-03-31": "-192.00000", "2012-12-31": "-37.00000", "2012-09-30": "-1507.00000", "2012-06-30": "-1468.00000", "2012-03-31": "-1475.00000", "2011-12-31": "-1492.00000", "2011-09-30": "-1229.00000", "2011-06-30": "-1263.00000", "2011-03-31": "-1296.00000", "2010-12-31": "-1335.00000", "2010-09-30": "-1386.00000", "2010-06-30": "-1419.00000", "2010-03-31": "-1465.00000", "2009-12-31": "-1509.00000", "2009-09-30": "-1672.00000", "2009-06-30": "-1655.00000", "2009-03-31": "-1649.00000", "2008-12-31": "-1644.00000", "2008-09-30": "-574.00000", "2008-06-30": "-505.00000", "2008-03-31": "-494.00000", "2007-12-31": "-536.00000", "2007-09-30": "-508.00000", "2007-06-30": "-607.00000", "2007-03-31": "-649.00000", "2006-12-31": "-676.00000", "2006-09-30": "41.00000", "2006-06-30": "-220.00000", "2006-03-31": "-266.00000", "2005-12-31": "-279.00000", "2005-09-30": "29.00000", "2005-06-30": "27.00000", "2005-03-31": "59.00000"}, "Other Share Holders Equity": {"2020-09-30": "", "2020-06-30": "", "2020-03-31": "", "2019-12-31": "", "2019-09-30": "", "2019-06-30": "", "2019-03-31": "", "2018-12-31": "", "2018-09-30": "", "2018-06-30": "", "2018-03-31": "", "2017-12-31": "", "2017-09-30": "", "2017-06-30": "", "2017-03-31": "", "2016-12-31": "", "2016-09-30": "", "2016-06-30": "", "2016-03-31": "", "2015-12-31": "", "2015-09-30": "", "2015-06-30": "", "2015-03-31": "", "2014-12-31": "", "2014-09-30": "", "2014-06-30": "", "2014-03-31": "", "2013-12-31": "", "2013-09-30": "", "2013-06-30": "", "2013-03-31": "", "2012-12-31": "", "2012-09-30": "", "2012-06-30": "", "2012-03-31": "", "2011-12-31": "", "2011-09-30": "", "2011-06-30": "", "2011-03-31": "", "2010-12-31": "", "2010-09-30": "", "2010-06-30": "", "2010-03-31": "", "2009-12-31": "", "2009-09-30": "", "2009-06-30": "", "2009-03-31": "", "2008-12-31": "", "2008-09-30": "", "2008-06-30": "", "2008-03-31": "", "2007-12-31": "", "2007-09-30": "", "2007-06-30": "", "2007-03-31": "", "2006-12-31": "", "2006-09-30": "", "2006-06-30": "", "2006-03-31": "", "2005-12-31": "", "2005-09-30": "", "2005-06-30": "", "2005-03-31": ""}, "Share Holder Equity": {"2020-09-30": "1199.00000", "2020-06-30": "1123.00000", "2020-03-31": "1027.00000", "2019-12-31": "1107.00000", "2019-09-30": "1120.00000", "2019-06-30": "1431.00000", "2019-03-31": "1326.00000", "2018-12-31": "1258.00000", "2018-09-30": "1294.00000", "2018-06-30": "1208.00000", "2018-03-31": "1424.00000", "2017-12-31": "1532.00000", "2017-09-30": "1573.00000", "2017-06-30": "1433.00000", "2017-03-31": "1311.00000", "2016-12-31": "1546.00000", "2016-09-30": "1510.00000", "2016-06-30": "1382.00000", "2016-03-31": "1347.00000", "2015-12-31": "1524.00000", "2015-09-30": "1675.00000", "2015-06-30": "1598.00000", "2015-03-31": "1906.00000", "2014-12-31": "1883.00000", "2014-09-30": "1932.00000", "2014-06-30": "1954.00000", "2014-03-31": "1834.00000", "2013-12-31": "1783.00000", "2013-09-30": "1575.00000", "2013-06-30": "1468.00000", "2013-03-31": "1374.00000", "2012-12-31": "1282.00000", "2012-09-30": "1022.00000", "2012-06-30": "982.00000", "2012-03-31": "878.00000", "2011-12-31": "820.00000", "2011-09-30": "1060.00000", "2011-06-30": "996.00000", "2011-03-31": "950.00000", "2010-12-31": "916.00000", "2010-09-30": "817.00000", "2010-06-30": "709.00000", "2010-03-31": "621.00000", "2009-12-31": "592.00000", "2009-09-30": "479.00000", "2009-06-30": "476.00000", "2009-03-31": "449.00000", "2008-12-31": "465.00000", "2008-09-30": "1503.00000", "2008-06-30": "1586.00000", "2008-03-31": "1667.00000", "2007-12-31": "1757.00000", "2007-09-30": "1767.00000", "2007-06-30": "2147.00000", "2007-03-31": "1981.00000", "2006-12-31": "1881.00000", "2006-09-30": "2393.00000", "2006-06-30": "2121.00000", "2006-03-31": "2061.00000", "2005-12-31": "2035.00000", "2005-09-30": "2231.00000", "2005-06-30": "2092.00000", "2005-03-31": "2050.00000"}, "Total Liabilities And Share Holders Equity": {"2020-09-30": "9828.00000", "2020-06-30": "9949.00000", "2020-03-31": "9555.00000", "2019-12-31": "8987.00000", "2019-09-30": "8451.00000", "2019-06-30": "8222.00000", "2019-03-31": "8198.00000", "2018-12-31": "7761.00000", "2018-09-30": "7505.00000", "2018-06-30": "7364.00000", "2018-03-31": "7641.00000", "2017-12-31": "7654.00000", "2017-09-30": "7850.00000", "2017-06-30": "7767.00000", "2017-03-31": "7725.00000", "2016-12-31": "7673.00000", "2016-09-30": "7711.00000", "2016-06-30": "7751.00000", "2016-03-31": "7752.00000", "2015-12-31": "7635.00000", "2015-09-30": "7887.00000", "2015-06-30": "8066.00000", "2015-03-31": "8513.00000", "2014-12-31": "8566.00000", "2014-09-30": "8610.00000", "2014-06-30": "8849.00000", "2014-03-31": "8828.00000", "2013-12-31": "8108.00000", "2013-09-30": "6878.00000", "2013-06-30": "6706.00000", "2013-03-31": "6655.00000", "2012-12-31": "6369.00000", "2012-09-30": "6034.00000", "2012-06-30": "5623.00000", "2012-03-31": "5690.00000", "2011-12-31": "5591.00000", "2011-09-30": "5680.00000", "2011-06-30": "4504.00000", "2011-03-31": "4472.00000", "2010-12-31": "4361.00000", "2010-09-30": "4318.00000", "2010-06-30": "4125.00000", "2010-03-31": "4104.00000", "2009-12-31": "4094.00000", "2009-09-30": "3904.00000", "2009-06-30": "3819.00000", "2009-03-31": "4141.00000", "2008-12-31": "4255.00000", "2008-09-30": "4406.00000", "2008-06-30": "4556.00000", "2008-03-31": "4656.00000", "2007-12-31": "4780.00000", "2007-09-30": "4747.00000", "2007-06-30": "5615.00000", "2007-03-31": "5419.00000", "2006-12-31": "5227.00000", "2006-09-30": "5661.00000", "2006-06-30": "5409.00000", "2006-03-31": "5315.00000", "2005-12-31": "5287.00000", "2005-09-30": "5434.00000", "2005-06-30": "5318.00000", "2005-03-31": "5398.00000"}}, "cash flow statement": {"Net Income/Loss": {"2019-12-31": "564.00000", "2018-12-31": "-86.00000", "2017-12-31": "235.00000", "2016-12-31": "274.00000", "2015-12-31": "-174.00000", "2014-12-31": "195.00000", "2013-12-31": "447.00000", "2012-12-31": "481.00000", "2011-12-31": "-191.00000", "2010-12-31": "137.00000", "2009-12-31": "-30.00000", "2008-12-31": "227.00000", "2007-12-31": "274.00000", "2006-12-31": "382.00000", "2005-12-31": "529.00000"}, "Total Depreciation And Amortization - Cash Flow": {"2019-12-31": "333.00000", "2018-12-31": "330.00000", "2017-12-31": "354.00000", "2016-12-31": "344.00000", "2015-12-31": "308.00000", "2014-12-31": "284.00000", "2013-12-31": "208.00000", "2012-12-31": "166.00000", "2011-12-31": "128.00000", "2010-12-31": "114.00000", "2009-12-31": "128.00000", "2008-12-31": "114.00000", "2007-12-31": "110.00000", "2006-12-31": "104.00000", "2005-12-31": "113.00000"}, "Other Non-Cash Items": {"2019-12-31": "-202.00000", "2018-12-31": "375.00000", "2017-12-31": "253.00000", "2016-12-31": "88.00000", "2015-12-31": "151.00000", "2014-12-31": "-93.00000", "2013-12-31": "39.00000", "2012-12-31": "184.00000", "2011-12-31": "-10.00000", "2010-12-31": "-13.00000", "2009-12-31": "56.00000", "2008-12-31": "40.00000", "2007-12-31": "-79.00000", "2006-12-31": "-222.00000", "2005-12-31": "-312.00000"}, "Total Non-Cash Items": {"2019-12-31": "131.00000", "2018-12-31": "705.00000", "2017-12-31": "607.00000", "2016-12-31": "432.00000", "2015-12-31": "459.00000", "2014-12-31": "191.00000", "2013-12-31": "247.00000", "2012-12-31": "350.00000", "2011-12-31": "118.00000", "2010-12-31": "101.00000", "2009-12-31": "184.00000", "2008-12-31": "154.00000", "2007-12-31": "31.00000", "2006-12-31": "-118.00000", "2005-12-31": "-199.00000"}, "Change In Accounts Receivable": {"2019-12-31": "-144.00000", "2018-12-31": "-155.00000", "2017-12-31": "29.00000", "2016-12-31": "-89.00000", "2015-12-31": "28.00000", "2014-12-31": "-104.00000", "2013-12-31": "-136.00000", "2012-12-31": "-53.00000", "2011-12-31": "-57.00000", "2010-12-31": "-15.00000", "2009-12-31": "27.00000", "2008-12-31": "249.00000", "2007-12-31": "-166.00000", "2006-12-31": "-66.00000", "2005-12-31": "21.00000"}, "Change In Inventories": {"2019-12-31": "5.00000", "2018-12-31": "-70.00000", "2017-12-31": "-68.00000", "2016-12-31": "-86.00000", "2015-12-31": "-46.00000", "2014-12-31": "77.00000", "2013-12-31": "10.00000", "2012-12-31": "-42.00000", "2011-12-31": "4.00000", "2010-12-31": "-39.00000", "2009-12-31": "5.00000", "2008-12-31": "25.00000", "2007-12-31": "-76.00000", "2006-12-31": "-76.00000", "2005-12-31": "-13.00000"}, "Change In Accounts Payable": {"2019-12-31": "", "2018-12-31": "", "2017-12-31": "", "2016-12-31": "", "2015-12-31": "", "2014-12-31": "", "2013-12-31": "", "2012-12-31": "", "2011-12-31": "", "2010-12-31": "", "2009-12-31": "", "2008-12-31": "-56.00000", "2007-12-31": "52.00000", "2006-12-31": "67.00000", "2005-12-31": "-35.00000"}, "Change In Assets/Liabilities": {"2019-12-31": "92.00000", "2018-12-31": "-20.00000", "2017-12-31": "27.00000", "2016-12-31": "149.00000", "2015-12-31": "406.00000", "2014-12-31": "95.00000", "2013-12-31": "-308.00000", "2012-12-31": "-1002.00000", "2011-12-31": "464.00000", "2010-12-31": "108.00000", "2009-12-31": "102.00000", "2008-12-31": "-159.00000", "2007-12-31": "36.00000", "2006-12-31": "1.00000", "2005-12-31": "12.00000"}, "Total Change In Assets/Liabilities": {"2019-12-31": "-67.00000", "2018-12-31": "-47.00000", "2017-12-31": "-90.00000", "2016-12-31": "190.00000", "2015-12-31": "396.00000", "2014-12-31": "138.00000", "2013-12-31": "-413.00000", "2012-12-31": "-1011.00000", "2011-12-31": "461.00000", "2010-12-31": "41.00000", "2009-12-31": "106.00000", "2008-12-31": "59.00000", "2007-12-31": "-154.00000", "2006-12-31": "-74.00000", "2005-12-31": "-15.00000"}, "Cash Flow From Operating Activities": {"2019-12-31": "628.00000", "2018-12-31": "572.00000", "2017-12-31": "752.00000", "2016-12-31": "896.00000", "2015-12-31": "681.00000", "2014-12-31": "524.00000", "2013-12-31": "281.00000", "2012-12-31": "-180.00000", "2011-12-31": "388.00000", "2010-12-31": "279.00000", "2009-12-31": "260.00000", "2008-12-31": "440.00000", "2007-12-31": "151.00000", "2006-12-31": "190.00000", "2005-12-31": "315.00000"}, "Net Change In Property, Plant, And Equipment": {"2019-12-31": "-318.00000", "2018-12-31": "-310.00000", "2017-12-31": "-288.00000", "2016-12-31": "-227.00000", "2015-12-31": "-210.00000", "2014-12-31": "-257.00000", "2013-12-31": "-216.00000", "2012-12-31": "-152.00000", "2011-12-31": "-121.00000", "2010-12-31": "-87.00000", "2009-12-31": "-162.00000", "2008-12-31": "-79.00000", "2007-12-31": "-81.00000", "2006-12-31": "-85.00000", "2005-12-31": "-81.00000"}, "Net Change In Intangible Assets": {"2019-12-31": "", "2018-12-31": "", "2017-12-31": "", "2016-12-31": "", "2015-12-31": "", "2014-12-31": "", "2013-12-31": "", "2012-12-31": "", "2011-12-31": "", "2010-12-31": "", "2009-12-31": "", "2008-12-31": "", "2007-12-31": "", "2006-12-31": "", "2005-12-31": ""}, "Net Acquisitions/Divestitures": {"2019-12-31": "-203.00000", "2018-12-31": "-206.00000", "2017-12-31": "-8.00000", "2016-12-31": "47.00000", "2015-12-31": "", "2014-12-31": "-1647.00000", "2013-12-31": "-780.00000", "2012-12-31": "-108.00000", "2011-12-31": "-1085.00000", "2010-12-31": "", "2009-12-31": "", "2008-12-31": "", "2007-12-31": "", "2006-12-31": "", "2005-12-31": ""}, "Net Change In Short-term Investments": {"2019-12-31": "", "2018-12-31": "", "2017-12-31": "", "2016-12-31": "", "2015-12-31": "", "2014-12-31": "", "2013-12-31": "", "2012-12-31": "", "2011-12-31": "", "2010-12-31": "", "2009-12-31": "", "2008-12-31": "", "2007-12-31": "", "2006-12-31": "", "2005-12-31": ""}, "Net Change In Long-Term Investments": {"2019-12-31": "", "2018-12-31": "", "2017-12-31": "", "2016-12-31": "", "2015-12-31": "", "2014-12-31": "", "2013-12-31": "", "2012-12-31": "", "2011-12-31": "", "2010-12-31": "", "2009-12-31": "", "2008-12-31": "", "2007-12-31": "", "2006-12-31": "", "2005-12-31": ""}, "Net Change In Investments - Total": {"2019-12-31": "", "2018-12-31": "", "2017-12-31": "", "2016-12-31": "", "2015-12-31": "", "2014-12-31": "", "2013-12-31": "", "2012-12-31": "", "2011-12-31": "", "2010-12-31": "", "2009-12-31": "", "2008-12-31": "", "2007-12-31": "", "2006-12-31": "", "2005-12-31": ""}, "Investing Activities - Other": {"2019-12-31": "-6.00000", "2018-12-31": "-4.00000", "2017-12-31": "6.00000", "2016-12-31": "-9.00000", "2015-12-31": "1.00000", "2014-12-31": "1116.00000", "2013-12-31": "-1109.00000", "2012-12-31": "4.00000", "2011-12-31": "", "2010-12-31": "-24.00000", "2009-12-31": "-41.00000", "2008-12-31": "-65.00000", "2007-12-31": "-12.00000", "2006-12-31": "-6.00000", "2005-12-31": "-17.00000"}, "Cash Flow From Investing Activities": {"2019-12-31": "-527.00000", "2018-12-31": "-520.00000", "2017-12-31": "-290.00000", "2016-12-31": "-189.00000", "2015-12-31": "-209.00000", "2014-12-31": "-788.00000", "2013-12-31": "-2105.00000", "2012-12-31": "-256.00000", "2011-12-31": "-1206.00000", "2010-12-31": "-111.00000", "2009-12-31": "-203.00000", "2008-12-31": "-144.00000", "2007-12-31": "-93.00000", "2006-12-31": "-91.00000", "2005-12-31": "-98.00000"}, "Net Long-Term Debt": {"2019-12-31": "100.00000", "2018-12-31": "", "2017-12-31": "", "2016-12-31": "", "2015-12-31": "", "2014-12-31": "", "2013-12-31": "1100.00000", "2012-12-31": "1100.00000", "2011-12-31": "", "2010-12-31": "-1.00000", "2009-12-31": "-300.00000", "2008-12-31": "", "2007-12-31": "", "2006-12-31": "1.00000", "2005-12-31": ""}, "Net Current Debt": {"2019-12-31": "308.00000", "2018-12-31": "168.00000", "2017-12-31": "-65.00000", "2016-12-31": "-205.00000", "2015-12-31": "-371.00000", "2014-12-31": "309.00000", "2013-12-31": "293.00000", "2012-12-31": "10.00000", "2011-12-31": "840.00000", "2010-12-31": "-4.00000", "2009-12-31": "4.00000", "2008-12-31": "", "2007-12-31": "", "2006-12-31": "-1.00000", "2005-12-31": ""}, "Debt Issuance/Retirement Net - Total": {"2019-12-31": "408.00000", "2018-12-31": "168.00000", "2017-12-31": "-65.00000", "2016-12-31": "-205.00000", "2015-12-31": "-371.00000", "2014-12-31": "309.00000", "2013-12-31": "1393.00000", "2012-12-31": "1110.00000", "2011-12-31": "840.00000", "2010-12-31": "-5.00000", "2009-12-31": "-296.00000", "2008-12-31": "", "2007-12-31": "", "2006-12-31": "", "2005-12-31": ""}, "Net Common Equity Issued/Repurchased": {"2019-12-31": "-80.00000", "2018-12-31": "-190.00000", "2017-12-31": "-335.00000", "2016-12-31": "-235.00000", "2015-12-31": "-990.00000", "2014-12-31": "13.00000", "2013-12-31": "57.00000", "2012-12-31": "53.00000", "2011-12-31": "-52.00000", "2010-12-31": "-9.00000", "2009-12-31": "8.00000", "2008-12-31": "-477.00000", "2007-12-31": "-35.00000", "2006-12-31": "-191.00000", "2005-12-31": "-277.00000"}, "Net Total Equity Issued/Repurchased": {"2019-12-31": "-382.00000", "2018-12-31": "-190.00000", "2017-12-31": "-335.00000", "2016-12-31": "-235.00000", "2015-12-31": "-196.00000", "2014-12-31": "13.00000", "2013-12-31": "57.00000", "2012-12-31": "53.00000", "2011-12-31": "-52.00000", "2010-12-31": "-9.00000", "2009-12-31": "8.00000", "2008-12-31": "-477.00000", "2007-12-31": "-35.00000", "2006-12-31": "-191.00000", "2005-12-31": "-277.00000"}, "Total Common And Preferred Stock Dividends Paid": {"2019-12-31": "", "2018-12-31": "", "2017-12-31": "", "2016-12-31": "", "2015-12-31": "", "2014-12-31": "", "2013-12-31": "", "2012-12-31": "", "2011-12-31": "", "2010-12-31": "", "2009-12-31": "", "2008-12-31": "", "2007-12-31": "", "2006-12-31": "", "2005-12-31": ""}, "Financial Activities - Other": {"2019-12-31": "-57.00000", "2018-12-31": "-36.00000", "2017-12-31": "-34.00000", "2016-12-31": "-27.00000", "2015-12-31": "-16.00000", "2014-12-31": "-38.00000", "2013-12-31": "-93.00000", "2012-12-31": "-32.00000", "2011-12-31": "14.00000", "2010-12-31": "", "2009-12-31": "", "2008-12-31": "2.00000", "2007-12-31": "-192.00000", "2006-12-31": "7.00000", "2005-12-31": ""}, "Cash Flow From Financial Activities": {"2019-12-31": "-31.00000", "2018-12-31": "-58.00000", "2017-12-31": "-434.00000", "2016-12-31": "-467.00000", "2015-12-31": "-583.00000", "2014-12-31": "284.00000", "2013-12-31": "1357.00000", "2012-12-31": "1131.00000", "2011-12-31": "802.00000", "2010-12-31": "-14.00000", "2009-12-31": "-288.00000", "2008-12-31": "-475.00000", "2007-12-31": "-227.00000", "2006-12-31": "-184.00000", "2005-12-31": "-277.00000"}, "Net Cash Flow": {"2019-12-31": "40.00000", "2018-12-31": "-67.00000", "2017-12-31": "36.00000", "2016-12-31": "172.00000", "2015-12-31": "-183.00000", "2014-12-31": "-17.00000", "2013-12-31": "-541.00000", "2012-12-31": "671.00000", "2011-12-31": "-98.00000", "2010-12-31": "45.00000", "2009-12-31": "-260.00000", "2008-12-31": "-241.00000", "2007-12-31": "5.00000", "2006-12-31": "137.00000", "2005-12-31": "60.00000"}, "Stock-Based Compensation": {"2019-12-31": "107.00000", "2018-12-31": "72.00000", "2017-12-31": "77.00000", "2016-12-31": "61.00000", "2015-12-31": "42.00000", "2014-12-31": "31.00000", "2013-12-31": "41.00000", "2012-12-31": "49.00000", "2011-12-31": "33.00000", "2010-12-31": "21.00000", "2009-12-31": "12.00000", "2008-12-31": "41.00000", "2007-12-31": "42.00000", "2006-12-31": "20.00000", "2005-12-31": "4.00000"}, "Common Stock Dividends Paid": {"2019-12-31": "", "2018-12-31": "", "2017-12-31": "", "2016-12-31": "", "2015-12-31": "", "2014-12-31": "", "2013-12-31": "", "2012-12-31": "", "2011-12-31": "", "2010-12-31": "", "2009-12-31": "", "2008-12-31": "", "2007-12-31": "", "2006-12-31": "", "2005-12-31": ""}}, "cash flow statement, quarterly": {"Net Income/Loss": {"2020-09-30": 32, "2020-06-30": 64, "2020-03-31": "24.00000", "2019-12-31": 349, "2019-09-30": 89, "2019-06-30": 88, "2019-03-31": "38.00000", "2018-12-31": -47, "2018-09-30": 86, "2018-06-30": -146, "2018-03-31": "21.00000", "2017-12-31": -43, "2017-09-30": 119, "2017-06-30": 102, "2017-03-31": "57.00000", "2016-12-31": 61, "2016-09-30": 107, "2016-06-30": 74, "2016-03-31": "32.00000", "2015-12-31": 28, "2015-09-30": 99, "2015-06-30": -343, "2015-03-31": "42.00000", "2014-12-31": 35, "2014-09-30": 15, "2014-06-30": 91, "2014-03-31": "54.00000", "2013-12-31": 197, "2013-09-30": 100, "2013-06-30": 87, "2013-03-31": "63.00000", "2012-12-31": 240, "2012-09-30": 88, "2012-06-30": 102, "2012-03-31": "51.00000", "2011-12-31": -255, "2011-09-30": 15, "2011-06-30": 35, "2011-03-31": "14.00000", "2010-12-31": 38, "2010-09-30": 85, "2010-06-30": 31, "2010-03-31": "-17.00000", "2009-12-31": -57, "2009-09-30": 17, "2009-06-30": 24, "2009-03-31": "-14.00000", "2008-12-31": 56, "2008-09-30": 80, "2008-06-30": 43, "2008-03-31": "48.00000", "2007-12-31": 89, "2007-09-30": 53, "2007-06-30": 98, "2007-03-31": "34.00000", "2006-12-31": 174, "2006-09-30": 89, "2006-06-30": 78, "2006-03-31": "41.00000", "2005-12-31": 150, "2005-09-30": 222, "2005-06-30": 127, "2005-03-31": "30.00000"}, "Total Depreciation And Amortization - Cash Flow": {"2020-09-30": 93, "2020-06-30": 89, "2020-03-31": "87.00000", "2019-12-31": 84, "2019-09-30": 89, "2019-06-30": 79, "2019-03-31": "81.00000", "2018-12-31": -112, "2018-09-30": 271, "2018-06-30": 85, "2018-03-31": "86.00000", "2017-12-31": 91, "2017-09-30": 91, "2017-06-30": 87, "2017-03-31": "85.00000", "2016-12-31": 85, "2016-09-30": 84, "2016-06-30": 86, "2016-03-31": "89.00000", "2015-12-31": 79, "2015-09-30": 77, "2015-06-30": 76, "2015-03-31": "76.00000", "2014-12-31": 73, "2014-09-30": 69, "2014-06-30": 73, "2014-03-31": "69.00000", "2013-12-31": 59, "2013-09-30": 52, "2013-06-30": 50, "2013-03-31": "47.00000", "2012-12-31": 43, "2012-09-30": 42, "2012-06-30": 40, "2012-03-31": "41.00000", "2011-12-31": 40, "2011-09-30": 30, "2011-06-30": 29, "2011-03-31": "29.00000", "2010-12-31": 13, "2010-09-30": 36, "2010-06-30": 33, "2010-03-31": "32.00000", "2009-12-31": 33, "2009-09-30": 35, "2009-06-30": 31, "2009-03-31": "29.00000", "2008-12-31": 31, "2008-09-30": 28, "2008-06-30": 26, "2008-03-31": "29.00000", "2007-12-31": 29, "2007-09-30": 27, "2007-06-30": 27, "2007-03-31": "27.00000", "2006-12-31": 27, "2006-09-30": -1, "2006-06-30": 39, "2006-03-31": "39.00000", "2005-12-31": -14, "2005-09-30": 41, "2005-06-30": 23, "2005-03-31": "63.00000"}, "Other Non-Cash Items": {"2020-09-30": 35, "2020-06-30": -12, "2020-03-31": "29.00000", "2019-12-31": -252, "2019-09-30": 25, "2019-06-30": 7, "2019-03-31": "18.00000", "2018-12-31": 299, "2018-09-30": -195, "2018-06-30": 218, "2018-03-31": "53.00000", "2017-12-31": 180, "2017-09-30": 34, "2017-06-30": 23, "2017-03-31": "16.00000", "2016-12-31": -1, "2016-09-30": 37, "2016-06-30": 33, "2016-03-31": "19.00000", "2015-12-31": 74, "2015-09-30": 27, "2015-06-30": 24, "2015-03-31": "26.00000", "2014-12-31": -82, "2014-09-30": -38, "2014-06-30": 15, "2014-03-31": "12.00000", "2013-12-31": 26, "2013-09-30": 137, "2013-06-30": -122, "2013-03-31": "-2.00000", "2012-12-31": 125, "2012-09-30": 18, "2012-06-30": 5, "2012-03-31": "36.00000", "2011-12-31": -38, "2011-09-30": 3, "2011-06-30": 15, "2011-03-31": "10.00000", "2010-12-31": 57, "2010-09-30": -63, "2010-06-30": -19, "2010-03-31": "12.00000", "2009-12-31": 66, "2009-09-30": -5, "2009-06-30": -9, "2009-03-31": "4.00000", "2008-12-31": 7, "2008-09-30": 18, "2008-06-30": 14, "2008-03-31": "1.00000", "2007-12-31": -13, "2007-09-30": 2, "2007-06-30": -29, "2007-03-31": "-39.00000", "2006-12-31": -97, "2006-09-30": -144, "2006-06-30": 19, "2006-03-31": "", "2005-12-31": -337, "2005-09-30": 24, "2005-06-30": -11, "2005-03-31": "12.00000"}, "Total Non-Cash Items": {"2020-09-30": 128, "2020-06-30": 77, "2020-03-31": "116.00000", "2019-12-31": -168, "2019-09-30": 114, "2019-06-30": 86, "2019-03-31": "99.00000", "2018-12-31": 187, "2018-09-30": 76, "2018-06-30": 303, "2018-03-31": "139.00000", "2017-12-31": 271, "2017-09-30": 125, "2017-06-30": 110, "2017-03-31": "101.00000", "2016-12-31": 84, "2016-09-30": 121, "2016-06-30": 119, "2016-03-31": "108.00000", "2015-12-31": 153, "2015-09-30": 104, "2015-06-30": 100, "2015-03-31": "102.00000", "2014-12-31": -9, "2014-09-30": 31, "2014-06-30": 88, "2014-03-31": "81.00000", "2013-12-31": 85, "2013-09-30": 189, "2013-06-30": -72, "2013-03-31": "45.00000", "2012-12-31": 168, "2012-09-30": 60, "2012-06-30": 45, "2012-03-31": "77.00000", "2011-12-31": 2, "2011-09-30": 33, "2011-06-30": 44, "2011-03-31": "39.00000", "2010-12-31": 70, "2010-09-30": -27, "2010-06-30": 14, "2010-03-31": "44.00000", "2009-12-31": 99, "2009-09-30": 30, "2009-06-30": 22, "2009-03-31": "33.00000", "2008-12-31": 38, "2008-09-30": 46, "2008-06-30": 40, "2008-03-31": "30.00000", "2007-12-31": 16, "2007-09-30": 29, "2007-06-30": -2, "2007-03-31": "-12.00000", "2006-12-31": -70, "2006-09-30": -145, "2006-06-30": 58, "2006-03-31": "39.00000", "2005-12-31": -351, "2005-09-30": 65, "2005-06-30": 12, "2005-03-31": "75.00000"}, "Change In Accounts Receivable": {"2020-09-30": 13, "2020-06-30": 116, "2020-03-31": "137.00000", "2019-12-31": 10, "2019-09-30": -83, "2019-06-30": -92, "2019-03-31": "21.00000", "2018-12-31": -53, "2018-09-30": -61, "2018-06-30": 73, "2018-03-31": "-114.00000", "2017-12-31": 136, "2017-09-30": -79, "2017-06-30": -11, "2017-03-31": "-17.00000", "2016-12-31": 49, "2016-09-30": -17, "2016-06-30": -69, "2016-03-31": "-52.00000", "2015-12-31": 108, "2015-09-30": -29, "2015-06-30": -5, "2015-03-31": "-46.00000", "2014-12-31": 2, "2014-09-30": -18, "2014-06-30": -22, "2014-03-31": "-66.00000", "2013-12-31": 16, "2013-09-30": -85, "2013-06-30": -76, "2013-03-31": "9.00000", "2012-12-31": 41, "2012-09-30": -47, "2012-06-30": -14, "2012-03-31": "-33.00000", "2011-12-31": 88, "2011-09-30": -89, "2011-06-30": -39, "2011-03-31": "-17.00000", "2010-12-31": 28, "2010-09-30": -78, "2010-06-30": 23, "2010-03-31": "12.00000", "2009-12-31": -44, "2009-09-30": 10, "2009-06-30": 3, "2009-03-31": "58.00000", "2008-12-31": 25, "2008-09-30": 48, "2008-06-30": 57, "2008-03-31": "119.00000", "2007-12-31": -164, "2007-09-30": -11, "2007-06-30": -58, "2007-03-31": "67.00000", "2006-12-31": -61, "2006-09-30": -9, "2006-06-30": -9, "2006-03-31": "13.00000", "2005-12-31": -18, "2005-09-30": -86, "2005-06-30": 106, "2005-03-31": "19.00000"}, "Change In Inventories": {"2020-09-30": 42, "2020-06-30": 34, "2020-03-31": "-48.00000", "2019-12-31": 83, "2019-09-30": -14, "2019-06-30": 4, "2019-03-31": "-68.00000", "2018-12-31": 112, "2018-09-30": -94, "2018-06-30": -46, "2018-03-31": "-42.00000", "2017-12-31": 52, "2017-09-30": 6, "2017-06-30": -25, "2017-03-31": "-101.00000", "2016-12-31": 42, "2016-09-30": -5, "2016-06-30": -40, "2016-03-31": "-83.00000", "2015-12-31": 40, "2015-09-30": -32, "2015-06-30": -33, "2015-03-31": "-21.00000", "2014-12-31": 82, "2014-09-30": 22, "2014-06-30": 3, "2014-03-31": "-30.00000", "2013-12-31": 51, "2013-09-30": -16, "2013-06-30": 22, "2013-03-31": "-47.00000", "2012-12-31": 32, "2012-09-30": -34, "2012-06-30": -6, "2012-03-31": "-34.00000", "2011-12-31": 71, "2011-09-30": 3, "2011-06-30": -20, "2011-03-31": "-50.00000", "2010-12-31": 89, "2010-09-30": -85, "2010-06-30": -9, "2010-03-31": "-34.00000", "2009-12-31": 17, "2009-09-30": -16, "2009-06-30": 9, "2009-03-31": "-5.00000", "2008-12-31": 19, "2008-09-30": 24, "2008-06-30": 17, "2008-03-31": "-35.00000", "2007-12-31": 51, "2007-09-30": -64, "2007-06-30": -26, "2007-03-31": "-37.00000", "2006-12-31": 34, "2006-09-30": -45, "2006-06-30": -30, "2006-03-31": "-35.00000", "2005-12-31": 30, "2005-09-30": -28, "2005-06-30": -15, "2005-03-31": ""}, "Change In Accounts Payable": {"2020-09-30": 0, "2020-06-30": 0, "2020-03-31": "", "2019-12-31": 0, "2019-09-30": 0, "2019-06-30": 0, "2019-03-31": "", "2018-12-31": 0, "2018-09-30": 0, "2018-06-30": 0, "2018-03-31": "", "2017-12-31": 0, "2017-09-30": 0, "2017-06-30": 0, "2017-03-31": "", "2016-12-31": 0, "2016-09-30": 0, "2016-06-30": 0, "2016-03-31": "", "2015-12-31": 0, "2015-09-30": 0, "2015-06-30": 0, "2015-03-31": "", "2014-12-31": 0, "2014-09-30": 0, "2014-06-30": 0, "2014-03-31": "", "2013-12-31": 0, "2013-09-30": 0, "2013-06-30": 0, "2013-03-31": "", "2012-12-31": 0, "2012-09-30": 0, "2012-06-30": 0, "2012-03-31": "", "2011-12-31": 0, "2011-09-30": 0, "2011-06-30": 0, "2011-03-31": "", "2010-12-31": 0, "2010-09-30": 0, "2010-06-30": 0, "2010-03-31": "", "2009-12-31": 0, "2009-09-30": 90, "2009-06-30": -90, "2009-03-31": "", "2008-12-31": -56, "2008-09-30": 0, "2008-06-30": 0, "2008-03-31": "", "2007-12-31": 52, "2007-09-30": 0, "2007-06-30": 0, "2007-03-31": "", "2006-12-31": 37, "2006-09-30": 30, "2006-06-30": 0, "2006-03-31": "", "2005-12-31": -35, "2005-09-30": 0, "2005-06-30": 0, "2005-03-31": ""}, "Change In Assets/Liabilities": {"2020-09-30": -39, "2020-06-30": -22, "2020-03-31": "15.00000", "2019-12-31": 80, "2019-09-30": -27, "2019-06-30": -47, "2019-03-31": "86.00000", "2018-12-31": 43, "2018-09-30": -27, "2018-06-30": -85, "2018-03-31": "49.00000", "2017-12-31": 12, "2017-09-30": 4, "2017-06-30": -70, "2017-03-31": "81.00000", "2016-12-31": 143, "2016-09-30": -45, "2016-06-30": 2, "2016-03-31": "49.00000", "2015-12-31": -55, "2015-09-30": -14, "2015-06-30": 390, "2015-03-31": "85.00000", "2014-12-31": 156, "2014-09-30": 29, "2014-06-30": -82, "2014-03-31": "-8.00000", "2013-12-31": -129, "2013-09-30": -171, "2013-06-30": 5, "2013-03-31": "-13.00000", "2012-12-31": -403, "2012-09-30": -535, "2012-06-30": -109, "2012-03-31": "45.00000", "2011-12-31": 390, "2011-09-30": 9, "2011-06-30": 13, "2011-03-31": "52.00000", "2010-12-31": 69, "2010-09-30": -5, "2010-06-30": -9, "2010-03-31": "53.00000", "2009-12-31": 61, "2009-09-30": -10, "2009-06-30": -32, "2009-03-31": "83.00000", "2008-12-31": -89, "2008-09-30": -4, "2008-06-30": -79, "2008-03-31": "13.00000", "2007-12-31": -22, "2007-09-30": 42, "2007-06-30": -49, "2007-03-31": "65.00000", "2006-12-31": 1, "2006-09-30": -58, "2006-06-30": -13, "2006-03-31": "71.00000", "2005-12-31": -9, "2005-09-30": 6, "2005-06-30": -25, "2005-03-31": "40.00000"}, "Total Change In Assets/Liabilities": {"2020-09-30": 52, "2020-06-30": 81, "2020-03-31": "-79.00000", "2019-12-31": 221, "2019-09-30": -48, "2019-06-30": -87, "2019-03-31": "-153.00000", "2018-12-31": 269, "2018-09-30": -94, "2018-06-30": -38, "2018-03-31": "-184.00000", "2017-12-31": 254, "2017-09-30": -108, "2017-06-30": -117, "2017-03-31": "-119.00000", "2016-12-31": 382, "2016-09-30": -3, "2016-06-30": -72, "2016-03-31": "-117.00000", "2015-12-31": 84, "2015-09-30": -33, "2015-06-30": 410, "2015-03-31": "-65.00000", "2014-12-31": 263, "2014-09-30": 78, "2014-06-30": -99, "2014-03-31": "-104.00000", "2013-12-31": -17, "2013-09-30": -262, "2013-06-30": -47, "2013-03-31": "-87.00000", "2012-12-31": -308, "2012-09-30": -548, "2012-06-30": -116, "2012-03-31": "-39.00000", "2011-12-31": 527, "2011-09-30": -54, "2011-06-30": -8, "2011-03-31": "-4.00000", "2010-12-31": 110, "2010-09-30": -106, "2010-06-30": 42, "2010-03-31": "-5.00000", "2009-12-31": 68, "2009-09-30": 12, "2009-06-30": 7, "2009-03-31": "19.00000", "2008-12-31": 39, "2008-09-30": 31, "2008-06-30": -14, "2008-03-31": "3.00000", "2007-12-31": -46, "2007-09-30": -17, "2007-06-30": -112, "2007-03-31": "21.00000", "2006-12-31": 11, "2006-09-30": -15, "2006-06-30": -2, "2006-03-31": "-68.00000", "2005-12-31": 213, "2005-09-30": -147, "2005-06-30": 13, "2005-03-31": "-94.00000"}, "Cash Flow From Operating Activities": {"2020-09-30": 212, "2020-06-30": 222, "2020-03-31": "61.00000", "2019-12-31": 402, "2019-09-30": 155, "2019-06-30": 87, "2019-03-31": "-16.00000", "2018-12-31": 409, "2018-09-30": 68, "2018-06-30": 119, "2018-03-31": "-24.00000", "2017-12-31": 482, "2017-09-30": 136, "2017-06-30": 95, "2017-03-31": "39.00000", "2016-12-31": 527, "2016-09-30": 225, "2016-06-30": 121, "2016-03-31": "23.00000", "2015-12-31": 265, "2015-09-30": 170, "2015-06-30": 167, "2015-03-31": "79.00000", "2014-12-31": 289, "2014-09-30": 124, "2014-06-30": 80, "2014-03-31": "31.00000", "2013-12-31": 265, "2013-09-30": 27, "2013-06-30": -32, "2013-03-31": "21.00000", "2012-12-31": 100, "2012-09-30": -400, "2012-06-30": 31, "2012-03-31": "89.00000", "2011-12-31": 274, "2011-09-30": -6, "2011-06-30": 71, "2011-03-31": "49.00000", "2010-12-31": 218, "2010-09-30": -48, "2010-06-30": 87, "2010-03-31": "22.00000", "2009-12-31": 110, "2009-09-30": 59, "2009-06-30": 53, "2009-03-31": "38.00000", "2008-12-31": 133, "2008-09-30": 157, "2008-06-30": 69, "2008-03-31": "81.00000", "2007-12-31": 59, "2007-09-30": 65, "2007-06-30": -16, "2007-03-31": "43.00000", "2006-12-31": 115, "2006-09-30": -71, "2006-06-30": 134, "2006-03-31": "12.00000", "2005-12-31": 12, "2005-09-30": 140, "2005-06-30": 152, "2005-03-31": "11.00000"}, "Net Change In Property, Plant, And Equipment": {"2020-09-30": -60, "2020-06-30": -61, "2020-03-31": "-72.00000", "2019-12-31": -109, "2019-09-30": -82, "2019-06-30": -62, "2019-03-31": "-65.00000", "2018-12-31": -79, "2018-09-30": -75, "2018-06-30": -85, "2018-03-31": "-71.00000", "2017-12-31": -88, "2017-09-30": -73, "2017-06-30": -75, "2017-03-31": "-52.00000", "2016-12-31": -67, "2016-09-30": -62, "2016-06-30": -58, "2016-03-31": "-40.00000", "2015-12-31": -46, "2015-09-30": -54, "2015-06-30": -59, "2015-03-31": "-51.00000", "2014-12-31": -60, "2014-09-30": -58, "2014-06-30": -73, "2014-03-31": "-66.00000", "2013-12-31": -71, "2013-09-30": -58, "2013-06-30": -42, "2013-03-31": "-45.00000", "2012-12-31": -49, "2012-09-30": -43, "2012-06-30": -29, "2012-03-31": "-31.00000", "2011-12-31": -35, "2011-09-30": -27, "2011-06-30": -36, "2011-03-31": "-23.00000", "2010-12-31": 48, "2010-09-30": -31, "2010-06-30": -53, "2010-03-31": "-51.00000", "2009-12-31": -52, "2009-09-30": -49, "2009-06-30": -36, "2009-03-31": "-25.00000", "2008-12-31": -28, "2008-09-30": -36, "2008-06-30": -21, "2008-03-31": "6.00000", "2007-12-31": -18, "2007-09-30": -21, "2007-06-30": -19, "2007-03-31": "-23.00000", "2006-12-31": -12, "2006-09-30": -3, "2006-06-30": -46, "2006-03-31": "-24.00000", "2005-12-31": 20, "2005-09-30": -39, "2005-06-30": -32, "2005-03-31": "-30.00000"}, "Net Change In Intangible Assets": {"2020-09-30": 0, "2020-06-30": 0, "2020-03-31": "", "2019-12-31": 0, "2019-09-30": 0, "2019-06-30": 0, "2019-03-31": "", "2018-12-31": 0, "2018-09-30": 0, "2018-06-30": 0, "2018-03-31": "", "2017-12-31": 0, "2017-09-30": 0, "2017-06-30": 0, "2017-03-31": "", "2016-12-31": 0, "2016-09-30": 0, "2016-06-30": 0, "2016-03-31": "", "2015-12-31": 0, "2015-09-30": 0, "2015-06-30": 0, "2015-03-31": "", "2014-12-31": 0, "2014-09-30": 0, "2014-06-30": 0, "2014-03-31": "", "2013-12-31": 0, "2013-09-30": 0, "2013-06-30": 0, "2013-03-31": "", "2012-12-31": 0, "2012-09-30": 0, "2012-06-30": 0, "2012-03-31": "", "2011-12-31": 0, "2011-09-30": 0, "2011-06-30": 0, "2011-03-31": "", "2010-12-31": 0, "2010-09-30": 0, "2010-06-30": 0, "2010-03-31": "", "2009-12-31": 0, "2009-09-30": 0, "2009-06-30": 0, "2009-03-31": "", "2008-12-31": 0, "2008-09-30": 0, "2008-06-30": 0, "2008-03-31": "", "2007-12-31": 0, "2007-09-30": 0, "2007-06-30": 0, "2007-03-31": "", "2006-12-31": 0, "2006-09-30": 0, "2006-06-30": 0, "2006-03-31": "", "2005-12-31": 0, "2005-09-30": 0, "2005-06-30": 0, "2005-03-31": ""}, "Net Acquisitions/Divestitures": {"2020-09-30": 0, "2020-06-30": 1, "2020-03-31": "-26.00000", "2019-12-31": -117, "2019-09-30": -74, "2019-06-30": -6, "2019-03-31": "-6.00000", "2018-12-31": -206, "2018-09-30": 0, "2018-06-30": 0, "2018-03-31": "", "2017-12-31": -8, "2017-09-30": 0, "2017-06-30": 0, "2017-03-31": "", "2016-12-31": 0, "2016-09-30": 0, "2016-06-30": 47, "2016-03-31": "", "2015-12-31": 0, "2015-09-30": 0, "2015-06-30": 0, "2015-03-31": "", "2014-12-31": 0, "2014-09-30": -5, "2014-06-30": 0, "2014-03-31": "-1642.00000", "2013-12-31": -84, "2013-09-30": 0, "2013-06-30": -15, "2013-03-31": "-681.00000", "2012-12-31": -50, "2012-09-30": -33, "2012-06-30": -25, "2012-03-31": "", "2011-12-31": 2, "2011-09-30": -1087, "2011-06-30": 0, "2011-03-31": "", "2010-12-31": 0, "2010-09-30": 0, "2010-06-30": 0, "2010-03-31": "", "2009-12-31": 0, "2009-09-30": 0, "2009-06-30": 0, "2009-03-31": "", "2008-12-31": 0, "2008-09-30": 0, "2008-06-30": 0, "2008-03-31": "", "2007-12-31": 0, "2007-09-30": 0, "2007-06-30": 0, "2007-03-31": "", "2006-12-31": 0, "2006-09-30": 0, "2006-06-30": 0, "2006-03-31": "", "2005-12-31": 0, "2005-09-30": 0, "2005-06-30": 0, "2005-03-31": ""}, "Net Change In Short-term Investments": {"2020-09-30": 1, "2020-06-30": 5, "2020-03-31": "", "2019-12-31": 0, "2019-09-30": 0, "2019-06-30": 0, "2019-03-31": "", "2018-12-31": 0, "2018-09-30": 0, "2018-06-30": 0, "2018-03-31": "", "2017-12-31": 0, "2017-09-30": 0, "2017-06-30": 0, "2017-03-31": "", "2016-12-31": 0, "2016-09-30": 0, "2016-06-30": 0, "2016-03-31": "", "2015-12-31": 0, "2015-09-30": 0, "2015-06-30": 0, "2015-03-31": "", "2014-12-31": 0, "2014-09-30": 0, "2014-06-30": 0, "2014-03-31": "", "2013-12-31": 0, "2013-09-30": 0, "2013-06-30": 0, "2013-03-31": "", "2012-12-31": 0, "2012-09-30": 0, "2012-06-30": 0, "2012-03-31": "", "2011-12-31": 0, "2011-09-30": 0, "2011-06-30": 0, "2011-03-31": "", "2010-12-31": 0, "2010-09-30": 0, "2010-06-30": 0, "2010-03-31": "", "2009-12-31": 0, "2009-09-30": 0, "2009-06-30": 0, "2009-03-31": "", "2008-12-31": 0, "2008-09-30": 0, "2008-06-30": 0, "2008-03-31": "", "2007-12-31": 0, "2007-09-30": 0, "2007-06-30": 0, "2007-03-31": "", "2006-12-31": 0, "2006-09-30": 0, "2006-06-30": 0, "2006-03-31": "", "2005-12-31": 0, "2005-09-30": 0, "2005-06-30": 0, "2005-03-31": ""}, "Net Change In Long-Term Investments": {"2020-09-30": 0, "2020-06-30": 0, "2020-03-31": "", "2019-12-31": 0, "2019-09-30": 0, "2019-06-30": 0, "2019-03-31": "", "2018-12-31": 0, "2018-09-30": 0, "2018-06-30": 0, "2018-03-31": "", "2017-12-31": 0, "2017-09-30": 0, "2017-06-30": 0, "2017-03-31": "", "2016-12-31": 0, "2016-09-30": 0, "2016-06-30": 0, "2016-03-31": "", "2015-12-31": 0, "2015-09-30": 0, "2015-06-30": 0, "2015-03-31": "", "2014-12-31": 0, "2014-09-30": 0, "2014-06-30": 0, "2014-03-31": "", "2013-12-31": 0, "2013-09-30": 0, "2013-06-30": 0, "2013-03-31": "", "2012-12-31": 0, "2012-09-30": 0, "2012-06-30": 0, "2012-03-31": "", "2011-12-31": 0, "2011-09-30": 0, "2011-06-30": 0, "2011-03-31": "", "2010-12-31": 0, "2010-09-30": 0, "2010-06-30": 0, "2010-03-31": "", "2009-12-31": 0, "2009-09-30": 0, "2009-06-30": 0, "2009-03-31": "", "2008-12-31": 0, "2008-09-30": 0, "2008-06-30": 0, "2008-03-31": "", "2007-12-31": 0, "2007-09-30": 0, "2007-06-30": 0, "2007-03-31": "", "2006-12-31": 0, "2006-09-30": 0, "2006-06-30": 0, "2006-03-31": "", "2005-12-31": 0, "2005-09-30": 0, "2005-06-30": 0, "2005-03-31": ""}, "Net Change In Investments - Total": {"2020-09-30": 1, "2020-06-30": 5, "2020-03-31": "", "2019-12-31": 0, "2019-09-30": 0, "2019-06-30": 0, "2019-03-31": "", "2018-12-31": 0, "2018-09-30": 0, "2018-06-30": 0, "2018-03-31": "", "2017-12-31": 0, "2017-09-30": 0, "2017-06-30": 0, "2017-03-31": "", "2016-12-31": 0, "2016-09-30": 0, "2016-06-30": 0, "2016-03-31": "", "2015-12-31": 0, "2015-09-30": 0, "2015-06-30": 0, "2015-03-31": "", "2014-12-31": 0, "2014-09-30": 0, "2014-06-30": 0, "2014-03-31": "", "2013-12-31": 0, "2013-09-30": 0, "2013-06-30": 0, "2013-03-31": "", "2012-12-31": 0, "2012-09-30": 0, "2012-06-30": 0, "2012-03-31": "", "2011-12-31": 0, "2011-09-30": 0, "2011-06-30": 0, "2011-03-31": "", "2010-12-31": 0, "2010-09-30": 0, "2010-06-30": 0, "2010-03-31": "", "2009-12-31": 0, "2009-09-30": 0, "2009-06-30": 0, "2009-03-31": "", "2008-12-31": 0, "2008-09-30": 0, "2008-06-30": 0, "2008-03-31": "", "2007-12-31": 0, "2007-09-30": 0, "2007-06-30": 0, "2007-03-31": "", "2006-12-31": 0, "2006-09-30": 0, "2006-06-30": 0, "2006-03-31": "", "2005-12-31": 0, "2005-09-30": 0, "2005-06-30": 0, "2005-03-31": ""}, "Investing Activities - Other": {"2020-09-30": -2, "2020-06-30": -1, "2020-03-31": "", "2019-12-31": -11, "2019-09-30": 0, "2019-06-30": 2, "2019-03-31": "3.00000", "2018-12-31": 0, "2018-09-30": -1, "2018-06-30": 0, "2018-03-31": "-3.00000", "2017-12-31": 6, "2017-09-30": 0, "2017-06-30": 1, "2017-03-31": "-1.00000", "2016-12-31": -1, "2016-09-30": 0, "2016-06-30": 0, "2016-03-31": "-8.00000", "2015-12-31": 1, "2015-09-30": 3, "2015-06-30": 3, "2015-03-31": "-6.00000", "2014-12-31": -2, "2014-09-30": 0, "2014-06-30": 8, "2014-03-31": "1110.00000", "2013-12-31": -1114, "2013-09-30": -1, "2013-06-30": 1, "2013-03-31": "5.00000", "2012-12-31": 0, "2012-09-30": -4, "2012-06-30": 10, "2012-03-31": "-2.00000", "2011-12-31": 0, "2011-09-30": 0, "2011-06-30": 0, "2011-03-31": "", "2010-12-31": -16, "2010-09-30": -8, "2010-06-30": 0, "2010-03-31": "", "2009-12-31": -29, "2009-09-30": 0, "2009-06-30": -12, "2009-03-31": "", "2008-12-31": -11, "2008-09-30": -31, "2008-06-30": -23, "2008-03-31": "", "2007-12-31": -8, "2007-09-30": -5, "2007-06-30": 1, "2007-03-31": "", "2006-12-31": 3, "2006-09-30": 22, "2006-06-30": -16, "2006-03-31": "-15.00000", "2005-12-31": -19, "2005-09-30": 0, "2005-06-30": 17, "2005-03-31": "-15.00000"}, "Cash Flow From Investing Activities": {"2020-09-30": -61, "2020-06-30": -56, "2020-03-31": "-98.00000", "2019-12-31": -237, "2019-09-30": -156, "2019-06-30": -66, "2019-03-31": "-68.00000", "2018-12-31": -285, "2018-09-30": -76, "2018-06-30": -85, "2018-03-31": "-74.00000", "2017-12-31": -90, "2017-09-30": -73, "2017-06-30": -74, "2017-03-31": "-53.00000", "2016-12-31": -68, "2016-09-30": -62, "2016-06-30": -11, "2016-03-31": "-48.00000", "2015-12-31": -45, "2015-09-30": -51, "2015-06-30": -56, "2015-03-31": "-57.00000", "2014-12-31": -62, "2014-09-30": -63, "2014-06-30": -65, "2014-03-31": "-598.00000", "2013-12-31": -1269, "2013-09-30": -59, "2013-06-30": -56, "2013-03-31": "-721.00000", "2012-12-31": -99, "2012-09-30": -80, "2012-06-30": -44, "2012-03-31": "-33.00000", "2011-12-31": -33, "2011-09-30": -1114, "2011-06-30": -36, "2011-03-31": "-23.00000", "2010-12-31": 32, "2010-09-30": -39, "2010-06-30": -53, "2010-03-31": "-51.00000", "2009-12-31": -81, "2009-09-30": -49, "2009-06-30": -48, "2009-03-31": "-25.00000", "2008-12-31": -39, "2008-09-30": -67, "2008-06-30": -44, "2008-03-31": "6.00000", "2007-12-31": -26, "2007-09-30": -26, "2007-06-30": -18, "2007-03-31": "-23.00000", "2006-12-31": -9, "2006-09-30": 19, "2006-06-30": -62, "2006-03-31": "-39.00000", "2005-12-31": 1, "2005-09-30": -39, "2005-06-30": -15, "2005-03-31": "-45.00000"}, "Net Long-Term Debt": {"2020-09-30": -209, "2020-06-30": 400, "2020-03-31": "", "2019-12-31": -400, "2019-09-30": 500, "2019-06-30": 0, "2019-03-31": "", "2018-12-31": 0, "2018-09-30": 0, "2018-06-30": 0, "2018-03-31": "", "2017-12-31": 0, "2017-09-30": 0, "2017-06-30": 0, "2017-03-31": "", "2016-12-31": 0, "2016-09-30": 0, "2016-06-30": 0, "2016-03-31": "", "2015-12-31": 0, "2015-09-30": 0, "2015-06-30": 0, "2015-03-31": "", "2014-12-31": 0, "2014-09-30": 0, "2014-06-30": 0, "2014-03-31": "", "2013-12-31": 1100, "2013-09-30": 0, "2013-06-30": 0, "2013-03-31": "", "2012-12-31": 500, "2012-09-30": 600, "2012-06-30": 0, "2012-03-31": "", "2011-12-31": 0, "2011-09-30": 0, "2011-06-30": 0, "2011-03-31": "", "2010-12-31": 0, "2010-09-30": 4, "2010-06-30": -1, "2010-03-31": "-4.00000", "2009-12-31": 0, "2009-09-30": 0, "2009-06-30": -300, "2009-03-31": "", "2008-12-31": 0, "2008-09-30": 0, "2008-06-30": 0, "2008-03-31": "", "2007-12-31": 0, "2007-09-30": 0, "2007-06-30": 0, "2007-03-31": "", "2006-12-31": 0, "2006-09-30": 1, "2006-06-30": 0, "2006-03-31": "", "2005-12-31": 0, "2005-09-30": 0, "2005-06-30": 0, "2005-03-31": ""}, "Net Current Debt": {"2020-09-30": 4, "2020-06-30": -88, "2020-03-31": "825.00000", "2019-12-31": 333, "2019-09-30": 27, "2019-06-30": -97, "2019-03-31": "45.00000", "2018-12-31": 37, "2018-09-30": 13, "2018-06-30": 38, "2018-03-31": "80.00000", "2017-12-31": -263, "2017-09-30": -30, "2017-06-30": -49, "2017-03-31": "277.00000", "2016-12-31": -239, "2016-09-30": -169, "2016-06-30": -63, "2016-03-31": "266.00000", "2015-12-31": 37, "2015-09-30": -224, "2015-06-30": -142, "2015-03-31": "-42.00000", "2014-12-31": -85, "2014-09-30": -177, "2014-06-30": -25, "2014-03-31": "596.00000", "2013-12-31": 29, "2013-09-30": 63, "2013-06-30": 73, "2013-03-31": "128.00000", "2012-12-31": 0, "2012-09-30": 123, "2012-06-30": -88, "2012-03-31": "-25.00000", "2011-12-31": -210, "2011-09-30": 1050, "2011-06-30": 0, "2011-03-31": "", "2010-12-31": 0, "2010-09-30": -4, "2010-06-30": 0, "2010-03-31": "", "2009-12-31": 4, "2009-09-30": 0, "2009-06-30": 0, "2009-03-31": "", "2008-12-31": 0, "2008-09-30": -1, "2008-06-30": 1, "2008-03-31": "", "2007-12-31": 1, "2007-09-30": 0, "2007-06-30": -1, "2007-03-31": "", "2006-12-31": -4, "2006-09-30": 3, "2006-06-30": 0, "2006-03-31": "", "2005-12-31": 0, "2005-09-30": 0, "2005-06-30": -1, "2005-03-31": "1.00000"}, "Debt Issuance/Retirement Net - Total": {"2020-09-30": -205, "2020-06-30": 312, "2020-03-31": "825.00000", "2019-12-31": -67, "2019-09-30": 527, "2019-06-30": -97, "2019-03-31": "45.00000", "2018-12-31": 37, "2018-09-30": 13, "2018-06-30": 38, "2018-03-31": "80.00000", "2017-12-31": -263, "2017-09-30": -30, "2017-06-30": -49, "2017-03-31": "277.00000", "2016-12-31": -239, "2016-09-30": -169, "2016-06-30": -63, "2016-03-31": "266.00000", "2015-12-31": 37, "2015-09-30": -224, "2015-06-30": -142, "2015-03-31": "-42.00000", "2014-12-31": -85, "2014-09-30": -177, "2014-06-30": -25, "2014-03-31": "596.00000", "2013-12-31": 1129, "2013-09-30": 63, "2013-06-30": 73, "2013-03-31": "128.00000", "2012-12-31": 500, "2012-09-30": 723, "2012-06-30": -88, "2012-03-31": "-25.00000", "2011-12-31": -210, "2011-09-30": 1050, "2011-06-30": 0, "2011-03-31": "", "2010-12-31": 0, "2010-09-30": 0, "2010-06-30": -1, "2010-03-31": "-4.00000", "2009-12-31": 4, "2009-09-30": 0, "2009-06-30": -300, "2009-03-31": "", "2008-12-31": 0, "2008-09-30": -1, "2008-06-30": 1, "2008-03-31": "", "2007-12-31": 1, "2007-09-30": 0, "2007-06-30": -1, "2007-03-31": "", "2006-12-31": -4, "2006-09-30": 4, "2006-06-30": 0, "2006-03-31": "", "2005-12-31": 0, "2005-09-30": 0, "2005-06-30": -1, "2005-03-31": "1.00000"}, "Net Common Equity Issued/Repurchased": {"2020-09-30": 3, "2020-06-30": 6, "2020-03-31": "-38.00000", "2019-12-31": 4, "2019-09-30": -94, "2019-06-30": 6, "2019-03-31": "4.00000", "2018-12-31": 4, "2018-09-30": 5, "2018-06-30": -39, "2018-03-31": "-160.00000", "2017-12-31": 4, "2017-09-30": 3, "2017-06-30": 5, "2017-03-31": "-347.00000", "2016-12-31": 5, "2016-09-30": 4, "2016-06-30": -34, "2016-03-31": "-210.00000", "2015-12-31": -1002, "2015-09-30": 1, "2015-06-30": 5, "2015-03-31": "6.00000", "2014-12-31": 3, "2014-09-30": 3, "2014-06-30": 2, "2014-03-31": "5.00000", "2013-12-31": 5, "2013-09-30": 7, "2013-06-30": 27, "2013-03-31": "18.00000", "2012-12-31": 30, "2012-09-30": 10, "2012-06-30": 6, "2012-03-31": "7.00000", "2011-12-31": 3, "2011-09-30": 2, "2011-06-30": -28, "2011-03-31": "-29.00000", "2010-12-31": 4, "2010-09-30": -16, "2010-06-30": 1, "2010-03-31": "2.00000", "2009-12-31": 3, "2009-09-30": 2, "2009-06-30": 2, "2009-03-31": "1.00000", "2008-12-31": -68, "2008-09-30": -99, "2008-06-30": -121, "2008-03-31": "-189.00000", "2007-12-31": -78, "2007-09-30": 7, "2007-06-30": 18, "2007-03-31": "18.00000", "2006-12-31": 21, "2006-09-30": -87, "2006-06-30": -77, "2006-03-31": "-48.00000", "2005-12-31": -74, "2005-09-30": -87, "2005-06-30": -56, "2005-03-31": "-60.00000"}, "Net Total Equity Issued/Repurchased": {"2020-09-30": -3, "2020-06-30": 6, "2020-03-31": "-38.00000", "2019-12-31": 4, "2019-09-30": -396, "2019-06-30": 6, "2019-03-31": "4.00000", "2018-12-31": 4, "2018-09-30": 5, "2018-06-30": -39, "2018-03-31": "-160.00000", "2017-12-31": 4, "2017-09-30": 3, "2017-06-30": 5, "2017-03-31": "-347.00000", "2016-12-31": 5, "2016-09-30": 4, "2016-06-30": -34, "2016-03-31": "-210.00000", "2015-12-31": -208, "2015-09-30": 1, "2015-06-30": 5, "2015-03-31": "6.00000", "2014-12-31": 3, "2014-09-30": 3, "2014-06-30": 2, "2014-03-31": "5.00000", "2013-12-31": 5, "2013-09-30": 7, "2013-06-30": 27, "2013-03-31": "18.00000", "2012-12-31": 30, "2012-09-30": 10, "2012-06-30": 6, "2012-03-31": "7.00000", "2011-12-31": 3, "2011-09-30": 2, "2011-06-30": -28, "2011-03-31": "-29.00000", "2010-12-31": 4, "2010-09-30": -16, "2010-06-30": 1, "2010-03-31": "2.00000", "2009-12-31": 3, "2009-09-30": 2, "2009-06-30": 2, "2009-03-31": "1.00000", "2008-12-31": -68, "2008-09-30": -99, "2008-06-30": -121, "2008-03-31": "-189.00000", "2007-12-31": -78, "2007-09-30": 7, "2007-06-30": 18, "2007-03-31": "18.00000", "2006-12-31": 21, "2006-09-30": -87, "2006-06-30": -77, "2006-03-31": "-48.00000", "2005-12-31": -74, "2005-09-30": -87, "2005-06-30": -56, "2005-03-31": "-60.00000"}, "Total Common And Preferred Stock Dividends Paid": {"2020-09-30": 6, "2020-06-30": 0, "2020-03-31": "-6.00000", "2019-12-31": 0, "2019-09-30": 0, "2019-06-30": 0, "2019-03-31": "", "2018-12-31": 0, "2018-09-30": 0, "2018-06-30": 0, "2018-03-31": "", "2017-12-31": 0, "2017-09-30": 0, "2017-06-30": 0, "2017-03-31": "", "2016-12-31": 0, "2016-09-30": 0, "2016-06-30": 0, "2016-03-31": "", "2015-12-31": 0, "2015-09-30": 0, "2015-06-30": 0, "2015-03-31": "", "2014-12-31": 0, "2014-09-30": 0, "2014-06-30": 0, "2014-03-31": "", "2013-12-31": 0, "2013-09-30": 0, "2013-06-30": 0, "2013-03-31": "", "2012-12-31": 0, "2012-09-30": 0, "2012-06-30": 0, "2012-03-31": "", "2011-12-31": 0, "2011-09-30": 0, "2011-06-30": 0, "2011-03-31": "", "2010-12-31": 0, "2010-09-30": 0, "2010-06-30": 0, "2010-03-31": "", "2009-12-31": 0, "2009-09-30": 0, "2009-06-30": 0, "2009-03-31": "", "2008-12-31": 0, "2008-09-30": 0, "2008-06-30": 0, "2008-03-31": "", "2007-12-31": 0, "2007-09-30": 0, "2007-06-30": 0, "2007-03-31": "", "2006-12-31": 0, "2006-09-30": 0, "2006-06-30": 0, "2006-03-31": "", "2005-12-31": 0, "2005-09-30": 0, "2005-06-30": 0, "2005-03-31": ""}, "Financial Activities - Other": {"2020-09-30": -28, "2020-06-30": -26, "2020-03-31": "-16.00000", "2019-12-31": 3, "2019-09-30": -44, "2019-06-30": -20, "2019-03-31": "4.00000", "2018-12-31": -6, "2018-09-30": -1, "2018-06-30": -18, "2018-03-31": "-11.00000", "2017-12-31": -9, "2017-09-30": 0, "2017-06-30": -3, "2017-03-31": "-22.00000", "2016-12-31": -10, "2016-09-30": -2, "2016-06-30": -1, "2016-03-31": "-14.00000", "2015-12-31": -6, "2015-09-30": 0, "2015-06-30": -1, "2015-03-31": "-9.00000", "2014-12-31": -4, "2014-09-30": -4, "2014-06-30": -5, "2014-03-31": "-25.00000", "2013-12-31": -53, "2013-09-30": -10, "2013-06-30": -3, "2013-03-31": "-27.00000", "2012-12-31": -8, "2012-09-30": -15, "2012-06-30": 0, "2012-03-31": "-9.00000", "2011-12-31": 41, "2011-09-30": -28, "2011-06-30": 0, "2011-03-31": "1.00000", "2010-12-31": 0, "2010-09-30": 0, "2010-06-30": 0, "2010-03-31": "", "2009-12-31": 0, "2009-09-30": 0, "2009-06-30": 0, "2009-03-31": "", "2008-12-31": 0, "2008-09-30": 1, "2008-06-30": 1, "2008-03-31": "", "2007-12-31": -4, "2007-09-30": -194, "2007-06-30": 4, "2007-03-31": "2.00000", "2006-12-31": 2, "2006-09-30": -7, "2006-06-30": 4, "2006-03-31": "8.00000", "2005-12-31": 0, "2005-09-30": 0, "2005-06-30": 0, "2005-03-31": ""}, "Cash Flow From Financial Activities": {"2020-09-30": -230, "2020-06-30": 292, "2020-03-31": "765.00000", "2019-12-31": -60, "2019-09-30": 87, "2019-06-30": -111, "2019-03-31": "53.00000", "2018-12-31": 35, "2018-09-30": 17, "2018-06-30": -19, "2018-03-31": "-91.00000", "2017-12-31": -268, "2017-09-30": -27, "2017-06-30": -47, "2017-03-31": "-92.00000", "2016-12-31": -244, "2016-09-30": -167, "2016-06-30": -98, "2016-03-31": "42.00000", "2015-12-31": -177, "2015-09-30": -223, "2015-06-30": -138, "2015-03-31": "-45.00000", "2014-12-31": -86, "2014-09-30": -178, "2014-06-30": -28, "2014-03-31": "576.00000", "2013-12-31": 1081, "2013-09-30": 60, "2013-06-30": 97, "2013-03-31": "119.00000", "2012-12-31": 522, "2012-09-30": 718, "2012-06-30": -82, "2012-03-31": "-27.00000", "2011-12-31": -166, "2011-09-30": 1024, "2011-06-30": -28, "2011-03-31": "-28.00000", "2010-12-31": 4, "2010-09-30": -16, "2010-06-30": 0, "2010-03-31": "-2.00000", "2009-12-31": 7, "2009-09-30": 2, "2009-06-30": -298, "2009-03-31": "1.00000", "2008-12-31": -68, "2008-09-30": -99, "2008-06-30": -119, "2008-03-31": "-189.00000", "2007-12-31": -81, "2007-09-30": -187, "2007-06-30": 21, "2007-03-31": "20.00000", "2006-12-31": 19, "2006-09-30": -90, "2006-06-30": -73, "2006-03-31": "-40.00000", "2005-12-31": -74, "2005-09-30": -87, "2005-06-30": -57, "2005-03-31": "-59.00000"}, "Net Cash Flow": {"2020-09-30": -81, "2020-06-30": 459, "2020-03-31": "717.00000", "2019-12-31": 109, "2019-09-30": 62, "2019-06-30": -95, "2019-03-31": "-36.00000", "2018-12-31": 133, "2018-09-30": -7, "2018-06-30": -5, "2018-03-31": "-188.00000", "2017-12-31": 130, "2017-09-30": 31, "2017-06-30": -24, "2017-03-31": "-101.00000", "2016-12-31": 182, "2016-09-30": -14, "2016-06-30": -1, "2016-03-31": "5.00000", "2015-12-31": 25, "2015-09-30": -122, "2015-06-30": -37, "2015-03-31": "-49.00000", "2014-12-31": 87, "2014-09-30": -59, "2014-06-30": -32, "2014-03-31": "-13.00000", "2013-12-31": 68, "2013-09-30": 0, "2013-06-30": -23, "2013-03-31": "-586.00000", "2012-12-31": 488, "2012-09-30": 204, "2012-06-30": -37, "2012-03-31": "16.00000", "2011-12-31": 57, "2011-09-30": -116, "2011-06-30": -23, "2011-03-31": "-16.00000", "2010-12-31": 136, "2010-09-30": -87, "2010-06-30": 39, "2010-03-31": "-43.00000", "2009-12-31": 32, "2009-09-30": 12, "2009-06-30": -310, "2009-03-31": "6.00000", "2008-12-31": -22, "2008-09-30": -21, "2008-06-30": -97, "2008-03-31": "-101.00000", "2007-12-31": -81, "2007-09-30": -106, "2007-06-30": 59, "2007-03-31": "133.00000", "2006-12-31": 186, "2006-09-30": 14, "2006-06-30": 1, "2006-03-31": "-64.00000", "2005-12-31": 70, "2005-09-30": 16, "2005-06-30": 69, "2005-03-31": "-95.00000"}, "Stock-Based Compensation": {"2020-09-30": 31, "2020-06-30": 20, "2020-03-31": "25.00000", "2019-12-31": 31, "2019-09-30": 28, "2019-06-30": 25, "2019-03-31": "23.00000", "2018-12-31": 17, "2018-09-30": 15, "2018-06-30": 26, "2018-03-31": "14.00000", "2017-12-31": 17, "2017-09-30": 19, "2017-06-30": 22, "2017-03-31": "19.00000", "2016-12-31": 16, "2016-09-30": 16, "2016-06-30": 16, "2016-03-31": "13.00000", "2015-12-31": 10, "2015-09-30": 12, "2015-06-30": 11, "2015-03-31": "9.00000", "2014-12-31": 5, "2014-09-30": 7, "2014-06-30": 9, "2014-03-31": "10.00000", "2013-12-31": 7, "2013-09-30": 12, "2013-06-30": 12, "2013-03-31": "10.00000", "2012-12-31": 13, "2012-09-30": 14, "2012-06-30": 11, "2012-03-31": "11.00000", "2011-12-31": 9, "2011-09-30": 9, "2011-06-30": 8, "2011-03-31": "7.00000", "2010-12-31": 6, "2010-09-30": 6, "2010-06-30": 7, "2010-03-31": "2.00000", "2009-12-31": 1, "2009-09-30": -1, "2009-06-30": 8, "2009-03-31": "4.00000", "2008-12-31": 11, "2008-09-30": 10, "2008-06-30": 10, "2008-03-31": "10.00000", "2007-12-31": 14, "2007-09-30": 19, "2007-06-30": 4, "2007-03-31": "5.00000", "2006-12-31": 6, "2006-09-30": 0, "2006-06-30": 7, "2006-03-31": "7.00000", "2005-12-31": 1, "2005-09-30": 1, "2005-06-30": 1, "2005-03-31": "1.00000"}, "Common Stock Dividends Paid": {"2020-09-30": 0, "2020-06-30": 0, "2020-03-31": "", "2019-12-31": 0, "2019-09-30": 0, "2019-06-30": 0, "2019-03-31": "", "2018-12-31": 0, "2018-09-30": 0, "2018-06-30": 0, "2018-03-31": "", "2017-12-31": 0, "2017-09-30": 0, "2017-06-30": 0, "2017-03-31": "", "2016-12-31": 0, "2016-09-30": 0, "2016-06-30": 0, "2016-03-31": "", "2015-12-31": 0, "2015-09-30": 0, "2015-06-30": 0, "2015-03-31": "", "2014-12-31": 0, "2014-09-30": 0, "2014-06-30": 0, "2014-03-31": "", "2013-12-31": 0, "2013-09-30": 0, "2013-06-30": 0, "2013-03-31": "", "2012-12-31": 0, "2012-09-30": 0, "2012-06-30": 0, "2012-03-31": "", "2011-12-31": 0, "2011-09-30": 0, "2011-06-30": 0, "2011-03-31": "", "2010-12-31": 0, "2010-09-30": 0, "2010-06-30": 0, "2010-03-31": "", "2009-12-31": 0, "2009-09-30": 0, "2009-06-30": 0, "2009-03-31": "", "2008-12-31": 0, "2008-09-30": 0, "2008-06-30": 0, "2008-03-31": "", "2007-12-31": 0, "2007-09-30": 0, "2007-06-30": 0, "2007-03-31": "", "2006-12-31": 0, "2006-09-30": 0, "2006-06-30": 0, "2006-03-31": "", "2005-12-31": 0, "2005-09-30": 0, "2005-06-30": 0, "2005-03-31": ""}}, "financial ratios": {"Current Ratio": {"2019-12-31": "1.23880", "2018-12-31": "1.32470", "2017-12-31": "1.49810", "2016-12-31": "1.40310", "2015-12-31": "1.43120", "2014-12-31": "1.49180", "2013-12-31": "2.30680", "2012-12-31": "1.95520", "2011-12-31": "1.61320", "2010-12-31": "1.75000", "2009-12-31": "1.66350", "2008-12-31": "1.51030", "2007-12-31": "2.01830", "2006-12-31": "1.88250", "2005-12-31": "1.77930"}, "Long-term Debt / Capital": {"2019-12-31": "0.68570", "2018-12-31": "0.70320", "2017-12-31": "0.65730", "2016-12-31": "0.66000", "2015-12-31": "0.68000", "2014-12-31": "0.64570", "2013-12-31": "0.65060", "2012-12-31": "0.59600", "2011-12-31": "0.50960", "2010-12-31": "0.01080", "2009-12-31": "0.01820", "2008-12-31": "0.01480", "2007-12-31": "0.14870", "2006-12-31": "0.13990", "2005-12-31": "0.13030"}, "Debt/Equity Ratio": {"2019-12-31": "2.36950", "2018-12-31": "2.51590", "2017-12-31": "1.95240", "2016-12-31": "1.97350", "2015-12-31": "2.13390", "2014-12-31": "1.92140", "2013-12-31": "1.88110", "2012-12-31": "1.53120", "2011-12-31": "1.04020", "2010-12-31": "0.01200", "2009-12-31": "0.02530", "2008-12-31": "0.66240", "2007-12-31": "0.17530", "2006-12-31": "0.16320", "2005-12-31": "0.15090"}, "Gross Margin": {"2019-12-31": "27.78020", "2018-12-31": "26.15150", "2017-12-31": "28.46840", "2016-12-31": "27.78540", "2015-12-31": "23.05040", "2014-12-31": "26.27830", "2013-12-31": "28.41740", "2012-12-31": "28.70860", "2011-12-31": "17.97390", "2010-12-31": "21.01470", "2009-12-31": "19.13460", "2008-12-31": "22.25780", "2007-12-31": "20.92560", "2006-12-31": "20.23130", "2005-12-31": "20.52180"}, "Operating Margin": {"2019-12-31": "8.83590", "2018-12-31": "2.98200", "2017-12-31": "10.60470", "2016-12-31": "10.30110", "2015-12-31": "2.11830", "2014-12-31": "5.35580", "2013-12-31": "10.87700", "2012-12-31": "13.05410", "2011-12-31": "-2.79720", "2010-12-31": "3.16280", "2009-12-31": "2.23960", "2008-12-31": "6.05830", "2007-12-31": "4.40640", "2006-12-31": "3.36100", "2005-12-31": "2.63100"}, "EBIT Margin": {"2019-12-31": "8.83590", "2018-12-31": "2.98200", "2017-12-31": "10.60470", "2016-12-31": "10.30110", "2015-12-31": "2.11830", "2014-12-31": "5.35580", "2013-12-31": "10.87700", "2012-12-31": "13.05410", "2011-12-31": "-2.79720", "2010-12-31": "3.16280", "2009-12-31": "2.23960", "2008-12-31": "6.05830", "2007-12-31": "4.40640", "2006-12-31": "3.36100", "2005-12-31": "2.63100"}, "EBITDA Margin": {"2019-12-31": "13.65150", "2018-12-31": "8.13430", "2017-12-31": "16.03750", "2016-12-31": "15.55860", "2015-12-31": "6.95120", "2014-12-31": "9.66470", "2013-12-31": "14.27410", "2012-12-31": "15.95110", "2011-12-31": "-0.37800", "2010-12-31": "5.58270", "2009-12-31": "5.02280", "2008-12-31": "8.20320", "2007-12-31": "6.61970", "2006-12-31": "5.63070", "2005-12-31": "5.10850"}, "Pre-Tax Profit Margin": {"2019-12-31": "4.93130", "2018-12-31": "0.60890", "2017-12-31": "7.39720", "2016-12-31": "5.79250", "2015-12-31": "-1.49070", "2014-12-31": "2.07860", "2013-12-31": "9.04790", "2012-12-31": "12.18150", "2011-12-31": "-3.09960", "2010-12-31": "2.88690", "2009-12-31": "1.34810", "2008-12-31": "5.94540", "2007-12-31": "4.66800", "2006-12-31": "3.47010", "2005-12-31": "2.32410"}, "Net Profit Margin": {"2019-12-31": "8.15620", "2018-12-31": "-1.37390", "2017-12-31": "3.56050", "2016-12-31": "4.12650", "2015-12-31": "-2.85580", "2014-12-31": "2.89790", "2013-12-31": "7.23500", "2012-12-31": "8.39440", "2011-12-31": "-3.59100", "2010-12-31": "2.84440", "2009-12-31": "-0.71750", "2008-12-31": "4.28970", "2007-12-31": "5.51310", "2006-12-31": "8.33700", "2005-12-31": "11.59830"}, "Asset Turnover": {"2019-12-31": "0.76940", "2018-12-31": "0.82530", "2017-12-31": "0.85130", "2016-12-31": "0.85270", "2015-12-31": "0.83470", "2014-12-31": "0.76940", "2013-12-31": "0.75520", "2012-12-31": "0.89970", "2011-12-31": "0.94630", "2010-12-31": "1.08030", "2009-12-31": "1.12340", "2008-12-31": "1.24910", "2007-12-31": "1.03970", "2006-12-31": "0.87660", "2005-12-31": "0.86270"}, "Inventory Turnover Ratio": {"2019-12-31": "6.36990", "2018-12-31": "5.86850", "2017-12-31": "5.97560", "2016-12-31": "6.75970", "2015-12-31": "7.62680", "2014-12-31": "7.26310", "2013-12-31": "5.54810", "2012-12-31": "5.12550", "2011-12-31": "5.60720", "2010-12-31": "5.02160", "2009-12-31": "5.42130", "2008-12-31": "5.97110", "2007-12-31": "5.48120", "2006-12-31": "5.70200", "2005-12-31": "6.09240"}, "Receiveable Turnover": {"2019-12-31": "4.64090", "2018-12-31": "4.72350", "2017-12-31": "5.13070", "2016-12-31": "5.10370", "2015-12-31": "5.09430", "2014-12-31": "4.69440", "2013-12-31": "4.57280", "2012-12-31": "5.27620", "2011-12-31": "5.12690", "2010-12-31": "5.07650", "2009-12-31": "5.13280", "2008-12-31": "5.82150", "2007-12-31": "4.25880", "2006-12-31": "4.50980", "2005-12-31": "3.49500"}, "Days Sales In Receivables": {"2019-12-31": "78.64790", "2018-12-31": "77.27400", "2017-12-31": "71.14030", "2016-12-31": "71.51610", "2015-12-31": "71.64840", "2014-12-31": "77.75150", "2013-12-31": "79.81950", "2012-12-31": "69.17800", "2011-12-31": "71.19260", "2010-12-31": "71.89980", "2009-12-31": "71.11110", "2008-12-31": "62.69900", "2007-12-31": "85.70520", "2006-12-31": "80.93410", "2005-12-31": "104.43430"}, "ROE - Return On Equity": {"2019-12-31": "55.46520", "2018-12-31": "-8.52130", "2017-12-31": "33.24100", "2016-12-31": "41.05870", "2015-12-31": "-20.66120", "2014-12-31": "9.82470", "2013-12-31": "25.57490", "2012-12-31": "37.05150", "2011-12-31": "-11.95120", "2010-12-31": "16.04800", "2009-12-31": "10.97970", "2008-12-31": "53.33330", "2007-12-31": "9.73250", "2006-12-31": "8.02760", "2005-12-31": "15.52830"}, "Return On Tangible Equity": {"2019-12-31": "-31.69850", "2018-12-31": "1.67570", "2017-12-31": "-13.43030", "2016-12-31": "-15.48840", "2015-12-31": "7.47380", "2014-12-31": "-10.26070", "2013-12-31": "-186.12250", "2012-12-31": "-1900.00000", "2011-12-31": "24.19750", "2010-12-31": "18.70230", "2009-12-31": "13.21140", "2008-12-31": "65.09190", "2007-12-31": "10.10040", "2006-12-31": "8.29210", "2005-12-31": "16.57920"}, "ROA - Return On Assets": {"2019-12-31": "6.83210", "2018-12-31": "-0.43810", "2017-12-31": "3.13560", "2016-12-31": "3.74040", "2015-12-31": "-1.96460", "2014-12-31": "2.15970", "2013-12-31": "5.62410", "2012-12-31": "7.45800", "2011-12-31": "-1.75280", "2010-12-31": "3.37080", "2009-12-31": "1.58770", "2008-12-31": "5.82840", "2007-12-31": "3.57740", "2006-12-31": "2.88880", "2005-12-31": "5.97690"}, "ROI - Return On Investment": {"2019-12-31": "12.84790", "2018-12-31": "-0.80230", "2017-12-31": "5.36790", "2016-12-31": "6.31190", "2015-12-31": "-3.14930", "2014-12-31": "3.48140", "2013-12-31": "8.93590", "2012-12-31": "14.97010", "2011-12-31": "-5.86120", "2010-12-31": "15.87470", "2009-12-31": "10.77940", "2008-12-31": "52.54240", "2007-12-31": "8.28490", "2006-12-31": "6.90440", "2005-12-31": "13.50430"}, "Book Value Per Share": {"2019-12-31": "11.76190", "2018-12-31": "10.59820", "2017-12-31": "12.55740", "2016-12-31": "12.40770", "2015-12-31": "11.45870", "2014-12-31": "11.16850", "2013-12-31": "10.70230", "2012-12-31": "7.87470", "2011-12-31": "5.20300", "2010-12-31": "5.73580", "2009-12-31": "3.70930", "2008-12-31": "2.94120", "2007-12-31": "9.85970", "2006-12-31": "10.51430", "2005-12-31": "11.19980"}, "Operating Cash Flow Per Share": {"2019-12-31": -0.506, "2018-12-31": -1.0902, "2017-12-31": -1.0137, "2016-12-31": 2.8718, "2015-12-31": 1.0025, "2014-12-31": 1.4009, "2013-12-31": 2.7587, "2012-12-31": -3.5546, "2011-12-31": 0.7249, "2010-12-31": 0.1068, "2009-12-31": -0.9966, "2008-12-31": 1.7941, "2007-12-31": -0.2123, "2006-12-31": -0.627, "2005-12-31": 1.6658}, "Free Cash Flow Per Share": {"2019-12-31": -0.0778, "2018-12-31": -1.4407, "2017-12-31": -1.5245, "2016-12-31": 2.3677, "2015-12-31": 1.2507, "2014-12-31": 1.1757, "2013-12-31": 2.4108, "2012-12-31": -3.7168, "2011-12-31": 0.4988, "2010-12-31": 0.579, "2009-12-31": -1.538, "2008-12-31": 1.767, "2007-12-31": -0.191, "2006-12-31": -0.6633, "2005-12-31": 1.2374}}, "financial ratios, quarterly": {"Current Ratio": {"2020-09-30": "1.75460", "2020-06-30": "1.80300", "2020-03-31": "1.56980", "2019-12-31": "1.23880", "2019-09-30": "1.34530", "2019-06-30": "1.31780", "2019-03-31": "1.26670", "2018-12-31": "1.32470", "2018-09-30": "1.42470", "2018-06-30": "1.45770", "2018-03-31": "1.51360", "2017-12-31": "1.49810", "2017-09-30": "1.41740", "2017-06-30": "1.33270", "2017-03-31": "1.28760", "2016-12-31": "1.40310", "2016-09-30": "1.37410", "2016-06-30": "1.36490", "2016-03-31": "1.36340", "2015-12-31": "1.43120", "2015-09-30": "1.57930", "2015-06-30": "1.59160", "2015-03-31": "1.53260", "2014-12-31": "1.49180", "2014-09-30": "1.59960", "2014-06-30": "1.71560", "2014-03-31": "1.68580", "2013-12-31": "2.30680", "2013-09-30": "1.84940", "2013-06-30": "1.67360", "2013-03-31": "1.64020", "2012-12-31": "1.95520", "2012-09-30": "1.70870", "2012-06-30": "1.58780", "2012-03-31": "1.60070", "2011-12-31": "1.61320", "2011-09-30": "1.64060", "2011-06-30": "1.69630", "2011-03-31": "1.70740", "2010-12-31": "1.75000", "2010-09-30": "1.70160", "2010-06-30": "1.71460", "2010-03-31": "1.64450", "2009-12-31": "1.66350", "2009-09-30": "1.69000", "2009-06-30": "1.70660", "2009-03-31": "1.54030", "2008-12-31": "1.51030", "2008-09-30": "1.53030", "2008-06-30": "1.55770", "2008-03-31": "1.99790", "2007-12-31": "2.01830", "2007-09-30": "2.07210", "2007-06-30": "1.96410", "2007-03-31": "1.89240", "2006-12-31": "1.88250", "2006-09-30": "1.78090", "2006-06-30": "1.80850", "2006-03-31": "1.65510", "2005-12-31": "1.77930", "2005-09-30": "1.57320", "2005-06-30": "1.61560", "2005-03-31": "1.56960"}, "Long-term Debt / Capital": {"2020-09-30": "0.78060", "2020-06-30": "0.79930", "2020-03-31": "0.79890", "2019-12-31": "0.74750", "2019-09-30": "0.75340", "2019-06-30": "0.67100", "2019-03-31": "0.68730", "2018-12-31": "0.70320", "2018-09-30": "0.69010", "2018-06-30": "0.70960", "2018-03-31": "0.68090", "2017-12-31": "0.65730", "2017-09-30": "0.65480", "2017-06-30": "0.67780", "2017-03-31": "0.70120", "2016-12-31": "0.66000", "2016-09-30": "0.66760", "2016-06-30": "0.69830", "2016-03-31": "0.70820", "2015-12-31": "0.68000", "2015-09-30": "0.65940", "2015-06-30": "0.68120", "2015-03-31": "0.64370", "2014-12-31": "0.64570", "2014-09-30": "0.65450", "2014-06-30": "0.66280", "2014-03-31": "0.67930", "2013-12-31": "0.65060", "2013-09-30": "0.58410", "2013-06-30": "0.58610", "2013-03-31": "0.59450", "2012-12-31": "0.59600", "2012-09-30": "0.57940", "2012-06-30": "0.41650", "2012-03-31": "0.47950", "2011-12-31": "0.50960", "2011-09-30": "0.50020", "2011-06-30": "0.00990", "2011-03-31": "0.01040", "2010-12-31": "0.01080", "2010-09-30": "0.01210", "2010-06-30": "0.01390", "2010-03-31": "0.01740", "2009-12-31": "0.01820", "2009-09-30": "0.02240", "2009-06-30": "0.01450", "2009-03-31": "0.01540", "2008-12-31": "0.01480", "2008-09-30": "0.00460", "2008-06-30": "0.00500", "2008-03-31": "0.15590", "2007-12-31": "0.14870", "2007-09-30": "0.14800", "2007-06-30": "0.12470", "2007-03-31": "0.13380", "2006-12-31": "0.13990", "2006-09-30": "0.11340", "2006-06-30": "0.12570", "2006-03-31": "0.12890", "2005-12-31": "0.13030", "2005-09-30": "0.12060", "2005-06-30": "0.12760", "2005-03-31": "0.12990"}, "Debt/Equity Ratio": {"2020-09-30": "3.74310", "2020-06-30": "4.17630", "2020-03-31": "4.26970", "2019-12-31": "3.21500", "2019-09-30": "3.24110", "2019-06-30": "2.17750", "2019-03-31": "2.42160", "2018-12-31": "2.51590", "2018-09-30": "2.41650", "2018-06-30": "2.57620", "2018-03-31": "2.15730", "2017-12-31": "1.95240", "2017-09-30": "2.06800", "2017-06-30": "2.29030", "2017-03-31": "2.53850", "2016-12-31": "1.97350", "2016-09-30": "2.17810", "2016-06-30": "2.50140", "2016-03-31": "2.61250", "2015-12-31": "2.13390", "2015-09-30": "1.93910", "2015-06-30": "2.17400", "2015-03-31": "1.89660", "2014-12-31": "1.92140", "2014-09-30": "1.93840", "2014-06-30": "2.00770", "2014-03-31": "2.15320", "2013-12-31": "1.88110", "2013-09-30": "1.41400", "2013-06-30": "1.47410", "2013-03-31": "1.52180", "2012-12-31": "1.53120", "2012-09-30": "1.43050", "2012-06-30": "0.75360", "2012-03-31": "0.94190", "2011-12-31": "1.04020", "2011-09-30": "1.00190", "2011-06-30": "0.01100", "2011-03-31": "0.01160", "2010-12-31": "0.01200", "2010-09-30": "0.01220", "2010-06-30": "0.01410", "2010-03-31": "0.01770", "2009-12-31": "0.02530", "2009-09-30": "0.02300", "2009-06-30": "0.01470", "2009-03-31": "0.68600", "2008-12-31": "0.66240", "2008-09-30": "0.20490", "2008-06-30": "0.19480", "2008-03-31": "0.18540", "2007-12-31": "0.17530", "2007-09-30": "0.17370", "2007-06-30": "0.14300", "2007-03-31": "0.15500", "2006-12-31": "0.16320", "2006-09-30": "0.13000", "2006-06-30": "0.14470", "2006-03-31": "0.14900", "2005-12-31": "0.15090", "2005-09-30": "0.13810", "2005-06-30": "0.14720", "2005-03-31": "0.15070"}, "Gross Margin": {"2020-09-30": "26.87230", "2020-06-30": "25.06740", "2020-03-31": "26.41380", "2019-12-31": "28.20790", "2019-09-30": "28.43520", "2019-06-30": "27.54390", "2019-03-31": "26.75780", "2018-12-31": "24.54190", "2018-09-30": "26.45160", "2018-06-30": "26.21990", "2018-03-31": "27.68620", "2017-12-31": "28.61950", "2017-09-30": "28.38240", "2017-06-30": "28.93910", "2017-03-31": "27.87550", "2016-12-31": "28.57940", "2016-09-30": "28.44370", "2016-06-30": "27.53090", "2016-03-31": "26.31580", "2015-12-31": "28.33330", "2015-09-30": "28.33230", "2015-06-30": "9.10220", "2015-03-31": "26.42280", "2014-12-31": "24.43440", "2014-09-30": "24.52950", "2014-06-30": "28.95050", "2014-03-31": "27.40450", "2013-12-31": "31.73650", "2013-09-30": "27.51990", "2013-06-30": "27.75240", "2013-03-31": "26.17020", "2012-12-31": "34.95740", "2012-09-30": "26.62020", "2012-06-30": "26.54370", "2012-03-31": "25.32150", "2011-12-31": "9.61900", "2011-09-30": "21.98530", "2011-06-30": "21.93400", "2011-03-31": "20.69940", "2010-12-31": "24.01850", "2010-09-30": "20.38110", "2010-06-30": "20.49320", "2010-03-31": "18.56170", "2009-12-31": "18.24320", "2009-09-30": "19.73570", "2009-06-30": "20.37370", "2009-03-31": "18.25400", "2008-12-31": "23.01200", "2008-09-30": "22.48010", "2008-06-30": "21.54660", "2008-03-31": "21.89350", "2007-12-31": "23.14270", "2007-09-30": "20.50080", "2007-06-30": "22.81600", "2007-03-31": "15.82660", "2006-12-31": "-14.53670", "2006-09-30": "21.10330", "2006-06-30": "27.75960", "2006-03-31": "27.43570", "2005-12-31": "-106.80000", "2005-09-30": "29.10550", "2005-06-30": "26.93880", "2005-03-31": "27.62470"}, "Operating Margin": {"2020-09-30": "7.42610", "2020-06-30": "5.99730", "2020-03-31": "5.12310", "2019-12-31": "9.65010", "2019-09-30": "9.64670", "2019-06-30": "9.18130", "2019-03-31": "6.51040", "2018-12-31": "3.49810", "2018-09-30": "8.06450", "2018-06-30": "-6.89660", "2018-03-31": "7.18520", "2017-12-31": "11.33560", "2017-09-30": "11.96630", "2017-06-30": "10.98560", "2017-03-31": "7.78080", "2016-12-31": "12.26420", "2016-09-30": "11.27010", "2016-06-30": "10.06170", "2016-03-31": "6.99450", "2015-12-31": "8.21430", "2015-09-30": "10.41540", "2015-06-30": "-16.58350", "2015-03-31": "6.43630", "2014-12-31": "1.97960", "2014-09-30": "2.48940", "2014-06-30": "10.19300", "2014-03-31": "7.11460", "2013-12-31": "17.78440", "2013-09-30": "9.61540", "2013-06-30": "9.05540", "2013-03-31": "6.02840", "2012-12-31": "25.03050", "2012-09-30": "8.98950", "2012-06-30": "9.22640", "2012-03-31": "6.27010", "2011-12-31": "-16.11490", "2011-09-30": "2.05880", "2011-06-30": "4.87420", "2011-03-31": "1.89040", "2010-12-31": "7.85220", "2010-09-30": "2.81690", "2010-06-30": "2.63610", "2010-03-31": "-1.74930", "2009-12-31": "3.37840", "2009-09-30": "2.55510", "2009-06-30": "3.46980", "2009-03-31": "-0.99210", "2008-12-31": "6.68540", "2008-09-30": "7.25160", "2008-06-30": "4.65470", "2008-03-31": "5.49450", "2007-12-31": "7.82380", "2007-09-30": "2.97340", "2007-06-30": "6.70060", "2007-03-31": "-1.71370", "2006-12-31": "-7.02880", "2006-09-30": "4.20320", "2006-06-30": "6.72760", "2006-03-31": "3.66330", "2005-12-31": "-47.60000", "2005-09-30": "7.47660", "2005-06-30": "4.96600", "2005-03-31": "4.02080"}, "EBIT Margin": {"2020-09-30": "7.42610", "2020-06-30": "5.99730", "2020-03-31": "5.12310", "2019-12-31": "9.65010", "2019-09-30": "9.64670", "2019-06-30": "9.18130", "2019-03-31": "6.51040", "2018-12-31": "3.49810", "2018-09-30": "8.06450", "2018-06-30": "-6.89660", "2018-03-31": "7.18520", "2017-12-31": "11.33560", "2017-09-30": "11.96630", "2017-06-30": "10.98560", "2017-03-31": "7.78080", "2016-12-31": "12.26420", "2016-09-30": "11.27010", "2016-06-30": "10.06170", "2016-03-31": "6.99450", "2015-12-31": "8.21430", "2015-09-30": "10.41540", "2015-06-30": "-16.58350", "2015-03-31": "6.43630", "2014-12-31": "1.97960", "2014-09-30": "2.48940", "2014-06-30": "10.19300", "2014-03-31": "7.11460", "2013-12-31": "17.78440", "2013-09-30": "9.61540", "2013-06-30": "9.05540", "2013-03-31": "6.02840", "2012-12-31": "25.03050", "2012-09-30": "8.98950", "2012-06-30": "9.22640", "2012-03-31": "6.27010", "2011-12-31": "-16.11490", "2011-09-30": "2.05880", "2011-06-30": "4.87420", "2011-03-31": "1.89040", "2010-12-31": "7.85220", "2010-09-30": "2.81690", "2010-06-30": "2.63610", "2010-03-31": "-1.74930", "2009-12-31": "3.37840", "2009-09-30": "2.55510", "2009-06-30": "3.46980", "2009-03-31": "-0.99210", "2008-12-31": "6.68540", "2008-09-30": "7.25160", "2008-06-30": "4.65470", "2008-03-31": "5.49450", "2007-12-31": "7.82380", "2007-09-30": "2.97340", "2007-06-30": "6.70060", "2007-03-31": "-1.71370", "2006-12-31": "-7.02880", "2006-09-30": "4.20320", "2006-06-30": "6.72760", "2006-03-31": "3.66330", "2005-12-31": "-47.60000", "2005-09-30": "7.47660", "2005-06-30": "4.96600", "2005-03-31": "4.02080"}, "EBITDA Margin": {"2020-09-30": "", "2020-06-30": "", "2020-03-31": "", "2019-12-31": "", "2019-09-30": "", "2019-06-30": "", "2019-03-31": "", "2018-12-31": "", "2018-09-30": "", "2018-06-30": "", "2018-03-31": "", "2017-12-31": "", "2017-09-30": "", "2017-06-30": "", "2017-03-31": "", "2016-12-31": "", "2016-09-30": "", "2016-06-30": "", "2016-03-31": "", "2015-12-31": "", "2015-09-30": "", "2015-06-30": "", "2015-03-31": "", "2014-12-31": "", "2014-09-30": "", "2014-06-30": "", "2014-03-31": "", "2013-12-31": "", "2013-09-30": "", "2013-06-30": "", "2013-03-31": "", "2012-12-31": "", "2012-09-30": "", "2012-06-30": "", "2012-03-31": "", "2011-12-31": "", "2011-09-30": "", "2011-06-30": "", "2011-03-31": "", "2010-12-31": "", "2010-09-30": "", "2010-06-30": "", "2010-03-31": "", "2009-12-31": "", "2009-09-30": "", "2009-06-30": "", "2009-03-31": "", "2008-12-31": "", "2008-09-30": "", "2008-06-30": "", "2008-03-31": "", "2007-12-31": "", "2007-09-30": "", "2007-06-30": "", "2007-03-31": "", "2006-12-31": "", "2006-09-30": "", "2006-06-30": "", "2006-03-31": "", "2005-12-31": "", "2005-09-30": "", "2005-06-30": "", "2005-03-31": ""}, "Pre-Tax Profit Margin": {"2020-09-30": "2.01380", "2020-06-30": "2.02160", "2020-03-31": "1.66330", "2019-12-31": "4.40080", "2019-09-30": "6.05720", "2019-06-30": "6.02340", "2019-03-31": "3.05990", "2018-12-31": "3.33150", "2018-09-30": "4.64520", "2018-06-30": "-10.14960", "2018-03-31": "4.15290", "2017-12-31": "7.35130", "2017-09-30": "9.01980", "2017-06-30": "8.16070", "2017-03-31": "4.80380", "2016-12-31": "4.93900", "2016-09-30": "8.34820", "2016-06-30": "6.48150", "2016-03-31": "3.11630", "2015-12-31": "3.15480", "2015-09-30": "7.37760", "2015-06-30": "-19.38900", "2015-03-31": "2.98100", "2014-12-31": "-1.24430", "2014-09-30": "-1.15360", "2014-06-30": "7.23760", "2014-03-31": "3.82080", "2013-12-31": "15.50900", "2013-09-30": "7.89120", "2013-06-30": "7.16610", "2013-03-31": "4.68090", "2012-12-31": "23.87330", "2012-09-30": "8.50170", "2012-06-30": "8.30380", "2012-03-31": "5.38590", "2011-12-31": "-17.11430", "2011-09-30": "1.76470", "2011-06-30": "4.71700", "2011-03-31": "2.45750", "2010-12-31": "6.77440", "2010-09-30": "2.89980", "2010-06-30": "2.63610", "2010-03-31": "-1.74930", "2009-12-31": "2.85290", "2009-09-30": "0.44050", "2009-06-30": "3.02490", "2009-03-31": "-1.48810", "2008-12-31": "6.33360", "2008-09-30": "7.17910", "2008-06-30": "4.57960", "2008-03-31": "5.57900", "2007-12-31": "7.62660", "2007-09-30": "3.91240", "2007-06-30": "6.78540", "2007-03-31": "-1.41130", "2006-12-31": "-6.86900", "2006-09-30": "4.37830", "2006-06-30": "6.66230", "2006-03-31": "3.89710", "2005-12-31": "-49.20000", "2005-09-30": "7.34310", "2005-06-30": "5.37420", "2005-03-31": "2.97840"}, "Net Profit Margin": {"2020-09-30": "1.57330", "2020-06-30": "3.84100", "2020-03-31": "1.13110", "2019-12-31": "24.01910", "2019-09-30": "0.61690", "2019-06-30": "4.44440", "2019-03-31": "1.56250", "2018-12-31": "-0.61080", "2018-09-30": "4.64520", "2018-06-30": "-10.21470", "2018-03-31": "0.52740", "2017-12-31": "2.30080", "2017-09-30": "7.09560", "2017-06-30": "5.64970", "2017-03-31": "-1.15020", "2016-12-31": "5.21640", "2016-09-30": "5.48600", "2016-06-30": "3.88890", "2016-03-31": "1.45430", "2015-12-31": "1.42860", "2015-09-30": "6.07560", "2015-06-30": "-21.44640", "2015-03-31": "2.71000", "2014-12-31": "1.86650", "2014-09-30": "0.91070", "2014-06-30": "5.42820", "2014-03-31": "3.49140", "2013-12-31": "11.85630", "2013-09-30": "6.49870", "2013-06-30": "5.60260", "2013-03-31": "4.32620", "2012-12-31": "14.73810", "2012-09-30": "6.06270", "2012-06-30": "7.23920", "2012-03-31": "4.01930", "2011-12-31": "-15.74020", "2011-09-30": "1.17650", "2011-06-30": "2.59430", "2011-03-31": "1.22870", "2010-12-31": "3.00230", "2010-09-30": "6.87660", "2010-06-30": "2.63610", "2010-03-31": "-1.84650", "2009-12-31": "-4.20420", "2009-09-30": "1.32160", "2009-06-30": "2.04630", "2009-03-31": "-1.48810", "2008-12-31": "3.94090", "2008-09-30": "5.80130", "2008-06-30": "3.30330", "2008-03-31": "4.05750", "2007-12-31": "5.85140", "2007-09-30": "4.14710", "2007-06-30": "8.31210", "2007-03-31": "3.42740", "2006-12-31": "27.79550", "2006-09-30": "7.79330", "2006-06-30": "5.09470", "2006-03-31": "3.19560", "2005-12-31": "60.00000", "2005-09-30": "14.81980", "2005-06-30": "8.63950", "2005-03-31": "2.23380"}, "Asset Turnover": {"2020-09-30": "0.16170", "2020-06-30": "0.14920", "2020-03-31": "0.15730", "2019-12-31": "0.20990", "2019-09-30": "0.21100", "2019-06-30": "0.20800", "2019-03-31": "0.18740", "2018-12-31": "0.23210", "2018-09-30": "0.20650", "2018-06-30": "0.20870", "2018-03-31": "0.19850", "2017-12-31": "0.23280", "2017-09-30": "0.21180", "2017-06-30": "0.20510", "2017-03-31": "0.19130", "2016-12-31": "0.23480", "2016-09-30": "0.21750", "2016-06-30": "0.20900", "2016-03-31": "0.18630", "2015-12-31": "0.22000", "2015-09-30": "0.20450", "2015-06-30": "0.19890", "2015-03-31": "0.17340", "2014-12-31": "0.20640", "2014-09-30": "0.19130", "2014-06-30": "0.18740", "2014-03-31": "0.17200", "2013-12-31": "0.20600", "2013-09-30": "0.21920", "2013-06-30": "0.22890", "2013-03-31": "0.21190", "2012-12-31": "0.25780", "2012-09-30": "0.23780", "2012-06-30": "0.25060", "2012-03-31": "0.21860", "2011-12-31": "0.28640", "2011-09-30": "0.23940", "2011-06-30": "0.28240", "2011-03-31": "0.23660", "2010-12-31": "0.29790", "2010-09-30": "0.27950", "2010-06-30": "0.28510", "2010-03-31": "0.25070", "2009-12-31": "0.32540", "2009-09-30": "0.29070", "2009-06-30": "0.29430", "2009-03-31": "0.24340", "2008-12-31": "0.33400", "2008-09-30": "0.31300", "2008-06-30": "0.29240", "2008-03-31": "0.25410", "2007-12-31": "0.31820", "2007-09-30": "0.26920", "2007-06-30": "0.21000", "2007-03-31": "0.18310", "2006-12-31": "0.11980", "2006-09-30": "0.20170", "2006-06-30": "0.28300", "2006-03-31": "0.24140", "2005-12-31": "0.04730", "2005-09-30": "0.27570", "2005-06-30": "0.27640", "2005-03-31": "0.24880"}, "Inventory Turnover Ratio": {"2020-09-30": "1.55350", "2020-06-30": "1.42200", "2020-03-31": "1.48060", "2019-12-31": "1.72700", "2019-09-30": "1.47510", "2019-06-30": "1.42740", "2019-03-31": "1.28720", "2018-12-31": "1.68610", "2018-09-30": "1.24450", "2018-06-30": "1.34680", "2018-03-31": "1.33460", "2017-12-31": "1.63080", "2017-09-30": "1.44540", "2017-06-30": "1.36720", "2017-03-31": "1.33250", "2016-12-31": "1.84120", "2016-09-30": "1.54640", "2016-06-30": "1.53460", "2016-03-31": "1.46760", "2015-12-31": "1.87250", "2015-09-30": "1.61000", "2015-06-30": "2.05640", "2015-03-31": "1.60650", "2014-12-31": "1.99700", "2014-09-30": "1.59970", "2014-06-30": "1.44360", "2014-03-31": "1.34390", "2013-12-31": "1.44300", "2013-09-30": "1.29810", "2013-06-30": "1.34420", "2013-03-31": "1.22900", "2012-12-31": "1.34000", "2012-09-30": "1.27480", "2012-06-30": "1.29700", "2012-03-31": "1.15840", "2011-12-31": "1.86950", "2011-09-30": "1.24820", "2011-06-30": "1.22590", "2011-03-31": "1.05800", "2010-12-31": "1.33200", "2010-09-30": "1.17910", "2010-06-30": "1.28260", "2010-03-31": "1.16390", "2009-12-31": "1.58750", "2009-09-30": "1.28670", "2009-06-30": "1.29520", "2009-03-31": "1.18220", "2008-12-31": "1.58090", "2008-09-30": "1.50350", "2008-06-30": "1.42180", "2008-03-31": "1.22870", "2007-12-31": "1.63040", "2007-09-30": "1.32460", "2007-06-30": "1.23140", "2007-03-31": "1.16460", "2006-12-31": "1.11860", "2006-09-30": "1.27260", "2006-06-30": "1.66320", "2006-03-31": "2.36900", "2005-12-31": "0.86890", "2005-09-30": "2.68860", "2005-06-30": "2.91060", "2005-03-31": "2.73030"}, "Receiveable Turnover": {"2020-09-30": "1.27320", "2020-06-30": "1.18820", "2020-03-31": "1.11090", "2019-12-31": "1.26580", "2019-09-30": "1.19910", "2019-06-30": "1.19580", "2019-03-31": "1.15060", "2018-12-31": "1.32820", "2018-09-30": "1.18410", "2018-06-30": "1.20830", "2018-03-31": "1.13380", "2017-12-31": "1.40320", "2017-09-30": "1.18110", "2017-06-30": "1.20590", "2017-03-31": "1.13870", "2016-12-31": "1.40560", "2016-09-30": "1.20910", "2016-06-30": "1.18940", "2016-03-31": "1.10570", "2015-12-31": "1.34290", "2015-09-30": "1.13270", "2015-06-30": "1.12560", "2015-03-31": "1.04310", "2014-12-31": "1.25930", "2014-09-30": "1.13270", "2014-06-30": "1.13250", "2014-03-31": "1.05270", "2013-12-31": "1.24720", "2013-09-30": "1.11790", "2013-06-30": "1.21250", "2013-03-31": "1.18190", "2012-12-31": "1.51200", "2012-09-30": "1.27670", "2012-06-30": "1.30710", "2012-03-31": "1.16810", "2011-12-31": "1.55140", "2011-09-30": "1.20570", "2011-06-30": "1.29800", "2011-03-31": "1.11840", "2010-12-31": "1.39980", "2010-09-30": "1.26120", "2010-06-30": "1.33790", "2010-03-31": "1.16400", "2009-12-31": "1.48660", "2009-09-30": "1.34480", "2009-06-30": "1.31310", "2009-03-31": "1.17890", "2008-12-31": "1.55640", "2008-09-30": "1.46240", "2008-06-30": "1.34410", "2008-03-31": "1.12880", "2007-12-31": "1.30330", "2007-09-30": "1.26040", "2007-06-30": "0.85130", "2007-03-31": "0.74920", "2006-12-31": "0.61610", "2006-09-30": "0.87440", "2006-06-30": "1.17680", "2006-03-31": "0.99460", "2005-12-31": "0.19160", "2005-09-30": "1.17950", "2005-06-30": "1.24160", "2005-03-31": "1.04600"}, "Days Sales In Receivables": {"2020-09-30": "70.68600", "2020-06-30": "75.74800", "2020-03-31": "81.01800", "2019-12-31": "71.10290", "2019-09-30": "75.05890", "2019-06-30": "75.26320", "2019-03-31": "78.22270", "2018-12-31": "67.76240", "2018-09-30": "76.00650", "2018-06-30": "74.48280", "2018-03-31": "79.38040", "2017-12-31": "64.14140", "2017-09-30": "76.19960", "2017-06-30": "74.63280", "2017-03-31": "79.03930", "2016-12-31": "64.02890", "2016-09-30": "74.43650", "2016-06-30": "75.66670", "2016-03-31": "81.39890", "2015-12-31": "67.01790", "2015-09-30": "79.45440", "2015-06-30": "79.95640", "2015-03-31": "86.28050", "2014-12-31": "71.47060", "2014-09-30": "79.45360", "2014-06-30": "79.46920", "2014-03-31": "85.49410", "2013-12-31": "72.16170", "2013-09-30": "80.51060", "2013-06-30": "74.22800", "2013-03-31": "76.14890", "2012-12-31": "59.52500", "2012-09-30": "70.49480", "2012-06-30": "68.85740", "2012-03-31": "77.04980", "2011-12-31": "58.01370", "2011-09-30": "74.64710", "2011-06-30": "69.33960", "2011-03-31": "80.47260", "2010-12-31": "64.29560", "2010-09-30": "71.35870", "2010-06-30": "67.27040", "2010-03-31": "77.31780", "2009-12-31": "60.54050", "2009-09-30": "66.92510", "2009-06-30": "68.54090", "2009-03-31": "76.33930", "2008-12-31": "57.82550", "2008-09-30": "61.54460", "2008-06-30": "66.95950", "2008-03-31": "79.72950", "2007-12-31": "69.05330", "2007-09-30": "71.40850", "2007-06-30": "105.72520", "2007-03-31": "120.12100", "2006-12-31": "146.07030", "2006-09-30": "102.92470", "2006-06-30": "76.47940", "2006-03-31": "90.49100", "2005-12-31": "469.80000", "2005-09-30": "76.30170", "2005-06-30": "72.48980", "2005-03-31": "86.04620"}, "ROE - Return On Equity": {"2020-09-30": "2.66890", "2020-06-30": "5.69900", "2020-03-31": "2.33690", "2019-12-31": "34.68840", "2019-09-30": "14.22710", "2019-06-30": "16.08780", "2019-03-31": "8.37000", "2018-12-31": "-8.27070", "2018-09-30": "19.41960", "2018-06-30": "-38.50270", "2018-03-31": "9.30230", "2017-12-31": "-4.57060", "2017-09-30": "15.37470", "2017-06-30": "14.99230", "2017-03-31": "10.65420", "2016-12-31": "10.30040", "2016-09-30": "16.14820", "2016-06-30": "13.21430", "2016-03-31": "5.94800", "2015-12-31": "6.61160", "2015-09-30": "6.14930", "2015-06-30": "-21.46430", "2015-03-31": "2.20360", "2014-12-31": "2.12430", "2014-09-30": "", "2014-06-30": "4.65710", "2014-03-31": "2.94440", "2013-12-31": "11.49750", "2013-09-30": "6.34920", "2013-06-30": "5.92640", "2013-03-31": "4.65790", "2012-12-31": "18.48670", "2012-09-30": "8.70840", "2012-06-30": "9.06310", "2012-03-31": "6.83370", "2011-12-31": "-22.80490", "2011-09-30": "2.07550", "2011-06-30": "4.71890", "2011-03-31": "2.10530", "2010-12-31": "6.98690", "2010-09-30": "9.79190", "2010-06-30": "2.82090", "2010-03-31": "-2.73750", "2009-12-31": "6.92570", "2009-09-30": "3.54910", "2009-06-30": "4.41180", "2009-03-31": "-3.11800", "2008-12-31": "15.69890", "2008-09-30": "5.45580", "2008-06-30": "2.77430", "2008-03-31": "2.93940", "2007-12-31": "5.46390", "2007-09-30": "1.86760", "2007-06-30": "2.37540", "2007-03-31": "-0.45430", "2006-12-31": "-0.37210", "2006-09-30": "1.62980", "2006-06-30": "3.67750", "2006-03-31": "1.98930", "2005-12-31": "-3.09580", "2005-09-30": "9.95070", "2005-06-30": "6.07070", "2005-03-31": "1.46340"}, "Return On Tangible Equity": {"2020-09-30": "-1.47060", "2020-06-30": "-2.82940", "2020-03-31": "-1.01100", "2019-12-31": "-16.46660", "2019-09-30": "-4.76410", "2019-06-30": "-4.81140", "2019-03-31": "-1.94670", "2018-12-31": "1.62640", "2018-09-30": "-4.84410", "2018-06-30": "7.58290", "2018-03-31": "-2.98190", "2017-12-31": "1.84670", "2017-09-30": "-6.76520", "2017-06-30": "-5.04950", "2017-03-31": "-2.75900", "2016-12-31": "-3.88560", "2016-09-30": "-5.64470", "2016-06-30": "-3.54410", "2016-03-31": "-1.47870", "2015-12-31": "-2.39160", "2015-09-30": "-5.40680", "2015-06-30": "16.95500", "2015-03-31": "-2.41240", "2014-12-31": "-2.21850", "2014-09-30": "", "2014-06-30": "-4.97000", "2014-03-31": "-2.72870", "2013-12-31": "-83.67350", "2013-09-30": "-26.95420", "2013-06-30": "-18.23900", "2013-03-31": "-11.01550", "2012-12-31": "-947.99990", "2012-09-30": "-36.62550", "2012-06-30": "-35.31750", "2012-03-31": "-17.54390", "2011-12-31": "46.17280", "2011-09-30": "-11.82800", "2011-06-30": "5.33480", "2011-03-31": "2.39810", "2010-12-31": "8.14250", "2010-09-30": "11.17320", "2010-06-30": "3.27870", "2010-03-31": "-3.25670", "2009-12-31": "8.33330", "2009-09-30": "4.35900", "2009-06-30": "5.41240", "2009-03-31": "-3.82510", "2008-12-31": "19.16010", "2008-09-30": "5.77870", "2008-06-30": "2.89660", "2008-03-31": "3.06060", "2007-12-31": "5.67040", "2007-09-30": "1.93430", "2007-06-30": "2.55130", "2007-03-31": "-0.49150", "2006-12-31": "-0.38440", "2006-09-30": "1.73870", "2006-06-30": "3.95340", "2006-03-31": "2.13430", "2005-12-31": "-3.30540", "2005-09-30": "10.53130", "2005-06-30": "6.45330", "2005-03-31": "1.55760"}, "ROA - Return On Assets": {"2020-09-30": "0.32560", "2020-06-30": "0.64330", "2020-03-31": "0.25120", "2019-12-31": "4.27280", "2019-09-30": "1.23060", "2019-06-30": "1.07030", "2019-03-31": "0.46350", "2018-12-31": "-0.42520", "2018-09-30": "1.15920", "2018-06-30": "-1.95550", "2018-03-31": "0.73290", "2017-12-31": "-0.43110", "2017-09-30": "1.51590", "2017-06-30": "1.24890", "2017-03-31": "0.73790", "2016-12-31": "0.93840", "2016-09-30": "1.41360", "2016-06-30": "0.95470", "2016-03-31": "0.41280", "2015-12-31": "0.62870", "2015-09-30": "1.30590", "2015-06-30": "-4.25240", "2015-03-31": "0.49340", "2014-12-31": "0.46700", "2014-09-30": "", "2014-06-30": "1.02840", "2014-03-31": "0.61170", "2013-12-31": "2.52840", "2013-09-30": "1.45390", "2013-06-30": "1.29730", "2013-03-31": "0.96170", "2012-12-31": "3.72110", "2012-09-30": "1.47500", "2012-06-30": "1.58280", "2012-03-31": "1.05450", "2011-12-31": "-3.34470", "2011-09-30": "0.38730", "2011-06-30": "1.04350", "2011-03-31": "0.44720", "2010-12-31": "1.46760", "2010-09-30": "1.85270", "2010-06-30": "0.48480", "2010-03-31": "-0.41420", "2009-12-31": "1.00150", "2009-09-30": "0.43550", "2009-06-30": "0.54990", "2009-03-31": "-0.33810", "2008-12-31": "1.71560", "2008-09-30": "1.86110", "2008-06-30": "0.96580", "2008-03-31": "1.05240", "2007-12-31": "2.00840", "2007-09-30": "0.69520", "2007-06-30": "0.90830", "2007-03-31": "-0.16610", "2006-12-31": "-0.13390", "2006-09-30": "0.68890", "2006-06-30": "1.44200", "2006-03-31": "0.77140", "2005-12-31": "-1.19160", "2005-09-30": "4.08540", "2005-06-30": "2.38810", "2005-03-31": "0.55580"}, "ROI - Return On Investment": {"2020-09-30": "0.58550", "2020-06-30": "1.14370", "2020-03-31": "0.46990", "2019-12-31": "8.75910", "2019-09-30": "2.28970", "2019-06-30": "2.02350", "2019-03-31": "0.89620", "2018-12-31": "-0.77870", "2018-09-30": "2.08380", "2018-06-30": "-3.46150", "2018-03-31": "1.25500", "2017-12-31": "-0.73810", "2017-09-30": "2.61140", "2017-06-30": "2.18080", "2017-03-31": "1.29930", "2016-12-31": "1.58350", "2016-09-30": "2.39930", "2016-06-30": "1.61570", "2016-03-31": "0.69320", "2015-12-31": "1.00780", "2015-09-30": "2.09430", "2015-06-30": "-6.84220", "2015-03-31": "0.78520", "2014-12-31": "0.75270", "2014-09-30": "", "2014-06-30": "1.57060", "2014-03-31": "0.94420", "2013-12-31": "4.01720", "2013-09-30": "2.64060", "2013-06-30": "2.45280", "2013-03-31": "1.88900", "2012-12-31": "7.46930", "2012-09-30": "3.66260", "2012-06-30": "5.28820", "2012-03-31": "3.55660", "2011-12-31": "-11.18420", "2011-09-30": "1.03720", "2011-06-30": "4.67200", "2011-03-31": "2.08330", "2010-12-31": "6.91140", "2010-09-30": "9.67350", "2010-06-30": "2.78160", "2010-03-31": "-2.68990", "2009-12-31": "6.79930", "2009-09-30": "3.46940", "2009-06-30": "4.34780", "2009-03-31": "-3.07020", "2008-12-31": "15.46610", "2008-09-30": "5.43050", "2008-06-30": "2.76040", "2008-03-31": "2.48100", "2007-12-31": "4.65120", "2007-09-30": "1.59110", "2007-06-30": "2.07910", "2007-03-31": "-0.39350", "2006-12-31": "-0.32010", "2006-09-30": "1.44500", "2006-06-30": "3.21520", "2006-03-31": "1.73290", "2005-12-31": "-2.69230", "2005-09-30": "8.75050", "2005-06-30": "5.29610", "2005-03-31": "1.27330"}, "Book Value Per Share": {"2020-09-30": "9.33070", "2020-06-30": "8.75980", "2020-03-31": "8.06760", "2019-12-31": "8.66880", "2019-09-30": "8.79120", "2019-06-30": "11.89530", "2019-03-31": "11.06850", "2018-12-31": "10.59820", "2018-09-30": "10.96610", "2018-06-30": "10.26340", "2018-03-31": "12.03720", "2017-12-31": "12.55740", "2017-09-30": "12.94650", "2017-06-30": "11.80400", "2017-03-31": "10.81680", "2016-12-31": "12.40770", "2016-09-30": "12.17740", "2016-06-30": "11.16320", "2016-03-31": "10.78460", "2015-12-31": "11.45870", "2015-09-30": "9.85870", "2015-06-30": "9.41660", "2015-03-31": "11.24480", "2014-12-31": "11.16850", "2014-09-30": "11.47270", "2014-06-30": "11.63100", "2014-03-31": "10.92970", "2013-12-31": "10.70230", "2013-09-30": "9.47080", "2013-06-30": "8.84870", "2013-03-31": "8.36280", "2012-12-31": "7.87470", "2012-09-30": "6.39550", "2012-06-30": "6.17220", "2012-03-31": "5.53250", "2011-12-31": "5.20300", "2011-09-30": "6.73440", "2011-06-30": "6.33590", "2011-03-31": "5.99370", "2010-12-31": "5.73580", "2010-09-30": "5.13190", "2010-06-30": "4.42020", "2010-03-31": "3.87400", "2009-12-31": "3.70930", "2009-09-30": "3.00880", "2009-06-30": "2.99750", "2009-03-31": "2.83100", "2008-12-31": "2.94120", "2008-09-30": "9.31230", "2008-06-30": "9.60630", "2008-03-31": "9.81740", "2007-12-31": "9.85970", "2007-09-30": "9.77860", "2007-06-30": "11.89470", "2007-03-31": "11.02390", "2006-12-31": "10.51430", "2006-09-30": "13.45890", "2006-06-30": "11.77030", "2006-03-31": "11.33660", "2005-12-31": "11.19980", "2005-09-30": "12.14480", "2005-06-30": "11.25940", "2005-03-31": "10.99200"}, "Operating Cash Flow Per Share": {"2020-09-30": 1.621, "2020-06-30": 1.7281, "2020-03-31": "0.46740", "2019-12-31": 2.4937, "2019-09-30": 1.3664, "2019-06-30": 0.5959, "2019-03-31": "-0.13090", "2018-12-31": 3.7393, "2018-09-30": 0.286, "2018-06-30": 0.9997, "2018-03-31": "-0.19390", "2017-12-31": 4.1577, "2017-09-30": 0.8861, "2017-06-30": 0.5599, "2017-03-31": "0.31760", "2016-12-31": 4.5605, "2016-09-30": 1.4425, "2016-06-30": 0.7587, "2016-03-31": "0.17330", "2015-12-31": 1.6488, "2015-09-30": 0.9639, "2015-06-30": 0.9901, "2015-03-31": "0.46040", "2014-12-31": 1.6888, "2014-09-30": 0.7224, "2014-06-30": 0.4682, "2014-03-31": "0.18130", "2013-12-31": 1.5657, "2013-09-30": 0.1593, "2013-06-30": -0.1906, "2013-03-31": "0.12540", "2012-12-31": 0.6001, "2012-09-30": -2.4312, "2012-06-30": 0.1838, "2012-03-31": "0.54840", "2011-12-31": 1.7441, "2011-09-30": -0.0351, "2011-06-30": 0.4437, "2011-03-31": "0.30300", "2010-12-31": 1.3531, "2010-09-30": -0.2968, "2010-06-30": 0.5369, "2010-03-31": "0.13760", "2009-12-31": 0.6877, "2009-09-30": 0.3668, "2009-06-30": 0.3294, "2009-03-31": "0.24010", "2008-12-31": 0.7734, "2008-09-30": 0.9643, "2008-06-30": 0.4219, "2008-03-31": "0.46100", "2007-12-31": 0.3218, "2007-09-30": 0.357, "2007-06-30": -0.0921, "2007-03-31": "0.23980", "2006-12-31": 0.6253, "2006-09-30": -0.3791, "2006-06-30": 0.7277, "2006-03-31": "0.06490", "2005-12-31": 0.0601, "2005-09-30": 0.7492, "2005-06-30": 0.7991, "2005-03-31": "0.05740"}, "Free Cash Flow Per Share": {"2020-09-30": 1.1648, "2020-06-30": 1.248, "2020-03-31": "-0.08430", "2019-12-31": 1.9972, "2019-09-30": 0.5045, "2019-06-30": 0.2961, "2019-03-31": "-0.66280", "2018-12-31": 2.6683, "2018-09-30": 0.0619, "2018-06-30": 0.25, "2018-03-31": "-0.76740", "2017-12-31": 3.1963, "2017-09-30": 0.4114, "2017-06-30": 0.1517, "2017-03-31": "-0.10590", "2016-12-31": 3.8331, "2016-09-30": 1.0472, "2016-06-30": 0.4258, "2016-03-31": "-0.12810", "2015-12-31": 1.3477, "2015-09-30": 0.6607, "2015-06-30": 0.6387, "2015-03-31": "0.16320", "2014-12-31": 1.3378, "2014-09-30": 0.3856, "2014-06-30": 0.0409, "2014-03-31": "-0.20470", "2013-12-31": 1.1427, "2013-09-30": -0.1782, "2013-06-30": -0.4373, "2013-03-31": "-0.14330", "2012-12-31": 0.2971, "2012-09-30": -2.6901, "2012-06-30": 0.0087, "2012-03-31": "0.35740", "2011-12-31": 1.5151, "2011-09-30": -0.2048, "2011-06-30": 0.2188, "2011-03-31": "0.16080", "2010-12-31": 1.6493, "2010-09-30": -0.4891, "2010-06-30": 0.2123, "2010-03-31": "-0.18140", "2009-12-31": 0.3624, "2009-09-30": 0.062, "2009-06-30": 0.1056, "2009-03-31": "0.08210", "2008-12-31": 0.6098, "2008-09-30": 0.7457, "2008-06-30": 0.2994, "2008-03-31": "0.49520", "2007-12-31": 0.224, "2007-09-30": 0.2412, "2007-06-30": -0.1936, "2007-03-31": "0.11150", "2006-12-31": 0.5631, "2006-09-30": -0.4016, "2006-06-30": 0.4775, "2006-03-31": "-0.06490", "2005-12-31": 0.1669, "2005-09-30": 0.5398, "2005-06-30": 0.6299, "2005-03-31": "-0.09920"}}, "revenue": {"NCR Annual Revenue (Millions of US $)": {"2019": "$6,915", "2018": "$6,405", "2017": "$6,516", "2016": "$6,543", "2015": "$6,373", "2014": "$6,591", "2013": "$6,123", "2012": "$5,730", "2011": "$5,291", "2010": "$4,711", "2009": "$4,599", "2008": "$5,315", "2007": "$4,970", "2006": "$4,582", "2005": "$4,561"}, "NCR Quarterly Revenue (Millions of US $)": {"2020-09-30": "$1,589", "2020-06-30": "$1,484", "2020-03-31": "$1,503", "2019-12-31": "$1,886", "2019-09-30": "$1,783", "2019-06-30": "$1,710", "2019-03-31": "$1,536", "2018-12-31": "$1,801", "2018-09-30": "$1,550", "2018-06-30": "$1,537", "2018-03-31": "$1,517", "2017-12-31": "$1,782", "2017-09-30": "$1,663", "2017-06-30": "$1,593", "2017-03-31": "$1,478", "2016-12-31": "$1,802", "2016-09-30": "$1,677", "2016-06-30": "$1,620", "2016-03-31": "$1,444", "2015-12-31": "$1,680", "2015-09-30": "$1,613", "2015-06-30": "$1,604", "2015-03-31": "$1,476", "2014-12-31": "$1,768", "2014-09-30": "$1,647", "2014-06-30": "$1,658", "2014-03-31": "$1,518", "2013-12-31": "$1,670", "2013-09-30": "$1,508", "2013-06-30": "$1,535", "2013-03-31": "$1,410", "2012-12-31": "$1,642", "2012-09-30": "$1,435", "2012-06-30": "$1,409", "2012-03-31": "$1,244", "2011-12-31": "$1,601", "2011-09-30": "$1,360", "2011-06-30": "$1,272", "2011-03-31": "$1,058", "2010-12-31": "$1,299", "2010-09-30": "$1,207", "2010-06-30": "$1,176", "2010-03-31": "$1,029", "2009-12-31": "$1,332", "2009-09-30": "$1,135", "2009-06-30": "$1,124", "2009-03-31": "$1,008", "2008-12-31": "$1,421", "2008-09-30": "$1,379", "2008-06-30": "$1,332", "2008-03-31": "$1,183", "2007-12-31": "$1,521", "2007-09-30": "$1,278", "2007-06-30": "$1,179", "2007-03-31": "$992", "2006-12-31": "$626", "2006-09-30": "$1,142", "2006-06-30": "$1,531", "2006-03-31": "$1,283", "2005-12-31": "$250", "2005-09-30": "$1,498", "2005-06-30": "$1,470", "2005-03-31": "$1,343"}}, "gross-profit": {"NCR Annual Gross Profit (Millions of US $)": {"2019": "$1,921", "2018": "$1,675", "2017": "$1,855", "2016": "$1,818", "2015": "$1,469", "2014": "$1,732", "2013": "$1,740", "2012": "$1,645", "2011": "$951", "2010": "$990", "2009": "$880", "2008": "$1,183", "2007": "$1,040", "2006": "$927", "2005": "$936"}, "NCR Quarterly Gross Profit (Millions of US $)": {"2020-09-30": "$427", "2020-06-30": "$372", "2020-03-31": "$397", "2019-12-31": "$532", "2019-09-30": "$507", "2019-06-30": "$471", "2019-03-31": "$411", "2018-12-31": "$442", "2018-09-30": "$410", "2018-06-30": "$403", "2018-03-31": "$420", "2017-12-31": "$510", "2017-09-30": "$472", "2017-06-30": "$461", "2017-03-31": "$412", "2016-12-31": "$515", "2016-09-30": "$477", "2016-06-30": "$446", "2016-03-31": "$380", "2015-12-31": "$476", "2015-09-30": "$457", "2015-06-30": "$146", "2015-03-31": "$390", "2014-12-31": "$432", "2014-09-30": "$404", "2014-06-30": "$480", "2014-03-31": "$416", "2013-12-31": "$530", "2013-09-30": "$415", "2013-06-30": "$426", "2013-03-31": "$369", "2012-12-31": "$574", "2012-09-30": "$382", "2012-06-30": "$374", "2012-03-31": "$315", "2011-12-31": "$154", "2011-09-30": "$299", "2011-06-30": "$279", "2011-03-31": "$219", "2010-12-31": "$312", "2010-09-30": "$246", "2010-06-30": "$241", "2010-03-31": "$191", "2009-12-31": "$243", "2009-09-30": "$224", "2009-06-30": "$229", "2009-03-31": "$184", "2008-12-31": "$327", "2008-09-30": "$310", "2008-06-30": "$287", "2008-03-31": "$259", "2007-12-31": "$352", "2007-09-30": "$262", "2007-06-30": "$269", "2007-03-31": "$157", "2006-12-31": "$-91", "2006-09-30": "$241", "2006-06-30": "$425", "2006-03-31": "$352", "2005-12-31": "$-267", "2005-09-30": "$436", "2005-06-30": "$396", "2005-03-31": "$371"}}, "operating-income": {"NCR Annual Operating Income (Millions of US $)": {"2019": "$611", "2018": "$191", "2017": "$691", "2016": "$674", "2015": "$135", "2014": "$353", "2013": "$666", "2012": "$748", "2011": "$-148", "2010": "$149", "2009": "$103", "2008": "$322", "2007": "$219", "2006": "$154", "2005": "$120"}, "NCR Quarterly Operating Income (Millions of US $)": {"2020-09-30": "$118", "2020-06-30": "$89", "2020-03-31": "$77", "2019-12-31": "$182", "2019-09-30": "$172", "2019-06-30": "$157", "2019-03-31": "$100", "2018-12-31": "$63", "2018-09-30": "$125", "2018-06-30": "$-106", "2018-03-31": "$109", "2017-12-31": "$202", "2017-09-30": "$199", "2017-06-30": "$175", "2017-03-31": "$115", "2016-12-31": "$221", "2016-09-30": "$189", "2016-06-30": "$163", "2016-03-31": "$101", "2015-12-31": "$138", "2015-09-30": "$168", "2015-06-30": "$-266", "2015-03-31": "$95", "2014-12-31": "$35", "2014-09-30": "$41", "2014-06-30": "$169", "2014-03-31": "$108", "2013-12-31": "$297", "2013-09-30": "$145", "2013-06-30": "$139", "2013-03-31": "$85", "2012-12-31": "$411", "2012-09-30": "$129", "2012-06-30": "$130", "2012-03-31": "$78", "2011-12-31": "$-258", "2011-09-30": "$28", "2011-06-30": "$62", "2011-03-31": "$20", "2010-12-31": "$102", "2010-09-30": "$34", "2010-06-30": "$31", "2010-03-31": "$-18", "2009-12-31": "$45", "2009-09-30": "$29", "2009-06-30": "$39", "2009-03-31": "$-10", "2008-12-31": "$95", "2008-09-30": "$100", "2008-06-30": "$62", "2008-03-31": "$65", "2007-12-31": "$119", "2007-09-30": "$38", "2007-06-30": "$79", "2007-03-31": "$-17", "2006-12-31": "$-44", "2006-09-30": "$48", "2006-06-30": "$103", "2006-03-31": "$47", "2005-12-31": "$-119", "2005-09-30": "$112", "2005-06-30": "$73", "2005-03-31": "$54"}}, "ebitda": {"NCR Annual EBITDA (Millions of US $)": {"2019": "$944", "2018": "$521", "2017": "$1,045", "2016": "$1,018", "2015": "$443", "2014": "$637", "2013": "$874", "2012": "$914", "2011": "$-20", "2010": "$263", "2009": "$231", "2008": "$436", "2007": "$329", "2006": "$258", "2005": "$233"}, "NCR Quarterly EBITDA (Millions of US $)": {"2020-09-30": "$211", "2020-06-30": "$178", "2020-03-31": "$164", "2019-12-31": "$266", "2019-09-30": "$261", "2019-06-30": "$236", "2019-03-31": "$181", "2018-12-31": "$-49", "2018-09-30": "$396", "2018-06-30": "$-21", "2018-03-31": "$195", "2017-12-31": "$293", "2017-09-30": "$290", "2017-06-30": "$262", "2017-03-31": "$200", "2016-12-31": "$306", "2016-09-30": "$273", "2016-06-30": "$249", "2016-03-31": "$190", "2015-12-31": "$217", "2015-09-30": "$245", "2015-06-30": "$-190", "2015-03-31": "$171", "2014-12-31": "$108", "2014-09-30": "$110", "2014-06-30": "$242", "2014-03-31": "$177", "2013-12-31": "$356", "2013-09-30": "$197", "2013-06-30": "$189", "2013-03-31": "$132", "2012-12-31": "$454", "2012-09-30": "$171", "2012-06-30": "$170", "2012-03-31": "$119", "2011-12-31": "$-218", "2011-09-30": "$58", "2011-06-30": "$91", "2011-03-31": "$49", "2010-12-31": "$115", "2010-09-30": "$70", "2010-06-30": "$64", "2010-03-31": "$14", "2009-12-31": "$78", "2009-09-30": "$64", "2009-06-30": "$70", "2009-03-31": "$19", "2008-12-31": "$126", "2008-09-30": "$128", "2008-06-30": "$88", "2008-03-31": "$94", "2007-12-31": "$148", "2007-09-30": "$65", "2007-06-30": "$106", "2007-03-31": "$10", "2006-12-31": "$-17", "2006-09-30": "$47", "2006-06-30": "$142", "2006-03-31": "$86", "2005-12-31": "$-133", "2005-09-30": "$153", "2005-06-30": "$96", "2005-03-31": "$117"}}, "net-income": {"NCR Annual Net Income (Millions of US $)": {"2019": "$564", "2018": "$-88", "2017": "$232", "2016": "$270", "2015": "$-182", "2014": "$191", "2013": "$443", "2012": "$481", "2011": "$-190", "2010": "$134", "2009": "$-33", "2008": "$228", "2007": "$274", "2006": "$382", "2005": "$529"}, "NCR Quarterly Net Income (Millions of US $)": {"2020-09-30": "$25", "2020-06-30": "$57", "2020-03-31": "$17", "2019-12-31": "$453", "2019-09-30": "$11", "2019-06-30": "$76", "2019-03-31": "$24", "2018-12-31": "$-11", "2018-09-30": "$72", "2018-06-30": "$-157", "2018-03-31": "$8", "2017-12-31": "$41", "2017-09-30": "$118", "2017-06-30": "$90", "2017-03-31": "$-17", "2016-12-31": "$94", "2016-09-30": "$92", "2016-06-30": "$63", "2016-03-31": "$21", "2015-12-31": "$24", "2015-09-30": "$98", "2015-06-30": "$-344", "2015-03-31": "$40", "2014-12-31": "$33", "2014-09-30": "$15", "2014-06-30": "$90", "2014-03-31": "$53", "2013-12-31": "$198", "2013-09-30": "$98", "2013-06-30": "$86", "2013-03-31": "$61", "2012-12-31": "$242", "2012-09-30": "$87", "2012-06-30": "$102", "2012-03-31": "$50", "2011-12-31": "$-252", "2011-09-30": "$16", "2011-06-30": "$33", "2011-03-31": "$13", "2010-12-31": "$39", "2010-09-30": "$83", "2010-06-30": "$31", "2010-03-31": "$-19", "2009-12-31": "$-56", "2009-09-30": "$15", "2009-06-30": "$23", "2009-03-31": "$-15", "2008-12-31": "$56", "2008-09-30": "$80", "2008-06-30": "$44", "2008-03-31": "$48", "2007-12-31": "$89", "2007-09-30": "$53", "2007-06-30": "$98", "2007-03-31": "$34", "2006-12-31": "$174", "2006-09-30": "$89", "2006-06-30": "$78", "2006-03-31": "$41", "2005-12-31": "$150", "2005-09-30": "$222", "2005-06-30": "$127", "2005-03-31": "$30"}}, "eps-earnings-per-share-diluted": {"NCR Annual EPS": {"2019": "$3.36", "2018": "$-1.16", "2017": "$0.97", "2016": "$1.71", "2015": "$-1.09", "2014": "$1.12", "2013": "$2.62", "2012": "$2.94", "2011": "$-1.20", "2010": "$0.83", "2009": "$-0.21", "2008": "$1.36", "2007": "$1.50", "2006": "$2.09", "2005": "$2.80"}, "NCR Quarterly EPS": {"2020-09-30": "$0.19", "2020-06-30": "$0.44", "2020-03-31": "$0.13", "2019-12-31": "$2.49", "2019-09-30": "$0.09", "2019-06-30": "$0.58", "2019-03-31": "$0.20", "2018-12-31": "$-0.45", "2018-09-30": "$0.56", "2018-06-30": "$-1.33", "2018-03-31": "$0.06", "2017-12-31": "$-0.33", "2017-09-30": "$0.77", "2017-06-30": "$0.67", "2017-03-31": "$-0.14", "2016-12-31": "$0.38", "2016-09-30": "$0.68", "2016-06-30": "$0.49", "2016-03-31": "$0.16", "2015-12-31": "$0.14", "2015-09-30": "$0.57", "2015-06-30": "$-2.03", "2015-03-31": "$0.23", "2014-12-31": "$0.19", "2014-09-30": "$0.09", "2014-06-30": "$0.53", "2014-03-31": "$0.31", "2013-12-31": "$1.17", "2013-09-30": "$0.58", "2013-06-30": "$0.51", "2013-03-31": "$0.36", "2012-12-31": "$1.48", "2012-09-30": "$0.53", "2012-06-30": "$0.62", "2012-03-31": "$0.31", "2011-12-31": "$-1.59", "2011-09-30": "$0.10", "2011-06-30": "$0.21", "2011-03-31": "$0.08", "2010-12-31": "$0.25", "2010-09-30": "$0.51", "2010-06-30": "$0.19", "2010-03-31": "$-0.12", "2009-12-31": "$-0.35", "2009-09-30": "$0.09", "2009-06-30": "$0.14", "2009-03-31": "$-0.09", "2008-12-31": "$0.35", "2008-09-30": "$0.48", "2008-06-30": "$0.26", "2008-03-31": "$0.27", "2007-12-31": "$0.48", "2007-09-30": "$0.29", "2007-06-30": "$0.54", "2007-03-31": "$0.19", "2006-12-31": "$0.96", "2006-09-30": "$0.49", "2006-06-30": "$0.42", "2006-03-31": "$0.22", "2005-12-31": "$0.79", "2005-09-30": "$1.18", "2005-06-30": "$0.67", "2005-03-31": "$0.16"}}, "shares-outstanding": {"NCR Annual Shares Outstanding (Millions of Shares)": {"2019": "145", "2018": "118", "2017": "127", "2016": "129", "2015": "168", "2014": "171", "2013": "169", "2012": "164", "2011": "158", "2010": "161", "2009": "160", "2008": "168", "2007": "183", "2006": "183", "2005": "189"}, "NCR Quarterly Shares Outstanding (Millions of Shares)": {"2020-09-30": "130", "2020-06-30": "129", "2020-03-31": "131", "2019-12-31": "145", "2019-09-30": "123", "2019-06-30": "153", "2019-03-31": "122", "2018-12-31": "118", "2018-09-30": "149", "2018-06-30": "118", "2018-03-31": "124", "2017-12-31": "127", "2017-09-30": "153", "2017-06-30": "153", "2017-03-31": "123", "2016-12-31": "129", "2016-09-30": "155", "2016-06-30": "155", "2016-03-31": "133", "2015-12-31": "168", "2015-09-30": "172", "2015-06-30": "170", "2015-03-31": "172", "2014-12-31": "171", "2014-09-30": "171", "2014-06-30": "171", "2014-03-31": "171", "2013-12-31": "169", "2013-09-30": "170", "2013-06-30": "169", "2013-03-31": "168", "2012-12-31": "164", "2012-09-30": "165", "2012-06-30": "164", "2012-03-31": "162", "2011-12-31": "158", "2011-09-30": "160", "2011-06-30": "161", "2011-03-31": "162", "2010-12-31": "161", "2010-09-30": "162", "2010-06-30": "162", "2010-03-31": "160", "2009-12-31": "160", "2009-09-30": "160", "2009-06-30": "160", "2009-03-31": "158", "2008-12-31": "168", "2008-09-30": "166", "2008-06-30": "170", "2008-03-31": "176", "2007-12-31": "183", "2007-09-30": "182", "2007-06-30": "183", "2007-03-31": "179", "2006-12-31": "183", "2006-09-30": "181", "2006-06-30": "184", "2006-03-31": "185", "2005-12-31": "189", "2005-09-30": "189", "2005-06-30": "190", "2005-03-31": "192"}}, "total-assets": {"NCR Annual Total Assets (Millions of US $)": {"2019": "$8,987", "2018": "$7,761", "2017": "$7,654", "2016": "$7,673", "2015": "$7,635", "2014": "$8,566", "2013": "$8,108", "2012": "$6,369", "2011": "$5,591", "2010": "$4,361", "2009": "$4,094", "2008": "$4,255", "2007": "$4,780", "2006": "$5,227", "2005": "$5,287"}, "NCR Quarterly Total Assets (Millions of US $)": {"2020-09-30": "$9,828", "2020-06-30": "$9,949", "2020-03-31": "$9,555", "2019-12-31": "$8,987", "2019-09-30": "$8,451", "2019-06-30": "$8,222", "2019-03-31": "$8,198", "2018-12-31": "$7,761", "2018-09-30": "$7,505", "2018-06-30": "$7,364", "2018-03-31": "$7,641", "2017-12-31": "$7,654", "2017-09-30": "$7,850", "2017-06-30": "$7,767", "2017-03-31": "$7,725", "2016-12-31": "$7,673", "2016-09-30": "$7,711", "2016-06-30": "$7,751", "2016-03-31": "$7,752", "2015-12-31": "$7,635", "2015-09-30": "$7,887", "2015-06-30": "$8,066", "2015-03-31": "$8,513", "2014-12-31": "$8,566", "2014-09-30": "$8,610", "2014-06-30": "$8,849", "2014-03-31": "$8,828", "2013-12-31": "$8,108", "2013-09-30": "$6,878", "2013-06-30": "$6,706", "2013-03-31": "$6,655", "2012-12-31": "$6,369", "2012-09-30": "$6,034", "2012-06-30": "$5,623", "2012-03-31": "$5,690", "2011-12-31": "$5,591", "2011-09-30": "$5,680", "2011-06-30": "$4,504", "2011-03-31": "$4,472", "2010-12-31": "$4,361", "2010-09-30": "$4,318", "2010-06-30": "$4,125", "2010-03-31": "$4,104", "2009-12-31": "$4,094", "2009-09-30": "$3,904", "2009-06-30": "$3,819", "2009-03-31": "$4,141", "2008-12-31": "$4,255", "2008-09-30": "$4,406", "2008-06-30": "$4,556", "2008-03-31": "$4,656", "2007-12-31": "$4,780", "2007-09-30": "$4,747", "2007-06-30": "$5,615", "2007-03-31": "$5,419", "2006-12-31": "$5,227", "2006-09-30": "$5,661", "2006-06-30": "$5,409", "2006-03-31": "$5,315", "2005-12-31": "$5,287", "2005-09-30": "$5,434", "2005-06-30": "$5,318", "2005-03-31": "$5,398"}}, "cash-on-hand": {"NCR Annual Cash on Hand (Millions of US $)": {"2019": "$509", "2018": "$464", "2017": "$537", "2016": "$498", "2015": "$328", "2014": "$511", "2013": "$1,642", "2012": "$1,069", "2011": "$398", "2010": "$496", "2009": "$451", "2008": "$711", "2007": "$952", "2006": "$947", "2005": "$810"}, "NCR Quarterly Cash on Hand (Millions of US $)": {"2020-09-30": "$1,605", "2020-06-30": "$1,681", "2020-03-31": "$1,214", "2019-12-31": "$509", "2019-09-30": "$388", "2019-06-30": "$335", "2019-03-31": "$414", "2018-12-31": "$464", "2018-09-30": "$334", "2018-06-30": "$343", "2018-03-31": "$348", "2017-12-31": "$537", "2017-09-30": "$405", "2017-06-30": "$377", "2017-03-31": "$401", "2016-12-31": "$498", "2016-09-30": "$318", "2016-06-30": "$332", "2016-03-31": "$333", "2015-12-31": "$328", "2015-09-30": "$303", "2015-06-30": "$425", "2015-03-31": "$462", "2014-12-31": "$511", "2014-09-30": "$424", "2014-06-30": "$483", "2014-03-31": "$515", "2013-12-31": "$1,642", "2013-09-30": "$460", "2013-06-30": "$460", "2013-03-31": "$483", "2012-12-31": "$1,069", "2012-09-30": "$581", "2012-06-30": "$377", "2012-03-31": "$414", "2011-12-31": "$398", "2011-09-30": "$341", "2011-06-30": "$457", "2011-03-31": "$480", "2010-12-31": "$496", "2010-09-30": "$360", "2010-06-30": "$447", "2010-03-31": "$408", "2009-12-31": "$451", "2009-09-30": "$419", "2009-06-30": "$407", "2009-03-31": "$717", "2008-12-31": "$711", "2008-09-30": "$733", "2008-06-30": "$754", "2008-03-31": "$851", "2007-12-31": "$952", "2007-09-30": "$1,033", "2007-06-30": "$1,139", "2007-03-31": "$1,080", "2006-12-31": "$947", "2006-09-30": "$761", "2006-06-30": "$747", "2006-03-31": "$746", "2005-12-31": "$810", "2005-09-30": "$740", "2005-06-30": "$724", "2005-03-31": "$655"}}, "long-term-debt": {"NCR Annual Long Term Debt (Millions of US $)": {"2019": "$3,277", "2018": "$2,980", "2017": "$2,939", "2016": "$3,001", "2015": "$3,239", "2014": "$3,431", "2013": "$3,320", "2012": "$1,891", "2011": "$852", "2010": "$10", "2009": "$11", "2008": "$7", "2007": "$307", "2006": "$306", "2005": "$305"}, "NCR Quarterly Long Term Debt (Millions of US $)": {"2020-09-30": "$4,266", "2020-06-30": "$4,473", "2020-03-31": "$4,081", "2019-12-31": "$3,277", "2019-09-30": "$3,422", "2019-06-30": "$2,918", "2019-03-31": "$2,914", "2018-12-31": "$2,980", "2018-09-30": "$2,881", "2018-06-30": "$2,952", "2018-03-31": "$3,038", "2017-12-31": "$2,939", "2017-09-30": "$2,984", "2017-06-30": "$3,015", "2017-03-31": "$3,076", "2016-12-31": "$3,001", "2016-09-30": "$3,033", "2016-06-30": "$3,198", "2016-03-31": "$3,269", "2015-12-31": "$3,239", "2015-09-30": "$3,243", "2015-06-30": "$3,415", "2015-03-31": "$3,443", "2014-12-31": "$3,431", "2014-09-30": "$3,660", "2014-06-30": "$3,840", "2014-03-31": "$3,885", "2013-12-31": "$3,320", "2013-09-30": "$2,212", "2013-06-30": "$2,079", "2013-03-31": "$2,014", "2012-12-31": "$1,891", "2012-09-30": "$1,408", "2012-06-30": "$701", "2012-03-31": "$809", "2011-12-31": "$852", "2011-09-30": "$1,061", "2011-06-30": "$10", "2011-03-31": "$10", "2010-12-31": "$10", "2010-09-30": "$10", "2010-06-30": "$10", "2010-03-31": "$11", "2009-12-31": "$11", "2009-09-30": "$11", "2009-06-30": "$7", "2009-03-31": "$7", "2008-12-31": "$7", "2008-09-30": "$7", "2008-06-30": "$8", "2008-03-31": "$308", "2007-12-31": "$307", "2007-09-30": "$307", "2007-06-30": "$306", "2007-03-31": "$306", "2006-12-31": "$306", "2006-09-30": "$306", "2006-06-30": "$305", "2006-03-31": "$305", "2005-12-31": "$305", "2005-09-30": "$306", "2005-06-30": "$306", "2005-03-31": "$306"}}, "total-liabilities": {"NCR Annual Total Liabilities (Millions of US $)": {"2019": "$7,485", "2018": "$6,503", "2017": "$6,122", "2016": "$6,127", "2015": "$6,111", "2014": "$6,683", "2013": "$6,325", "2012": "$5,087", "2011": "$4,771", "2010": "$3,445", "2009": "$3,502", "2008": "$3,790", "2007": "$3,023", "2006": "$3,346", "2005": "$3,252"}, "NCR Quarterly Total Liabilities (Millions of US $)": {"2020-09-30": "$8,629", "2020-06-30": "$8,826", "2020-03-31": "$8,528", "2019-12-31": "$7,880", "2019-09-30": "$7,331", "2019-06-30": "$6,791", "2019-03-31": "$6,872", "2018-12-31": "$6,503", "2018-09-30": "$6,211", "2018-06-30": "$6,156", "2018-03-31": "$6,217", "2017-12-31": "$6,122", "2017-09-30": "$6,277", "2017-06-30": "$6,334", "2017-03-31": "$6,414", "2016-12-31": "$6,127", "2016-09-30": "$6,201", "2016-06-30": "$6,369", "2016-03-31": "$6,405", "2015-12-31": "$6,111", "2015-09-30": "$6,212", "2015-06-30": "$6,468", "2015-03-31": "$6,607", "2014-12-31": "$6,683", "2014-09-30": "$6,678", "2014-06-30": "$6,895", "2014-03-31": "$6,994", "2013-12-31": "$6,325", "2013-09-30": "$5,303", "2013-06-30": "$5,238", "2013-03-31": "$5,281", "2012-12-31": "$5,087", "2012-09-30": "$5,012", "2012-06-30": "$4,641", "2012-03-31": "$4,812", "2011-12-31": "$4,771", "2011-09-30": "$4,620", "2011-06-30": "$3,508", "2011-03-31": "$3,522", "2010-12-31": "$3,445", "2010-09-30": "$3,501", "2010-06-30": "$3,416", "2010-03-31": "$3,483", "2009-12-31": "$3,502", "2009-09-30": "$3,425", "2009-06-30": "$3,343", "2009-03-31": "$3,692", "2008-12-31": "$3,790", "2008-09-30": "$2,903", "2008-06-30": "$2,970", "2008-03-31": "$2,989", "2007-12-31": "$3,023", "2007-09-30": "$2,980", "2007-06-30": "$3,468", "2007-03-31": "$3,438", "2006-12-31": "$3,346", "2006-09-30": "$3,268", "2006-06-30": "$3,288", "2006-03-31": "$3,254", "2005-12-31": "$3,252", "2005-09-30": "$3,203", "2005-06-30": "$3,226", "2005-03-31": "$3,348"}}, "total-share-holder-equity": {"NCR Annual Share Holder Equity (Millions of US $)": {"2019": "$1,502", "2018": "$1,258", "2017": "$1,532", "2016": "$1,546", "2015": "$1,524", "2014": "$1,883", "2013": "$1,783", "2012": "$1,282", "2011": "$820", "2010": "$916", "2009": "$592", "2008": "$465", "2007": "$1,757", "2006": "$1,881", "2005": "$2,035"}, "NCR Quarterly Share Holder Equity (Millions of US $)": {"2020-09-30": "$1,199", "2020-06-30": "$1,123", "2020-03-31": "$1,027", "2019-12-31": "$1,107", "2019-09-30": "$1,120", "2019-06-30": "$1,431", "2019-03-31": "$1,326", "2018-12-31": "$1,258", "2018-09-30": "$1,294", "2018-06-30": "$1,208", "2018-03-31": "$1,424", "2017-12-31": "$1,532", "2017-09-30": "$1,573", "2017-06-30": "$1,433", "2017-03-31": "$1,311", "2016-12-31": "$1,546", "2016-09-30": "$1,510", "2016-06-30": "$1,382", "2016-03-31": "$1,347", "2015-12-31": "$1,524", "2015-09-30": "$1,675", "2015-06-30": "$1,598", "2015-03-31": "$1,906", "2014-12-31": "$1,883", "2014-09-30": "$1,932", "2014-06-30": "$1,954", "2014-03-31": "$1,834", "2013-12-31": "$1,783", "2013-09-30": "$1,575", "2013-06-30": "$1,468", "2013-03-31": "$1,374", "2012-12-31": "$1,282", "2012-09-30": "$1,022", "2012-06-30": "$982", "2012-03-31": "$878", "2011-12-31": "$820", "2011-09-30": "$1,060", "2011-06-30": "$996", "2011-03-31": "$950", "2010-12-31": "$916", "2010-09-30": "$817", "2010-06-30": "$709", "2010-03-31": "$621", "2009-12-31": "$592", "2009-09-30": "$479", "2009-06-30": "$476", "2009-03-31": "$449", "2008-12-31": "$465", "2008-09-30": "$1,503", "2008-06-30": "$1,586", "2008-03-31": "$1,667", "2007-12-31": "$1,757", "2007-09-30": "$1,767", "2007-06-30": "$2,147", "2007-03-31": "$1,981", "2006-12-31": "$1,881", "2006-09-30": "$2,393", "2006-06-30": "$2,121", "2006-03-31": "$2,061", "2005-12-31": "$2,035", "2005-09-30": "$2,231", "2005-06-30": "$2,092", "2005-03-31": "$2,050"}}, "profit-margins": {"current": "7.13%"}, "gross margin": {"2020-09-30": "26.74%", "2020-06-30": "27.16%", "2020-03-31": "27.71%", "2019-12-31": "27.78%", "2019-09-30": "26.81%", "2019-06-30": "26.28%", "2019-03-31": "25.93%", "2018-12-31": "26.15%", "2018-09-30": "27.29%", "2018-06-30": "27.77%", "2018-03-31": "28.42%", "2017-12-31": "28.47%", "2017-09-30": "28.46%", "2017-06-30": "28.47%", "2017-03-31": "28.13%", "2016-12-31": "27.79%", "2016-09-30": "27.71%", "2016-06-30": "27.67%", "2016-03-31": "23.01%", "2015-12-31": "23.05%", "2015-09-30": "22.06%", "2015-06-30": "21.12%", "2015-03-31": "26.05%", "2014-12-31": "26.28%", "2014-09-30": "28.18%", "2014-06-30": "28.97%", "2014-03-31": "28.68%", "2013-12-31": "28.42%", "2013-09-30": "29.27%", "2013-06-30": "29.08%", "2013-03-31": "28.82%", "2012-12-31": "28.71%", "2012-09-30": "21.53%", "2012-06-30": "20.34%", "2012-03-31": "19.12%", "2011-12-31": "17.97%", "2011-09-30": "22.23%", "2011-06-30": "21.84%", "2011-03-31": "21.48%", "2010-12-31": "21.01%", "2010-09-30": "19.41%", "2010-06-30": "19.24%", "2010-03-31": "19.20%", "2009-12-31": "19.13%", "2009-09-30": "20.56%", "2009-06-30": "21.29%", "2009-03-31": "21.56%", "2008-12-31": "22.26%", "2008-09-30": "22.31%", "2008-06-30": "21.83%", "2008-03-31": "22.13%", "2007-12-31": "20.93%", "2007-09-30": "14.65%", "2007-06-30": "14.62%", "2007-03-31": "17.06%", "2006-12-31": "20.23%", "2006-09-30": "17.86%", "2006-06-30": "20.74%", "2006-03-31": "20.37%", "2005-12-31": "20.52%"}, "operating margin": {"2020-09-30": "7.21%", "2020-06-30": "7.81%", "2020-03-31": "8.54%", "2019-12-31": "8.84%", "2019-09-30": "7.20%", "2019-06-30": "6.75%", "2019-03-31": "2.83%", "2018-12-31": "2.98%", "2018-09-30": "5.17%", "2018-06-30": "6.22%", "2018-03-31": "10.45%", "2017-12-31": "10.60%", "2017-09-30": "10.86%", "2017-06-30": "10.69%", "2017-03-31": "10.46%", "2016-12-31": "10.30%", "2016-09-30": "9.20%", "2016-06-30": "8.97%", "2016-03-31": "2.22%", "2015-12-31": "2.12%", "2015-09-30": "0.50%", "2015-06-30": "-1.46%", "2015-03-31": "5.19%", "2014-12-31": "5.36%", "2014-09-30": "9.47%", "2014-06-30": "11.32%", "2014-03-31": "11.06%", "2013-12-31": "10.88%", "2013-09-30": "12.80%", "2013-06-30": "12.69%", "2013-03-31": "12.81%", "2012-12-31": "13.05%", "2012-09-30": "1.39%", "2012-06-30": "-0.39%", "2012-03-31": "-1.64%", "2011-12-31": "-2.80%", "2011-09-30": "4.25%", "2011-06-30": "4.51%", "2011-03-31": "3.95%", "2010-12-31": "3.16%", "2010-09-30": "1.94%", "2010-06-30": "1.86%", "2010-03-31": "2.06%", "2009-12-31": "2.24%", "2009-09-30": "3.26%", "2009-06-30": "4.54%", "2009-03-31": "4.81%", "2008-12-31": "6.06%", "2008-09-30": "6.39%", "2008-06-30": "5.34%", "2008-03-31": "5.83%", "2007-12-31": "4.41%", "2007-09-30": "1.37%", "2007-06-30": "1.68%", "2007-03-31": "2.10%", "2006-12-31": "3.36%", "2006-09-30": "1.88%", "2006-06-30": "3.13%", "2006-03-31": "2.51%", "2005-12-31": "2.63%"}, "ebitda margin": {"2020-09-30": "12.67%", "2020-06-30": "13.06%", "2020-03-31": "13.47%", "2019-12-31": "13.65%", "2019-09-30": "9.21%", "2019-06-30": "11.58%", "2019-03-31": "7.89%", "2018-12-31": "8.13%", "2018-09-30": "13.51%", "2018-06-30": "11.65%", "2018-03-31": "15.87%", "2017-12-31": "16.04%", "2017-09-30": "16.19%", "2017-06-30": "15.89%", "2017-03-31": "15.63%", "2016-12-31": "15.56%", "2016-09-30": "14.47%", "2016-06-30": "14.17%", "2016-03-31": "7.29%", "2015-12-31": "6.95%", "2015-09-30": "5.17%", "2015-06-30": "3.06%", "2015-03-31": "9.64%", "2014-12-31": "9.66%", "2014-09-30": "13.63%", "2014-06-30": "15.30%", "2014-03-31": "14.75%", "2013-12-31": "14.27%", "2013-09-30": "15.95%", "2013-06-30": "15.71%", "2013-03-31": "15.72%", "2012-12-31": "15.95%", "2012-09-30": "4.25%", "2012-06-30": "2.30%", "2012-03-31": "0.91%", "2011-12-31": "-0.38%", "2011-09-30": "6.27%", "2011-06-30": "6.72%", "2011-03-31": "6.29%", "2010-12-31": "5.58%", "2010-09-30": "4.76%", "2010-06-30": "4.71%", "2010-03-31": "4.89%", "2009-12-31": "5.02%", "2009-09-30": "5.95%", "2009-06-30": "6.95%", "2009-03-31": "7.02%", "2008-12-31": "8.20%", "2008-09-30": "8.46%", "2008-06-30": "7.43%", "2008-03-31": "8.00%", "2007-12-31": "6.62%", "2007-09-30": "4.02%", "2007-06-30": "3.71%", "2007-03-31": "4.24%", "2006-12-31": "5.63%", "2006-09-30": "3.38%", "2006-06-30": "5.44%", "2006-03-31": "4.49%", "2005-12-31": "5.11%"}, "pre tax profit margin": {"2020-09-30": "2.63%", "2020-06-30": "3.70%", "2020-03-31": "4.64%", "2019-12-31": "4.93%", "2019-09-30": "4.66%", "2019-06-30": "4.27%", "2019-03-31": "0.36%", "2018-12-31": "0.61%", "2018-09-30": "1.72%", "2018-06-30": "2.89%", "2018-03-31": "7.23%", "2017-12-31": "7.40%", "2017-09-30": "6.73%", "2017-06-30": "6.56%", "2017-03-31": "6.16%", "2016-12-31": "5.79%", "2016-09-30": "5.34%", "2016-06-30": "5.07%", "2016-03-31": "-1.48%", "2015-12-31": "-1.49%", "2015-09-30": "-2.63%", "2015-06-30": "-4.74%", "2015-03-31": "1.88%", "2014-12-31": "2.08%", "2014-09-30": "6.44%", "2014-06-30": "8.75%", "2014-03-31": "8.76%", "2013-12-31": "9.05%", "2013-09-30": "11.27%", "2013-06-30": "11.46%", "2013-03-31": "11.82%", "2012-12-31": "12.18%", "2012-09-30": "0.56%", "2012-06-30": "-1.18%", "2012-03-31": "-2.25%", "2011-12-31": "-3.10%", "2011-09-30": "3.97%", "2011-06-30": "4.32%", "2011-03-31": "3.80%", "2010-12-31": "2.89%", "2010-09-30": "1.81%", "2010-06-30": "1.20%", "2010-03-31": "1.28%", "2009-12-31": "1.35%", "2009-09-30": "2.43%", "2009-06-30": "4.22%", "2009-03-31": "4.57%", "2008-12-31": "5.95%", "2008-09-30": "6.32%", "2008-06-30": "5.51%", "2008-03-31": "6.05%", "2007-12-31": "4.67%", "2007-09-30": "1.79%", "2007-06-30": "1.85%", "2007-03-31": "2.21%", "2006-12-31": "3.47%", "2006-09-30": "1.88%", "2006-06-30": "3.05%", "2006-03-31": "2.58%", "2005-12-31": "2.32%"}, "net profit margin": {"2020-09-30": "8.54%", "2020-06-30": "8.08%", "2020-03-31": "8.09%", "2019-12-31": "8.16%", "2019-09-30": "1.46%", "2019-06-30": "2.44%", "2019-03-31": "-1.12%", "2018-12-31": "-1.37%", "2018-09-30": "-0.56%", "2018-06-30": "0.15%", "2018-03-31": "3.92%", "2017-12-31": "3.56%", "2017-09-30": "4.36%", "2017-06-30": "3.95%", "2017-03-31": "3.53%", "2016-12-31": "4.13%", "2016-09-30": "3.11%", "2016-06-30": "3.24%", "2016-03-31": "-3.17%", "2015-12-31": "-2.86%", "2015-09-30": "-2.68%", "2015-06-30": "-3.94%", "2015-03-31": "2.72%", "2014-12-31": "2.90%", "2014-09-30": "5.48%", "2014-06-30": "6.91%", "2014-03-31": "6.98%", "2013-12-31": "7.24%", "2013-09-30": "7.99%", "2013-06-30": "7.90%", "2013-03-31": "8.34%", "2012-12-31": "8.39%", "2012-09-30": "-0.23%", "2012-06-30": "-1.50%", "2012-03-31": "-2.79%", "2011-12-31": "-3.59%", "2011-09-30": "2.02%", "2011-06-30": "3.47%", "2011-03-31": "3.50%", "2010-12-31": "2.84%", "2010-09-30": "0.82%", "2010-06-30": "-0.62%", "2010-03-31": "-0.80%", "2009-12-31": "-0.72%", "2009-09-30": "1.69%", "2009-06-30": "2.92%", "2009-03-31": "3.21%", "2008-12-31": "4.29%", "2008-09-30": "4.82%", "2008-06-30": "4.40%", "2008-03-31": "5.58%", "2007-12-31": "5.51%", "2007-09-30": "8.81%", "2007-06-30": "10.03%", "2007-03-31": "8.74%", "2006-12-31": "8.34%", "2006-09-30": "8.51%", "2006-06-30": "10.76%", "2006-03-31": "12.00%", "2005-12-31": "11.60%"}, "pe ratio": {"current": "18.78", "2021-02-05": "11.60", "2020-09-30": "6.94", "2020-06-30": "5.61", "2020-03-31": "5.48", "2019-12-31": "10.65", "2019-09-30": "87.67", "2019-06-30": "37.47", "2019-03-31": "0.00", "2018-12-31": "0.00", "2018-09-30": "0.00", "2018-06-30": "0.00", "2018-03-31": "30.31", "2017-12-31": "40.46", "2017-09-30": "22.74", "2017-06-30": "26.18", "2017-03-31": "33.10", "2016-12-31": "24.14", "2016-09-30": "21.75", "2016-06-30": "20.27", "2016-03-31": "0.00", "2015-12-31": "0.00", "2015-09-30": "0.00", "2015-06-30": "0.00", "2015-03-31": "28.38", "2014-12-31": "26.02", "2014-09-30": "15.99", "2014-06-30": "13.60", "2014-03-31": "14.28", "2013-12-31": "13.05", "2013-09-30": "29.78", "2013-06-30": "29.99", "2013-03-31": "25.52", "2012-12-31": "28.31", "2012-09-30": "24.28", "2012-06-30": "32.01", "2012-03-31": "50.49", "2011-12-31": "49.88", "2011-09-30": "26.81", "2011-06-30": "18.16", "2011-03-31": "18.47", "2010-12-31": "18.74", "2010-09-30": "59.26", "2010-06-30": "0.00", "2010-03-31": "0.00", "2009-12-31": "0.00", "2009-09-30": "28.20", "2009-06-30": "13.44", "2009-03-31": "7.95", "2008-12-31": "10.40", "2008-09-30": "15.31", "2008-06-30": "22.11", "2008-03-31": "16.08", "2007-12-31": "18.73", "2007-09-30": "12.74", "2007-06-30": "11.53", "2007-03-31": "11.10", "2006-12-31": "9.79"}, "price sales": {"2021-02-05": "0.77", "2020-09-30": "0.46", "2020-06-30": "0.34", "2020-03-31": "0.35", "2019-12-31": "0.69", "2019-09-30": "0.59", "2019-06-30": "0.63", "2019-03-31": "0.53", "2018-12-31": "0.45", "2018-09-30": "0.57", "2018-06-30": "0.60", "2018-03-31": "0.66", "2017-12-31": "0.72", "2017-09-30": "0.79", "2017-06-30": "0.87", "2017-03-31": "0.97", "2016-12-31": "0.88", "2016-09-30": "0.76", "2016-06-30": "0.68", "2016-03-31": "0.75", "2015-12-31": "0.65", "2015-09-30": "0.60", "2015-06-30": "0.79", "2015-03-31": "0.77", "2014-12-31": "0.76", "2014-09-30": "0.88", "2014-06-30": "0.94", "2014-03-31": "1.00", "2013-12-31": "0.94", "2013-09-30": "1.09", "2013-06-30": "0.91", "2013-03-31": "0.77", "2012-12-31": "0.73", "2012-09-30": "0.66", "2012-06-30": "0.65", "2012-03-31": "0.63", "2011-12-31": "0.50", "2011-09-30": "0.54", "2011-06-30": "0.63", "2011-03-31": "0.64", "2010-12-31": "0.53", "2010-09-30": "0.46", "2010-06-30": "0.42", "2010-03-31": "0.48", "2009-12-31": "0.39", "2009-09-30": "0.48", "2009-06-30": "0.39", "2009-03-31": "0.26", "2008-12-31": "0.45", "2008-09-30": "0.71", "2008-06-30": "0.84", "2008-03-31": "0.80", "2007-12-31": "0.92", "2007-09-30": "1.06", "2007-06-30": "1.16", "2007-03-31": "0.97", "2006-12-31": "0.82"}, "price book": {"current": "3.98", "2021-02-05": "3.97", "2020-09-30": "2.37", "2020-06-30": "1.98", "2020-03-31": "2.19", "2019-12-31": "4.06", "2019-09-30": "3.59", "2019-06-30": "2.61", "2019-03-31": "2.47", "2018-12-31": "2.18", "2018-09-30": "2.59", "2018-06-30": "2.92", "2018-03-31": "2.62", "2017-12-31": "2.71", "2017-09-30": "2.90", "2017-06-30": "3.46", "2017-03-31": "4.22", "2016-12-31": "3.27", "2016-09-30": "2.64", "2016-06-30": "2.49", "2016-03-31": "2.78", "2015-12-31": "2.13", "2015-09-30": "2.31", "2015-06-30": "3.20", "2015-03-31": "2.62", "2014-12-31": "2.61", "2014-09-30": "2.91", "2014-06-30": "3.02", "2014-03-31": "3.34", "2013-12-31": "3.18", "2013-09-30": "4.18", "2013-06-30": "3.73", "2013-03-31": "3.30", "2012-12-31": "3.24", "2012-09-30": "3.64", "2012-06-30": "3.68", "2012-03-31": "3.92", "2011-12-31": "3.16", "2011-09-30": "2.51", "2011-06-30": "2.98", "2011-03-31": "3.14", "2010-12-31": "2.68", "2010-09-30": "2.66", "2010-06-30": "2.74", "2010-03-31": "3.56", "2009-12-31": "3.00", "2009-09-30": "4.59", "2009-06-30": "3.95", "2009-03-31": "2.81", "2008-12-31": "4.81", "2008-09-30": "2.37", "2008-06-30": "2.62", "2008-03-31": "2.33", "2007-12-31": "2.55", "2007-09-30": "2.44", "2007-06-30": "2.11", "2007-03-31": "2.07", "2006-12-31": "1.95", "2006-09-30": "1.40", "2006-06-30": "1.49", "2006-03-31": "1.76"}, "price fcf": {"2021-02-05": "", "2020-09-30": "$4.33", "2020-06-30": "$3.67", "2020-03-31": "$2.71", "2019-12-31": "$2.14", "2019-09-30": "$2.81", "2019-06-30": "$2.36", "2019-03-31": "$2.32", "2018-12-31": "$2.21", "2018-09-30": "$2.74", "2018-06-30": "$3.09", "2018-03-31": "$2.99", "2017-12-31": "$3.65", "2017-09-30": "$4.29", "2017-06-30": "$4.93", "2017-03-31": "$5.20", "2016-12-31": "$5.18", "2016-09-30": "$2.69", "2016-06-30": "$2.31", "2016-03-31": "$2.52", "2015-12-31": "$2.81", "2015-09-30": "$2.80", "2015-06-30": "$2.53", "2015-03-31": "$1.93", "2014-12-31": "$1.56", "2014-09-30": "$1.36", "2014-06-30": "$0.80", "2014-03-31": "$0.32", "2013-12-31": "$0.38", "2013-09-30": "$-0.46", "2013-06-30": "$-2.97", "2013-03-31": "$-2.53", "2012-12-31": "$-2.03", "2012-09-30": "$-0.81", "2012-06-30": "$1.68", "2012-03-31": "$1.89", "2011-12-31": "$1.69", "2011-09-30": "$1.82", "2011-06-30": "$1.54", "2011-03-31": "$1.53", "2010-12-31": "$1.19", "2010-09-30": "$-0.10", "2010-06-30": "$0.46", "2010-03-31": "$0.35", "2009-12-31": "$0.61", "2009-09-30": "$0.86", "2009-06-30": "$1.54", "2009-03-31": "$1.74", "2008-12-31": "$2.15", "2008-09-30": "$1.76", "2008-06-30": "$1.26", "2008-03-31": "$0.77", "2007-12-31": "$0.38", "2007-09-30": "$0.72", "2007-06-30": "$0.08", "2007-03-31": "$0.75", "2006-12-31": "$0.57"}, "net worth": {"value": "$4.77B"}, "current ratio": {"2020-09-30": "1.76", "2020-06-30": "1.80", "2020-03-31": "1.57", "2019-12-31": "1.24", "2019-09-30": "1.35", "2019-06-30": "1.32", "2019-03-31": "1.27", "2018-12-31": "1.33", "2018-09-30": "1.43", "2018-06-30": "1.46", "2018-03-31": "1.51", "2017-12-31": "1.50", "2017-09-30": "1.42", "2017-06-30": "1.33", "2017-03-31": "1.29", "2016-12-31": "1.40", "2016-09-30": "1.37", "2016-06-30": "1.37", "2016-03-31": "1.36", "2015-12-31": "1.43", "2015-09-30": "1.58", "2015-06-30": "1.59", "2015-03-31": "1.53", "2014-12-31": "1.49", "2014-09-30": "1.60", "2014-06-30": "1.72", "2014-03-31": "1.69", "2013-12-31": "2.31", "2013-09-30": "1.85", "2013-06-30": "1.67", "2013-03-31": "1.64", "2012-12-31": "1.96", "2012-09-30": "1.71", "2012-06-30": "1.59", "2012-03-31": "1.60", "2011-12-31": "1.61", "2011-09-30": "1.64", "2011-06-30": "1.70", "2011-03-31": "1.71", "2010-12-31": "1.75", "2010-09-30": "1.70", "2010-06-30": "1.72", "2010-03-31": "1.64", "2009-12-31": "1.66", "2009-09-30": "1.69", "2009-06-30": "1.71", "2009-03-31": "1.54", "2008-12-31": "1.51", "2008-09-30": "1.53", "2008-06-30": "1.56", "2008-03-31": "2.00", "2007-12-31": "2.02", "2007-09-30": "2.07", "2007-06-30": "1.96", "2007-03-31": "1.89", "2006-12-31": "1.88", "2006-09-30": "1.78", "2006-06-30": "1.81", "2006-03-31": "1.66", "2005-12-31": "1.78", "2005-09-30": "1.57", "2005-06-30": "1.62", "2005-03-31": "1.57"}, "quick ratio": {"2020-09-30": "1.43", "2020-06-30": "1.46", "2020-03-31": "1.26", "2019-12-31": "0.93", "2019-09-30": "0.98", "2019-06-30": "0.94", "2019-03-31": "0.90", "2018-12-31": "0.97", "2018-09-30": "0.97", "2018-06-30": "1.01", "2018-03-31": "1.07", "2017-12-31": "1.09", "2017-09-30": "1.02", "2017-06-30": "0.94", "2017-03-31": "0.92", "2016-12-31": "1.05", "2016-09-30": "0.99", "2016-06-30": "0.99", "2016-03-31": "1.00", "2015-12-31": "1.07", "2015-09-30": "1.19", "2015-06-30": "1.22", "2015-03-31": "1.20", "2014-12-31": "1.17", "2014-09-30": "1.21", "2014-06-30": "1.30", "2014-03-31": "1.28", "2013-12-31": "1.89", "2013-09-30": "1.37", "2013-06-30": "1.23", "2013-03-31": "1.18", "2012-12-31": "1.50", "2012-09-30": "1.23", "2012-06-30": "1.10", "2012-03-31": "1.12", "2011-12-31": "1.12", "2011-09-30": "1.12", "2011-06-30": "1.16", "2011-03-31": "1.18", "2010-12-31": "1.23", "2010-09-30": "1.14", "2010-06-30": "1.18", "2010-03-31": "1.13", "2009-12-31": "1.17", "2009-09-30": "1.16", "2009-06-30": "1.18", "2009-03-31": "1.12", "2008-12-31": "1.10", "2008-09-30": "1.12", "2008-06-30": "1.14", "2008-03-31": "1.48", "2007-12-31": "1.55", "2007-09-30": "1.57", "2007-06-30": "1.56", "2007-03-31": "1.50", "2006-12-31": "1.52", "2006-09-30": "1.37", "2006-06-30": "1.40", "2006-03-31": "1.41", "2005-12-31": "1.42", "2005-09-30": "1.34", "2005-06-30": "1.38", "2005-03-31": "1.35"}, "debt equity ratio": {"current": "3.56", "2020-09-30": "7.20", "2020-06-30": "7.86", "2020-03-31": "8.30", "2019-12-31": "7.12", "2019-09-30": "6.55", "2019-06-30": "4.75", "2019-03-31": "5.18", "2018-12-31": "5.17", "2018-09-30": "4.80", "2018-06-30": "5.10", "2018-03-31": "4.37", "2017-12-31": "4.00", "2017-09-30": "3.99", "2017-06-30": "4.42", "2017-03-31": "4.89", "2016-12-31": "3.96", "2016-09-30": "4.11", "2016-06-30": "4.61", "2016-03-31": "4.76", "2015-12-31": "4.01", "2015-09-30": "3.71", "2015-06-30": "4.05", "2015-03-31": "3.47", "2014-12-31": "3.55", "2014-09-30": "3.46", "2014-06-30": "3.53", "2014-03-31": "3.81", "2013-12-31": "3.55", "2013-09-30": "3.37", "2013-06-30": "3.57", "2013-03-31": "3.84", "2012-12-31": "3.97", "2012-09-30": "4.90", "2012-06-30": "4.73", "2012-03-31": "5.48", "2011-12-31": "5.82", "2011-09-30": "4.36", "2011-06-30": "3.52", "2011-03-31": "3.71", "2010-12-31": "3.76", "2010-09-30": "4.29", "2010-06-30": "4.82", "2010-03-31": "5.61", "2009-12-31": "5.92", "2009-09-30": "7.15", "2009-06-30": "7.02", "2009-03-31": "8.22", "2008-12-31": "8.15", "2008-09-30": "1.93", "2008-06-30": "1.87", "2008-03-31": "1.79", "2007-12-31": "1.72", "2007-09-30": "1.69", "2007-06-30": "1.62", "2007-03-31": "1.74", "2006-12-31": "1.78", "2006-09-30": "1.37", "2006-06-30": "1.55", "2006-03-31": "1.58", "2005-12-31": "1.60", "2005-09-30": "1.44", "2005-06-30": "1.54", "2005-03-31": "1.63"}, "return on equity": {"2020-09-30": "49.55%", "2020-06-30": "49.17%", "2020-03-31": "47.56%", "2019-12-31": "45.26%", "2019-09-30": "7.79%", "2019-06-30": "12.13%", "2019-03-31": "-5.66%", "2018-12-31": "-6.79%", "2018-09-30": "-2.64%", "2018-06-30": "0.70%", "2018-03-31": "17.24%", "2017-12-31": "15.87%", "2017-09-30": "19.44%", "2017-06-30": "17.86%", "2017-03-31": "16.14%", "2016-12-31": "18.67%", "2016-09-30": "13.88%", "2016-06-30": "13.90%", "2016-03-31": "-13.09%", "2015-12-31": "-10.86%", "2015-09-30": "-9.80%", "2015-06-30": "-13.99%", "2015-03-31": "9.28%", "2014-12-31": "10.05%", "2014-09-30": "18.98%", "2014-06-30": "24.57%", "2014-03-31": "26.13%", "2013-12-31": "28.58%", "2013-09-30": "34.18%", "2013-06-30": "37.00%", "2013-03-31": "42.23%", "2012-12-31": "46.21%", "2012-09-30": "-1.40%", "2012-06-30": "-8.98%", "2012-03-31": "-16.30%", "2011-12-31": "-19.86%", "2011-09-30": "10.30%", "2011-06-30": "18.27%", "2011-03-31": "19.58%", "2010-12-31": "17.50%", "2010-09-30": "5.70%", "2010-06-30": "-4.83%", "2010-03-31": "-6.83%", "2009-12-31": "-6.61%", "2009-09-30": "16.91%", "2009-06-30": "19.91%", "2009-03-31": "16.49%", "2008-12-31": "17.47%", "2008-09-30": "16.03%", "2008-06-30": "13.81%", "2008-03-31": "15.70%", "2007-12-31": "14.32%", "2007-09-30": "18.47%", "2007-06-30": "18.81%", "2007-03-31": "17.91%", "2006-12-31": "18.07%", "2006-09-30": "16.63%", "2006-06-30": "23.25%", "2006-03-31": "25.66%", "2005-12-31": "25.17%"}, "return on assets": {"2020-09-30": "5.76%", "2020-06-30": "5.83%", "2020-03-31": "6.33%", "2019-12-31": "6.66%", "2019-09-30": "1.23%", "2019-06-30": "2.03%", "2019-03-31": "-0.93%", "2018-12-31": "-1.16%", "2018-09-30": "-0.48%", "2018-06-30": "0.13%", "2018-03-31": "3.33%", "2017-12-31": "2.99%", "2017-09-30": "3.68%", "2017-06-30": "3.36%", "2017-03-31": "3.01%", "2016-12-31": "3.50%", "2016-09-30": "2.59%", "2016-06-30": "2.66%", "2016-03-31": "-2.57%", "2015-12-31": "-2.27%", "2015-09-30": "-2.09%", "2015-06-30": "-3.03%", "2015-03-31": "2.06%", "2014-12-31": "2.19%", "2014-09-30": "4.14%", "2014-06-30": "5.38%", "2014-03-31": "5.70%", "2013-12-31": "6.25%", "2013-09-30": "7.32%", "2013-06-30": "7.39%", "2013-03-31": "7.97%", "2012-12-31": "8.11%", "2012-09-30": "-0.23%", "2012-06-30": "-1.49%", "2012-03-31": "-2.85%", "2011-12-31": "-3.75%", "2011-09-30": "2.12%", "2011-06-30": "3.81%", "2011-03-31": "3.84%", "2010-12-31": "3.17%", "2010-09-30": "0.94%", "2010-06-30": "-0.71%", "2010-03-31": "-0.93%", "2009-12-31": "-0.83%", "2009-09-30": "1.96%", "2009-06-30": "3.47%", "2009-03-31": "3.80%", "2008-12-31": "5.10%", "2008-09-30": "5.67%", "2008-06-30": "4.99%", "2008-03-31": "5.82%", "2007-12-31": "5.33%", "2007-09-30": "6.84%", "2007-06-30": "7.21%", "2007-03-31": "6.91%", "2006-12-31": "7.07%", "2006-09-30": "6.61%", "2006-06-30": "9.16%", "2006-03-31": "10.12%", "2005-12-31": "9.87%"}, "return on investments": {"2020-09-30": "9.07%", "2020-06-30": "10.60%", "2020-03-31": "12.79%", "2019-12-31": "13.95%", "2019-09-30": "11.33%", "2019-06-30": "10.47%", "2019-03-31": "4.33%", "2018-12-31": "4.48%", "2018-09-30": "7.64%", "2018-06-30": "9.16%", "2018-03-31": "15.27%", "2017-12-31": "15.47%", "2017-09-30": "15.83%", "2017-06-30": "15.62%", "2017-03-31": "15.24%", "2016-12-31": "14.74%", "2016-09-30": "12.78%", "2016-06-30": "12.08%", "2016-03-31": "2.92%", "2015-12-31": "2.69%", "2015-09-30": "0.62%", "2015-06-30": "-1.79%", "2015-03-31": "6.17%", "2014-12-31": "6.30%", "2014-09-30": "11.08%", "2014-06-30": "14.10%", "2014-03-31": "15.18%", "2013-12-31": "16.83%", "2013-09-30": "22.45%", "2013-06-30": "24.37%", "2013-03-31": "28.29%", "2012-12-31": "33.34%", "2012-09-30": "4.23%", "2012-06-30": "-1.23%", "2012-03-31": "-5.55%", "2011-12-31": "-10.28%", "2011-09-30": "16.92%", "2011-06-30": "23.45%", "2011-03-31": "21.79%", "2010-12-31": "19.20%", "2010-09-30": "13.23%", "2010-06-30": "14.24%", "2010-03-31": "17.21%", "2009-12-31": "20.28%", "2009-09-30": "32.19%", "2009-06-30": "30.67%", "2009-03-31": "24.50%", "2008-12-31": "23.20%", "2008-09-30": "19.38%", "2008-06-30": "14.74%", "2008-03-31": "14.06%", "2007-12-31": "9.87%", "2007-09-30": "2.49%", "2007-06-30": "2.74%", "2007-03-31": "3.75%", "2006-12-31": "6.36%", "2006-09-30": "3.21%", "2006-06-30": "5.92%", "2006-03-31": "4.69%", "2005-12-31": "4.98%"}, "return on tangible equity": {"2020-09-30": "-24.15%", "2020-06-30": "-23.52%", "2020-03-31": "-25.56%", "2019-12-31": "-27.19%", "2019-09-30": "-5.00%", "2019-06-30": "-8.47%", "2019-03-31": "3.75%", "2018-12-31": "4.63%", "2018-09-30": "1.96%", "2018-06-30": "-0.55%", "2018-03-31": "-14.00%", "2017-12-31": "-12.32%", "2017-09-30": "-15.00%", "2017-06-30": "-13.33%", "2017-03-31": "-11.69%", "2016-12-31": "-13.44%", "2016-09-30": "-9.77%", "2016-06-30": "-10.09%", "2016-03-31": "9.93%", "2015-12-31": "9.48%", "2015-09-30": "9.26%", "2015-06-30": "13.89%", "2015-03-31": "-9.92%", "2014-12-31": "-10.30%", "2014-09-30": "-24.31%", "2014-06-30": "-39.67%", "2014-03-31": "-56.64%", "2013-12-31": "-105.85%", "2013-09-30": "-133.98%", "2013-06-30": "-143.59%", "2013-03-31": "-178.75%", "2012-12-31": "-223.20%", "2012-09-30": "4.19%", "2012-06-30": "28.35%", "2012-03-31": "1176.92%", "2011-12-31": "-67.62%", "2011-09-30": "17.45%", "2011-06-30": "20.89%", "2011-03-31": "22.54%", "2010-12-31": "20.35%", "2010-09-30": "6.67%", "2010-06-30": "-5.76%", "2010-03-31": "-8.26%", "2009-12-31": "-8.07%", "2009-09-30": "20.72%", "2009-06-30": "22.55%", "2009-03-31": "17.91%", "2008-12-31": "18.54%", "2008-09-30": "16.75%", "2008-06-30": "14.36%", "2008-03-31": "16.46%", "2007-12-31": "15.16%", "2007-09-30": "19.52%", "2007-06-30": "20.02%", "2007-03-31": "19.06%", "2006-12-31": "19.20%", "2006-09-30": "17.80%", "2006-06-30": "24.84%", "2006-03-31": "27.33%", "2005-12-31": "26.76%"}, "dividend yield history": {"last payout": "$0.00", "last yield": "0.00%"}}