{"ticker": "NDAQ", "price": {"title": "Nasdaq Historical Annual Stock Price Data", "value": 142.37, "historical": {"2020": {"Average Stock Price": "118.3296", "Year Open": "107.8200", "Year High": "137.2800", "Year Low": "72.8600", "Year Close": "132.7400", "Annual % Change": "23.94%"}, "2019": {"Average Stock Price": "94.9681", "Year Open": "81.0000", "Year High": "107.9900", "Year Low": "78.8200", "Year Close": "107.1000", "Annual % Change": "31.30%"}, "2018": {"Average Stock Price": "87.3279", "Year Open": "76.7400", "Year High": "96.7400", "Year Low": "75.2100", "Year Close": "81.5700", "Annual % Change": "6.17%"}, "2017": {"Average Stock Price": "72.2226", "Year Open": "66.6800", "Year High": "79.2700", "Year Low": "66.6800", "Year Close": "76.8300", "Annual % Change": "14.47%"}, "2016": {"Average Stock Price": "65.3818", "Year Open": "56.5400", "Year High": "71.6700", "Year Low": "55.7300", "Year Close": "67.1200", "Annual % Change": "15.39%"}, "2015": {"Average Stock Price": "51.9738", "Year Open": "47.8600", "Year High": "59.9700", "Year Low": "45.0400", "Year Close": "58.1700", "Annual % Change": "21.29%"}, "2014": {"Average Stock Price": "40.4422", "Year Open": "39.2000", "Year High": "49.2900", "Year Low": "34.1300", "Year Close": "47.9600", "Annual % Change": "20.50%"}, "2013": {"Average Stock Price": "32.3285", "Year Open": "25.7600", "Year High": "39.9800", "Year Low": "25.7600", "Year Close": "39.8000", "Annual % Change": "59.26%"}, "2012": {"Average Stock Price": "24.0307", "Year Open": "24.9600", "Year High": "27.1800", "Year Low": "21.2400", "Year Close": "24.9900", "Annual % Change": "1.96%"}, "2011": {"Average Stock Price": "25.1215", "Year Open": "24.1100", "Year High": "29.6400", "Year Low": "20.4000", "Year Close": "24.5100", "Annual % Change": "3.29%"}, "2010": {"Average Stock Price": "20.0774", "Year Open": "20.2400", "Year High": "24.1600", "Year Low": "17.3000", "Year Close": "23.7300", "Annual % Change": "19.73%"}, "2009": {"Average Stock Price": "20.5411", "Year Open": "26.1300", "Year High": "26.7400", "Year Low": "17.6300", "Year Close": "19.8200", "Annual % Change": "-19.79%"}, "2008": {"Average Stock Price": "33.1187", "Year Open": "48.2300", "Year High": "48.2300", "Year Low": "15.7600", "Year Close": "24.7100", "Annual % Change": "-50.07%"}, "2007": {"Average Stock Price": "35.0812", "Year Open": "31.0100", "Year High": "50.0000", "Year Low": "27.5000", "Year Close": "49.4900", "Annual % Change": "60.73%"}, "2006": {"Average Stock Price": "34.5341", "Year Open": "36.2600", "Year High": "46.7000", "Year Low": "24.2800", "Year Close": "30.7900", "Annual % Change": "-12.48%"}, "2005": {"Average Stock Price": "20.7187", "Year Open": "10.1500", "Year High": "44.6900", "Year Low": "8.1000", "Year Close": "35.1800", "Annual % Change": "244.90%"}, "2004": {"Average Stock Price": "7.6030", "Year Open": "9.2500", "Year High": "11.3500", "Year Low": "5.5300", "Year Close": "10.2000", "Annual % Change": "7.94%"}, "2003": {"Average Stock Price": "7.8585", "Year Open": "10.2500", "Year High": "10.4000", "Year Low": "5.2500", "Year Close": "9.4500", "Annual % Change": "-5.50%"}, "2002": {"Average Stock Price": "10.2504", "Year Open": "15.0000", "Year High": "15.5000", "Year Low": "7.0000", "Year Close": "10.0000", "Annual % Change": "0.00%"}}}, "market cap": {"value": "$23.48B"}, "income statement": {"Revenue": {"2020-12-31": "5627.00000", "2019-12-31": "4262.00000", "2018-12-31": "4277.00000", "2017-12-31": "3948.00000", "2016-12-31": "3704.00000", "2015-12-31": "3403.00000", "2014-12-31": "3500.00000", "2013-12-31": "3211.00000", "2012-12-31": "3120.00000", "2011-12-31": "3438.00000", "2010-12-31": "3191.00000", "2009-12-31": "3411.00000", "2008-12-31": "3650.00000", "2007-12-31": "2436.00000", "2006-12-31": "1657.77600", "2005-12-31": "879.91900"}, "Cost Of Goods Sold": {"2020-12-31": "2724.00000", "2019-12-31": "1727.00000", "2018-12-31": "1751.00000", "2017-12-31": "1537.00000", "2016-12-31": "1428.00000", "2015-12-31": "1313.00000", "2014-12-31": "1433.00000", "2013-12-31": "1316.00000", "2012-12-31": "1446.00000", "2011-12-31": "1748.00000", "2010-12-31": "1675.00000", "2009-12-31": "1958.00000", "2008-12-31": "2190.00000", "2007-12-31": "1624.00000", "2006-12-31": "970.38100", "2005-12-31": "353.90800"}, "Gross Profit": {"2020-12-31": "2903.00000", "2019-12-31": "2535.00000", "2018-12-31": "2526.00000", "2017-12-31": "2411.00000", "2016-12-31": "2276.00000", "2015-12-31": "2090.00000", "2014-12-31": "2067.00000", "2013-12-31": "1895.00000", "2012-12-31": "1674.00000", "2011-12-31": "1690.00000", "2010-12-31": "1516.00000", "2009-12-31": "1453.00000", "2008-12-31": "1460.00000", "2007-12-31": "812.00000", "2006-12-31": "687.39500", "2005-12-31": "526.01100"}, "Research And Development Expenses": {"2020-12-31": "", "2019-12-31": "", "2018-12-31": "", "2017-12-31": "", "2016-12-31": "", "2015-12-31": "", "2014-12-31": "", "2013-12-31": "", "2012-12-31": "", "2011-12-31": "", "2010-12-31": "", "2009-12-31": "", "2008-12-31": "", "2007-12-31": "", "2006-12-31": "", "2005-12-31": ""}, "SG&A Expenses": {"2020-12-31": "1386.00000", "2019-12-31": "1259.00000", "2018-12-31": "1267.00000", "2017-12-31": "1188.00000", "2016-12-31": "1153.00000", "2015-12-31": "1050.00000", "2014-12-31": "1095.00000", "2013-12-31": "1010.00000", "2012-12-31": "832.00000", "2011-12-31": "847.00000", "2010-12-31": "778.00000", "2009-12-31": "729.00000", "2008-12-31": "702.00000", "2007-12-31": "408.00000", "2006-12-31": "362.66200", "2005-12-31": "300.58500"}, "Other Operating Income Or Expenses": {"2020-12-31": "-33.00000", "2019-12-31": "", "2018-12-31": "", "2017-12-31": "", "2016-12-31": "", "2015-12-31": "", "2014-12-31": "", "2013-12-31": "-44.00000", "2012-12-31": "", "2011-12-31": "", "2010-12-31": "", "2009-12-31": "", "2008-12-31": "", "2007-12-31": "", "2006-12-31": "-33.77100", "2005-12-31": "-44.77700"}, "Operating Expenses": {"2020-12-31": "4393.00000", "2019-12-31": "3245.00000", "2018-12-31": "3249.00000", "2017-12-31": "2957.00000", "2016-12-31": "2868.00000", "2015-12-31": "2683.00000", "2014-12-31": "2746.00000", "2013-12-31": "2523.00000", "2012-12-31": "2430.00000", "2011-12-31": "2742.00000", "2010-12-31": "2560.00000", "2009-12-31": "2808.00000", "2008-12-31": "3010.00000", "2007-12-31": "2071.00000", "2006-12-31": "1437.73000", "2005-12-31": "766.25590"}, "Operating Income": {"2020-12-31": "1234.00000", "2019-12-31": "1017.00000", "2018-12-31": "1028.00000", "2017-12-31": "991.00000", "2016-12-31": "836.00000", "2015-12-31": "720.00000", "2014-12-31": "754.00000", "2013-12-31": "688.00000", "2012-12-31": "690.00000", "2011-12-31": "696.00000", "2010-12-31": "631.00000", "2009-12-31": "603.00000", "2008-12-31": "640.00000", "2007-12-31": "365.00000", "2006-12-31": "220.04600", "2005-12-31": "113.66310"}, "Total Non-Operating Income/Expense": {"2020-12-31": "-22.00000", "2019-12-31": "2.00000", "2018-12-31": "36.00000", "2017-12-31": "-119.00000", "2016-12-31": "-703.00000", "2015-12-31": "-90.00000", "2014-12-31": "-160.00000", "2013-12-31": "-88.00000", "2012-12-31": "-142.00000", "2011-12-31": "-123.00000", "2010-12-31": "-105.00000", "2009-12-31": "-212.00000", "2008-12-31": "-127.00000", "2007-12-31": "429.00000", "2006-12-31": "-6.90100", "2005-12-31": "-7.40100"}, "Pre-Tax Income": {"2020-12-31": "1212.00000", "2019-12-31": "1019.00000", "2018-12-31": "1064.00000", "2017-12-31": "872.00000", "2016-12-31": "133.00000", "2015-12-31": "630.00000", "2014-12-31": "594.00000", "2013-12-31": "600.00000", "2012-12-31": "548.00000", "2011-12-31": "573.00000", "2010-12-31": "526.00000", "2009-12-31": "391.00000", "2008-12-31": "513.00000", "2007-12-31": "794.00000", "2006-12-31": "213.14500", "2005-12-31": "106.26200"}, "Income Taxes": {"2020-12-31": "279.00000", "2019-12-31": "245.00000", "2018-12-31": "606.00000", "2017-12-31": "143.00000", "2016-12-31": "27.00000", "2015-12-31": "203.00000", "2014-12-31": "181.00000", "2013-12-31": "216.00000", "2012-12-31": "199.00000", "2011-12-31": "190.00000", "2010-12-31": "137.00000", "2009-12-31": "128.00000", "2008-12-31": "198.00000", "2007-12-31": "276.00000", "2006-12-31": "85.25200", "2005-12-31": "44.57200"}, "Income After Taxes": {"2020-12-31": "933.00000", "2019-12-31": "774.00000", "2018-12-31": "458.00000", "2017-12-31": "729.00000", "2016-12-31": "106.00000", "2015-12-31": "427.00000", "2014-12-31": "413.00000", "2013-12-31": "384.00000", "2012-12-31": "349.00000", "2011-12-31": "383.00000", "2010-12-31": "389.00000", "2009-12-31": "263.00000", "2008-12-31": "315.00000", "2007-12-31": "518.00000", "2006-12-31": "127.89300", "2005-12-31": "61.69000"}, "Other Income": {"2020-12-31": "", "2019-12-31": "", "2018-12-31": "", "2017-12-31": "", "2016-12-31": "", "2015-12-31": "", "2014-12-31": "", "2013-12-31": "", "2012-12-31": "", "2011-12-31": "", "2010-12-31": "", "2009-12-31": "", "2008-12-31": "", "2007-12-31": "", "2006-12-31": "", "2005-12-31": ""}, "Income From Continuous Operations": {"2020-12-31": "933.00000", "2019-12-31": "774.00000", "2018-12-31": "458.00000", "2017-12-31": "729.00000", "2016-12-31": "106.00000", "2015-12-31": "427.00000", "2014-12-31": "413.00000", "2013-12-31": "384.00000", "2012-12-31": "349.00000", "2011-12-31": "383.00000", "2010-12-31": "389.00000", "2009-12-31": "263.00000", "2008-12-31": "315.00000", "2007-12-31": "518.00000", "2006-12-31": "127.89300", "2005-12-31": "61.69000"}, "Income From Discontinued Operations": {"2020-12-31": "", "2019-12-31": "", "2018-12-31": "", "2017-12-31": "", "2016-12-31": "", "2015-12-31": "", "2014-12-31": "", "2013-12-31": "", "2012-12-31": "", "2011-12-31": "", "2010-12-31": "", "2009-12-31": "", "2008-12-31": "", "2007-12-31": "", "2006-12-31": "", "2005-12-31": ""}, "Net Income": {"2020-12-31": "933.00000", "2019-12-31": "774.00000", "2018-12-31": "458.00000", "2017-12-31": "729.00000", "2016-12-31": "106.00000", "2015-12-31": "428.00000", "2014-12-31": "414.00000", "2013-12-31": "385.00000", "2012-12-31": "352.00000", "2011-12-31": "387.00000", "2010-12-31": "394.00000", "2009-12-31": "266.00000", "2008-12-31": "314.00000", "2007-12-31": "518.00000", "2006-12-31": "127.20300", "2005-12-31": "55.09300"}, "EBITDA": {"2020-12-31": "1234.00000", "2019-12-31": "1207.00000", "2018-12-31": "1238.00000", "2017-12-31": "1179.00000", "2016-12-31": "1006.00000", "2015-12-31": "858.00000", "2014-12-31": "891.00000", "2013-12-31": "810.00000", "2012-12-31": "794.00000", "2011-12-31": "811.00000", "2010-12-31": "740.00000", "2009-12-31": "718.00000", "2008-12-31": "733.00000", "2007-12-31": "404.00000", "2006-12-31": "290.96200", "2005-12-31": "180.64910"}, "EBIT": {"2020-12-31": "1234.00000", "2019-12-31": "1017.00000", "2018-12-31": "1028.00000", "2017-12-31": "991.00000", "2016-12-31": "836.00000", "2015-12-31": "720.00000", "2014-12-31": "754.00000", "2013-12-31": "688.00000", "2012-12-31": "690.00000", "2011-12-31": "696.00000", "2010-12-31": "631.00000", "2009-12-31": "603.00000", "2008-12-31": "640.00000", "2007-12-31": "365.00000", "2006-12-31": "220.04600", "2005-12-31": "113.66310"}, "Basic Shares Outstanding": {"2020-12-31": "164.40000", "2019-12-31": "164.93200", "2018-12-31": "165.34900", "2017-12-31": "166.36400", "2016-12-31": "165.18200", "2015-12-31": "167.28540", "2014-12-31": "168.92700", "2013-12-31": "166.93200", "2012-12-31": "168.25500", "2011-12-31": "176.33200", "2010-12-31": "202.97600", "2009-12-31": "204.69800", "2008-12-31": "190.36300", "2007-12-31": "116.06400", "2006-12-31": "104.31100", "2005-12-31": "80.54300"}, "Shares Outstanding": {"2020-12-31": "166.90000", "2019-12-31": "166.97000", "2018-12-31": "167.69100", "2017-12-31": "169.58500", "2016-12-31": "168.80100", "2015-12-31": "171.28300", "2014-12-31": "173.01900", "2013-12-31": "171.26600", "2012-12-31": "172.58800", "2011-12-31": "180.01100", "2010-12-31": "206.51500", "2009-12-31": "214.53800", "2008-12-31": "204.51500", "2007-12-31": "152.52900", "2006-12-31": "144.22900", "2005-12-31": "111.91400"}, "Basic EPS": {"2020-12-31": "5.67000", "2019-12-31": "4.69000", "2018-12-31": "2.77000", "2017-12-31": "4.38000", "2016-12-31": "0.64000", "2015-12-31": "2.56000", "2014-12-31": "2.45000", "2013-12-31": "2.30630", "2012-12-31": "2.09000", "2011-12-31": "2.20000", "2010-12-31": "1.94000", "2009-12-31": "1.30000", "2008-12-31": "1.65000", "2007-12-31": "4.47000", "2006-12-31": "1.22000", "2005-12-31": "0.68000"}, "EPS - Earnings Per Share": {"2020-12-31": "5.59000", "2019-12-31": "4.63000", "2018-12-31": "2.73000", "2017-12-31": "4.30000", "2016-12-31": "0.63000", "2015-12-31": "2.50000", "2014-12-31": "2.39000", "2013-12-31": "2.25000", "2012-12-31": "2.04000", "2011-12-31": "2.15000", "2010-12-31": "1.91000", "2009-12-31": "1.25000", "2008-12-31": "1.55000", "2007-12-31": "3.46000", "2006-12-31": "0.95000", "2005-12-31": "0.57000"}}, "income statement, quarterly": {"Revenue": {"2020-12-31": "1463.00000", "2020-09-30": "1414.00000", "2020-06-30": "1398.00000", "2020-03-31": "1353.00000", "2019-12-31": "1066.00000", "2019-09-30": "1096.00000", "2019-06-30": "1061.00000", "2019-03-31": "1039.00000", "2018-12-31": "1135.00000", "2018-09-30": "964.00000", "2018-06-30": "1027.00000", "2018-03-31": "1151.00000", "2017-12-31": "1020.00000", "2017-09-30": "965.00000", "2017-06-30": "994.00000", "2017-03-31": "969.00000", "2016-12-31": "973.00000", "2016-09-30": "929.00000", "2016-06-30": "897.00000", "2016-03-31": "905.00000", "2015-12-31": "867.00000", "2015-09-30": "871.00000", "2015-06-30": "807.00000", "2015-03-31": "858.00000", "2014-12-31": "919.00000", "2014-09-30": "818.00000", "2014-06-30": "865.00000", "2014-03-31": "898.00000", "2013-12-31": "848.00000", "2013-09-30": "805.00000", "2013-06-30": "814.00000", "2013-03-31": "744.00000", "2012-12-31": "755.00000", "2012-09-30": "746.00000", "2012-06-30": "815.00000", "2012-03-31": "804.00000", "2011-12-31": "842.00000", "2011-09-30": "944.00000", "2011-06-30": "837.00000", "2011-03-31": "815.00000", "2010-12-31": "777.00000", "2010-09-30": "757.00000", "2010-06-30": "886.00000", "2010-03-31": "771.00000", "2009-12-31": "817.00000", "2009-09-30": "810.00000", "2009-06-30": "889.00000", "2009-03-31": "895.00000", "2008-12-31": "1024.00000", "2008-09-30": "990.00000", "2008-06-30": "822.00000", "2008-03-31": "814.00000", "2007-12-31": "663.89110", "2007-09-30": "651.96100", "2007-06-30": "558.20100", "2007-03-31": "561.94700", "2006-12-31": "447.64600", "2006-09-30": "402.85900", "2006-06-30": "411.03200", "2006-03-31": "396.23900", "2005-12-31": "259.57500", "2005-09-30": "220.46500", "2005-06-30": "219.68600", "2005-03-31": "180.19300"}, "Cost Of Goods Sold": {"2020-12-31": "675.00000", "2020-09-30": "699.00000", "2020-06-30": "699.00000", "2020-03-31": "652.00000", "2019-12-31": "420.00000", "2019-09-30": "464.00000", "2019-06-30": "438.00000", "2019-03-31": "405.00000", "2018-12-31": "490.00000", "2018-09-30": "364.00000", "2018-06-30": "412.00000", "2018-03-31": "485.00000", "2017-12-31": "389.00000", "2017-09-30": "362.00000", "2017-06-30": "398.00000", "2017-03-31": "388.00000", "2016-12-31": "375.00000", "2016-09-30": "344.00000", "2016-06-30": "338.00000", "2016-03-31": "371.00000", "2015-12-31": "331.00000", "2015-09-30": "342.00000", "2015-06-30": "289.00000", "2015-03-31": "351.00000", "2014-12-31": "401.00000", "2014-09-30": "321.00000", "2014-06-30": "342.00000", "2014-03-31": "369.00000", "2013-12-31": "328.00000", "2013-09-30": "299.00000", "2013-06-30": "363.00000", "2013-03-31": "326.00000", "2012-12-31": "334.00000", "2012-09-30": "334.00000", "2012-06-30": "388.00000", "2012-03-31": "390.00000", "2011-12-31": "416.00000", "2011-09-30": "508.00000", "2011-06-30": "422.00000", "2011-03-31": "402.00000", "2010-12-31": "383.00000", "2010-09-30": "385.00000", "2010-06-30": "496.00000", "2010-03-31": "411.00000", "2009-12-31": "449.00000", "2009-09-30": "461.00000", "2009-06-30": "522.00000", "2009-03-31": "526.00000", "2008-12-31": "621.00000", "2008-09-30": "591.00000", "2008-06-30": "442.00000", "2008-03-31": "536.00000", "2007-12-31": "452.58200", "2007-09-30": "442.01700", "2007-06-30": "359.52100", "2007-03-31": "369.88000", "2006-12-31": "264.57000", "2006-09-30": "231.70900", "2006-06-30": "239.88100", "2006-03-31": "234.22100", "2005-12-31": "120.94700", "2005-09-30": "89.82100", "2005-06-30": "89.22500", "2005-03-31": "53.91500"}, "Gross Profit": {"2020-12-31": "788.00000", "2020-09-30": "715.00000", "2020-06-30": "699.00000", "2020-03-31": "701.00000", "2019-12-31": "646.00000", "2019-09-30": "632.00000", "2019-06-30": "623.00000", "2019-03-31": "634.00000", "2018-12-31": "645.00000", "2018-09-30": "600.00000", "2018-06-30": "615.00000", "2018-03-31": "666.00000", "2017-12-31": "631.00000", "2017-09-30": "603.00000", "2017-06-30": "596.00000", "2017-03-31": "581.00000", "2016-12-31": "598.00000", "2016-09-30": "585.00000", "2016-06-30": "559.00000", "2016-03-31": "534.00000", "2015-12-31": "536.00000", "2015-09-30": "529.00000", "2015-06-30": "518.00000", "2015-03-31": "507.00000", "2014-12-31": "518.00000", "2014-09-30": "497.00000", "2014-06-30": "523.00000", "2014-03-31": "529.00000", "2013-12-31": "520.00000", "2013-09-30": "506.00000", "2013-06-30": "451.00000", "2013-03-31": "418.00000", "2012-12-31": "421.00000", "2012-09-30": "412.00000", "2012-06-30": "427.00000", "2012-03-31": "414.00000", "2011-12-31": "426.00000", "2011-09-30": "436.00000", "2011-06-30": "415.00000", "2011-03-31": "413.00000", "2010-12-31": "394.00000", "2010-09-30": "372.00000", "2010-06-30": "390.00000", "2010-03-31": "360.00000", "2009-12-31": "368.00000", "2009-09-30": "349.00000", "2009-06-30": "367.00000", "2009-03-31": "369.00000", "2008-12-31": "403.00000", "2008-09-30": "399.00000", "2008-06-30": "380.00000", "2008-03-31": "278.00000", "2007-12-31": "211.30910", "2007-09-30": "209.94400", "2007-06-30": "198.68000", "2007-03-31": "192.06700", "2006-12-31": "183.07600", "2006-09-30": "171.15000", "2006-06-30": "171.15100", "2006-03-31": "162.01800", "2005-12-31": "138.62800", "2005-09-30": "130.64400", "2005-06-30": "130.46100", "2005-03-31": "126.27800"}, "Research And Development Expenses": {"2020-12-31": "", "2020-09-30": "", "2020-06-30": "", "2020-03-31": "", "2019-12-31": "", "2019-09-30": "", "2019-06-30": "", "2019-03-31": "", "2018-12-31": "", "2018-09-30": "", "2018-06-30": "", "2018-03-31": "", "2017-12-31": "", "2017-09-30": "", "2017-06-30": "", "2017-03-31": "", "2016-12-31": "", "2016-09-30": "", "2016-06-30": "", "2016-03-31": "", "2015-12-31": "", "2015-09-30": "", "2015-06-30": "", "2015-03-31": "", "2014-12-31": "", "2014-09-30": "", "2014-06-30": "", "2014-03-31": "", "2013-12-31": "", "2013-09-30": "", "2013-06-30": "", "2013-03-31": "", "2012-12-31": "", "2012-09-30": "", "2012-06-30": "", "2012-03-31": "", "2011-12-31": "", "2011-09-30": "", "2011-06-30": "", "2011-03-31": "", "2010-12-31": "", "2010-09-30": "", "2010-06-30": "", "2010-03-31": "", "2009-12-31": "", "2009-09-30": "", "2009-06-30": "", "2009-03-31": "", "2008-12-31": "", "2008-09-30": "", "2008-06-30": "", "2008-03-31": "", "2007-12-31": "", "2007-09-30": "", "2007-06-30": "", "2007-03-31": "", "2006-12-31": "", "2006-09-30": "", "2006-06-30": "", "2006-03-31": "", "2005-12-31": "", "2005-09-30": "", "2005-06-30": "", "2005-03-31": ""}, "SG&A Expenses": {"2020-12-31": "383.00000", "2020-09-30": "326.00000", "2020-06-30": "317.00000", "2020-03-31": "359.00000", "2019-12-31": "324.00000", "2019-09-30": "319.00000", "2019-06-30": "314.00000", "2019-03-31": "302.00000", "2018-12-31": "339.00000", "2018-09-30": "295.00000", "2018-06-30": "303.00000", "2018-03-31": "330.00000", "2017-12-31": "317.00000", "2017-09-30": "291.00000", "2017-06-30": "296.00000", "2017-03-31": "284.00000", "2016-12-31": "324.00000", "2016-09-30": "294.00000", "2016-06-30": "276.00000", "2016-03-31": "259.00000", "2015-12-31": "240.00000", "2015-09-30": "252.00000", "2015-06-30": "262.00000", "2015-03-31": "296.00000", "2014-12-31": "279.00000", "2014-09-30": "251.00000", "2014-06-30": "283.00000", "2014-03-31": "282.00000", "2013-12-31": "278.00000", "2013-09-30": "271.00000", "2013-06-30": "239.00000", "2013-03-31": "222.00000", "2012-12-31": "208.00000", "2012-09-30": "209.00000", "2012-06-30": "209.00000", "2012-03-31": "206.00000", "2011-12-31": "237.00000", "2011-09-30": "210.00000", "2011-06-30": "202.00000", "2011-03-31": "198.00000", "2010-12-31": "189.00000", "2010-09-30": "181.00000", "2010-06-30": "185.00000", "2010-03-31": "223.00000", "2009-12-31": "194.00000", "2009-09-30": "186.00000", "2009-06-30": "178.00000", "2009-03-31": "171.00000", "2008-12-31": "187.00000", "2008-09-30": "190.00000", "2008-06-30": "197.00000", "2008-03-31": "128.00000", "2007-12-31": "102.65800", "2007-09-30": "116.57600", "2007-06-30": "91.39200", "2007-03-31": "97.37400", "2006-12-31": "90.20400", "2006-09-30": "82.56400", "2006-06-30": "102.40200", "2006-03-31": "87.49200", "2005-12-31": "71.68100", "2005-09-30": "75.01000", "2005-06-30": "79.50900", "2005-03-31": "74.38500"}, "Other Operating Income Or Expenses": {"2020-12-31": "", "2020-09-30": "-1.00000", "2020-06-30": "", "2020-03-31": "-7.00000", "2019-12-31": "", "2019-09-30": "-10.00000", "2019-06-30": "", "2019-03-31": "-9.00000", "2018-12-31": "", "2018-09-30": "-6.00000", "2018-06-30": "", "2018-03-31": "-10.00000", "2017-12-31": "", "2017-09-30": "-3.00000", "2017-06-30": "-11.00000", "2017-03-31": "-6.00000", "2016-12-31": "", "2016-09-30": "-12.00000", "2016-06-30": "", "2016-03-31": "-9.00000", "2015-12-31": "", "2015-09-30": "", "2015-06-30": "", "2015-03-31": "", "2014-12-31": "", "2014-09-30": "", "2014-06-30": "", "2014-03-31": "", "2013-12-31": "18.00000", "2013-09-30": "", "2013-06-30": "", "2013-03-31": "-62.00000", "2012-12-31": "", "2012-09-30": "", "2012-06-30": "", "2012-03-31": "0.00000", "2011-12-31": "", "2011-09-30": "", "2011-06-30": "", "2011-03-31": "", "2010-12-31": "", "2010-09-30": "", "2010-06-30": "", "2010-03-31": "", "2009-12-31": "", "2009-09-30": "", "2009-06-30": "", "2009-03-31": "", "2008-12-31": "", "2008-09-30": "", "2008-06-30": "", "2008-03-31": "", "2007-12-31": "", "2007-09-30": "", "2007-06-30": "1.35900", "2007-03-31": "-3.49000", "2006-12-31": "-8.24200", "2006-09-30": "-6.41500", "2006-06-30": "-10.94800", "2006-03-31": "-8.16600", "2005-12-31": "-13.50600", "2005-09-30": "-10.63300", "2005-06-30": "-9.69600", "2005-03-31": "-10.94200"}, "Operating Expenses": {"2020-12-31": "1145.00000", "2020-09-30": "1088.00000", "2020-06-30": "1083.00000", "2020-03-31": "1078.00000", "2019-12-31": "806.00000", "2019-09-30": "870.00000", "2019-06-30": "805.00000", "2019-03-31": "764.00000", "2018-12-31": "895.00000", "2018-09-30": "718.00000", "2018-06-30": "758.00000", "2018-03-31": "878.00000", "2017-12-31": "779.00000", "2017-09-30": "703.00000", "2017-06-30": "752.00000", "2017-03-31": "723.00000", "2016-12-31": "763.00000", "2016-09-30": "696.00000", "2016-06-30": "723.00000", "2016-03-31": "686.00000", "2015-12-31": "622.00000", "2015-09-30": "640.00000", "2015-06-30": "590.00000", "2015-03-31": "831.00000", "2014-12-31": "747.00000", "2014-09-30": "611.00000", "2014-06-30": "674.00000", "2014-03-31": "714.00000", "2013-12-31": "611.00000", "2013-09-30": "603.00000", "2013-06-30": "655.00000", "2013-03-31": "654.00000", "2012-12-31": "581.00000", "2012-09-30": "576.00000", "2012-06-30": "640.00000", "2012-03-31": "633.00000", "2011-12-31": "682.00000", "2011-09-30": "749.00000", "2011-06-30": "679.00000", "2011-03-31": "632.00000", "2010-12-31": "602.00000", "2010-09-30": "592.00000", "2010-06-30": "707.00000", "2010-03-31": "659.00000", "2009-12-31": "670.00000", "2009-09-30": "679.00000", "2009-06-30": "730.00000", "2009-03-31": "729.00000", "2008-12-31": "844.00000", "2008-09-30": "818.00000", "2008-06-30": "667.00000", "2008-03-31": "681.00000", "2007-12-31": "562.81200", "2007-09-30": "568.25500", "2007-06-30": "459.35000", "2007-03-31": "480.58300", "2006-12-31": "373.60000", "2006-09-30": "335.00000", "2006-06-30": "374.70200", "2006-03-31": "354.42800", "2005-12-31": "226.35500", "2005-09-30": "189.10300", "2005-06-30": "193.36300", "2005-03-31": "157.43500"}, "Operating Income": {"2020-12-31": "318.00000", "2020-09-30": "326.00000", "2020-06-30": "315.00000", "2020-03-31": "275.00000", "2019-12-31": "260.00000", "2019-09-30": "226.00000", "2019-06-30": "256.00000", "2019-03-31": "275.00000", "2018-12-31": "240.00000", "2018-09-30": "246.00000", "2018-06-30": "269.00000", "2018-03-31": "273.00000", "2017-12-31": "241.00000", "2017-09-30": "262.00000", "2017-06-30": "242.00000", "2017-03-31": "246.00000", "2016-12-31": "210.00000", "2016-09-30": "233.00000", "2016-06-30": "174.00000", "2016-03-31": "219.00000", "2015-12-31": "245.00000", "2015-09-30": "231.00000", "2015-06-30": "217.00000", "2015-03-31": "27.00000", "2014-12-31": "172.00000", "2014-09-30": "207.00000", "2014-06-30": "191.00000", "2014-03-31": "184.00000", "2013-12-31": "237.00000", "2013-09-30": "202.00000", "2013-06-30": "159.00000", "2013-03-31": "90.00000", "2012-12-31": "174.00000", "2012-09-30": "170.00000", "2012-06-30": "175.00000", "2012-03-31": "171.00000", "2011-12-31": "160.00000", "2011-09-30": "195.00000", "2011-06-30": "158.00000", "2011-03-31": "183.00000", "2010-12-31": "175.00000", "2010-09-30": "165.00000", "2010-06-30": "179.00000", "2010-03-31": "112.00000", "2009-12-31": "147.00000", "2009-09-30": "131.00000", "2009-06-30": "159.00000", "2009-03-31": "166.00000", "2008-12-31": "180.00000", "2008-09-30": "172.00000", "2008-06-30": "155.00000", "2008-03-31": "133.00000", "2007-12-31": "101.07910", "2007-09-30": "83.70600", "2007-06-30": "98.85100", "2007-03-31": "81.36400", "2006-12-31": "74.04600", "2006-09-30": "67.85900", "2006-06-30": "36.33000", "2006-03-31": "41.81100", "2005-12-31": "33.22000", "2005-09-30": "31.36200", "2005-06-30": "26.32300", "2005-03-31": "22.75800"}, "Total Non-Operating Income/Expense": {"2020-12-31": "-51.00000", "2020-09-30": "31.00000", "2020-06-30": "1.00000", "2020-03-31": "-2.00000", "2019-12-31": "-8.00000", "2019-09-30": "-11.00000", "2019-06-30": "-17.00000", "2019-03-31": "38.00000", "2018-12-31": "88.00000", "2018-09-30": "-37.00000", "2018-06-30": "19.00000", "2018-03-31": "-34.00000", "2017-12-31": "-29.00000", "2017-09-30": "-28.00000", "2017-06-30": "-31.00000", "2017-03-31": "-31.00000", "2016-12-31": "-617.00000", "2016-09-30": "-34.00000", "2016-06-30": "-28.00000", "2016-03-31": "-24.00000", "2015-12-31": "-27.00000", "2015-09-30": "-25.00000", "2015-06-30": "-25.00000", "2015-03-31": "-13.00000", "2014-12-31": "-75.00000", "2014-09-30": "-28.00000", "2014-06-30": "-29.00000", "2014-03-31": "-28.00000", "2013-12-31": "-2.00000", "2013-09-30": "-31.00000", "2013-06-30": "-24.00000", "2013-03-31": "-31.00000", "2012-12-31": "-22.00000", "2012-09-30": "-36.00000", "2012-06-30": "-50.00000", "2012-03-31": "-34.00000", "2011-12-31": "-40.00000", "2011-09-30": "-25.00000", "2011-06-30": "-27.00000", "2011-03-31": "-31.00000", "2010-12-31": "-27.00000", "2010-09-30": "-22.00000", "2010-06-30": "-33.00000", "2010-03-31": "-23.00000", "2009-12-31": "-96.00000", "2009-09-30": "-47.00000", "2009-06-30": "-45.00000", "2009-03-31": "-24.00000", "2008-12-31": "-106.00000", "2008-09-30": "-76.00000", "2008-06-30": "-7.00000", "2008-03-31": "62.00000", "2007-12-31": "31.15900", "2007-09-30": "452.87500", "2007-06-30": "-4.51800", "2007-03-31": "-50.51600", "2006-12-31": "31.47600", "2006-09-30": "-17.95500", "2006-06-30": "-8.59100", "2006-03-31": "-11.83100", "2005-12-31": "-3.75800", "2005-09-30": "-0.66900", "2005-06-30": "-1.53700", "2005-03-31": "-1.43700"}, "Pre-Tax Income": {"2020-12-31": "267.00000", "2020-09-30": "357.00000", "2020-06-30": "316.00000", "2020-03-31": "273.00000", "2019-12-31": "252.00000", "2019-09-30": "215.00000", "2019-06-30": "239.00000", "2019-03-31": "313.00000", "2018-12-31": "328.00000", "2018-09-30": "209.00000", "2018-06-30": "288.00000", "2018-03-31": "239.00000", "2017-12-31": "212.00000", "2017-09-30": "234.00000", "2017-06-30": "211.00000", "2017-03-31": "215.00000", "2016-12-31": "-407.00000", "2016-09-30": "199.00000", "2016-06-30": "146.00000", "2016-03-31": "195.00000", "2015-12-31": "218.00000", "2015-09-30": "206.00000", "2015-06-30": "192.00000", "2015-03-31": "14.00000", "2014-12-31": "97.00000", "2014-09-30": "179.00000", "2014-06-30": "162.00000", "2014-03-31": "156.00000", "2013-12-31": "235.00000", "2013-09-30": "171.00000", "2013-06-30": "135.00000", "2013-03-31": "59.00000", "2012-12-31": "152.00000", "2012-09-30": "134.00000", "2012-06-30": "125.00000", "2012-03-31": "137.00000", "2011-12-31": "120.00000", "2011-09-30": "170.00000", "2011-06-30": "131.00000", "2011-03-31": "152.00000", "2010-12-31": "148.00000", "2010-09-30": "143.00000", "2010-06-30": "146.00000", "2010-03-31": "89.00000", "2009-12-31": "51.00000", "2009-09-30": "84.00000", "2009-06-30": "114.00000", "2009-03-31": "142.00000", "2008-12-31": "74.00000", "2008-09-30": "96.00000", "2008-06-30": "148.00000", "2008-03-31": "195.00000", "2007-12-31": "132.23800", "2007-09-30": "536.58100", "2007-06-30": "94.33300", "2007-03-31": "30.84800", "2006-12-31": "105.52200", "2006-09-30": "49.90400", "2006-06-30": "27.73900", "2006-03-31": "29.98000", "2005-12-31": "29.46200", "2005-09-30": "30.69300", "2005-06-30": "24.78600", "2005-03-31": "21.32100"}, "Income Taxes": {"2020-12-31": "43.00000", "2020-09-30": "93.00000", "2020-06-30": "75.00000", "2020-03-31": "70.00000", "2019-12-31": "49.00000", "2019-09-30": "65.00000", "2019-06-30": "65.00000", "2019-03-31": "66.00000", "2018-12-31": "372.00000", "2018-09-30": "46.00000", "2018-06-30": "126.00000", "2018-03-31": "62.00000", "2017-12-31": "-33.00000", "2017-09-30": "64.00000", "2017-06-30": "65.00000", "2017-03-31": "47.00000", "2016-12-31": "-180.00000", "2016-09-30": "68.00000", "2016-06-30": "76.00000", "2016-03-31": "63.00000", "2015-12-31": "70.00000", "2015-09-30": "68.00000", "2015-06-30": "60.00000", "2015-03-31": "5.00000", "2014-12-31": "11.00000", "2014-09-30": "56.00000", "2014-06-30": "61.00000", "2014-03-31": "53.00000", "2013-12-31": "94.00000", "2013-09-30": "58.00000", "2013-06-30": "47.00000", "2013-03-31": "17.00000", "2012-12-31": "68.00000", "2012-09-30": "45.00000", "2012-06-30": "33.00000", "2012-03-31": "53.00000", "2011-12-31": "40.00000", "2011-09-30": "61.00000", "2011-06-30": "40.00000", "2011-03-31": "49.00000", "2010-12-31": "14.00000", "2010-09-30": "43.00000", "2010-06-30": "51.00000", "2010-03-31": "29.00000", "2009-12-31": "9.00000", "2009-09-30": "25.00000", "2009-06-30": "46.00000", "2009-03-31": "48.00000", "2008-12-31": "39.00000", "2008-09-30": "38.00000", "2008-06-30": "47.00000", "2008-03-31": "74.00000", "2007-12-31": "53.67500", "2007-09-30": "171.58800", "2007-06-30": "38.20500", "2007-03-31": "12.53200", "2006-12-31": "42.48700", "2006-09-30": "19.67800", "2006-06-30": "11.09500", "2006-03-31": "11.99200", "2005-12-31": "12.31600", "2005-09-30": "12.89100", "2005-06-30": "10.81500", "2005-03-31": "8.55000"}, "Income After Taxes": {"2020-12-31": "224.00000", "2020-09-30": "264.00000", "2020-06-30": "241.00000", "2020-03-31": "203.00000", "2019-12-31": "203.00000", "2019-09-30": "150.00000", "2019-06-30": "174.00000", "2019-03-31": "247.00000", "2018-12-31": "-44.00000", "2018-09-30": "163.00000", "2018-06-30": "162.00000", "2018-03-31": "177.00000", "2017-12-31": "245.00000", "2017-09-30": "170.00000", "2017-06-30": "146.00000", "2017-03-31": "168.00000", "2016-12-31": "-227.00000", "2016-09-30": "131.00000", "2016-06-30": "70.00000", "2016-03-31": "132.00000", "2015-12-31": "148.00000", "2015-09-30": "138.00000", "2015-06-30": "132.00000", "2015-03-31": "9.00000", "2014-12-31": "86.00000", "2014-09-30": "123.00000", "2014-06-30": "101.00000", "2014-03-31": "103.00000", "2013-12-31": "141.00000", "2013-09-30": "113.00000", "2013-06-30": "88.00000", "2013-03-31": "42.00000", "2012-12-31": "84.00000", "2012-09-30": "89.00000", "2012-06-30": "92.00000", "2012-03-31": "84.00000", "2011-12-31": "80.00000", "2011-09-30": "109.00000", "2011-06-30": "91.00000", "2011-03-31": "103.00000", "2010-12-31": "134.00000", "2010-09-30": "100.00000", "2010-06-30": "95.00000", "2010-03-31": "60.00000", "2009-12-31": "42.00000", "2009-09-30": "59.00000", "2009-06-30": "68.00000", "2009-03-31": "94.00000", "2008-12-31": "35.00000", "2008-09-30": "58.00000", "2008-06-30": "101.00000", "2008-03-31": "121.00000", "2007-12-31": "78.56300", "2007-09-30": "364.99300", "2007-06-30": "56.12800", "2007-03-31": "18.31600", "2006-12-31": "63.03500", "2006-09-30": "30.22600", "2006-06-30": "16.64400", "2006-03-31": "17.98800", "2005-12-31": "17.14600", "2005-09-30": "17.80200", "2005-06-30": "13.97100", "2005-03-31": "12.77100"}, "Other Income": {"2020-12-31": "", "2020-09-30": "", "2020-06-30": "", "2020-03-31": "", "2019-12-31": "", "2019-09-30": "", "2019-06-30": "", "2019-03-31": "", "2018-12-31": "", "2018-09-30": "", "2018-06-30": "", "2018-03-31": "", "2017-12-31": "", "2017-09-30": "", "2017-06-30": "", "2017-03-31": "", "2016-12-31": "", "2016-09-30": "", "2016-06-30": "", "2016-03-31": "", "2015-12-31": "", "2015-09-30": "", "2015-06-30": "", "2015-03-31": "", "2014-12-31": "", "2014-09-30": "", "2014-06-30": "", "2014-03-31": "", "2013-12-31": "", "2013-09-30": "", "2013-06-30": "", "2013-03-31": "", "2012-12-31": "", "2012-09-30": "", "2012-06-30": "", "2012-03-31": "", "2011-12-31": "", "2011-09-30": "", "2011-06-30": "", "2011-03-31": "", "2010-12-31": "", "2010-09-30": "", "2010-06-30": "", "2010-03-31": "", "2009-12-31": "", "2009-09-30": "", "2009-06-30": "", "2009-03-31": "", "2008-12-31": "", "2008-09-30": "", "2008-06-30": "", "2008-03-31": "", "2007-12-31": "", "2007-09-30": "", "2007-06-30": "", "2007-03-31": "", "2006-12-31": "", "2006-09-30": "", "2006-06-30": "", "2006-03-31": "", "2005-12-31": "", "2005-09-30": "", "2005-06-30": "", "2005-03-31": ""}, "Income From Continuous Operations": {"2020-12-31": "224.00000", "2020-09-30": "264.00000", "2020-06-30": "241.00000", "2020-03-31": "203.00000", "2019-12-31": "203.00000", "2019-09-30": "150.00000", "2019-06-30": "174.00000", "2019-03-31": "247.00000", "2018-12-31": "-44.00000", "2018-09-30": "163.00000", "2018-06-30": "162.00000", "2018-03-31": "177.00000", "2017-12-31": "245.00000", "2017-09-30": "170.00000", "2017-06-30": "146.00000", "2017-03-31": "168.00000", "2016-12-31": "-227.00000", "2016-09-30": "131.00000", "2016-06-30": "70.00000", "2016-03-31": "132.00000", "2015-12-31": "148.00000", "2015-09-30": "138.00000", "2015-06-30": "132.00000", "2015-03-31": "9.00000", "2014-12-31": "86.00000", "2014-09-30": "123.00000", "2014-06-30": "101.00000", "2014-03-31": "103.00000", "2013-12-31": "141.00000", "2013-09-30": "113.00000", "2013-06-30": "88.00000", "2013-03-31": "42.00000", "2012-12-31": "84.00000", "2012-09-30": "89.00000", "2012-06-30": "92.00000", "2012-03-31": "84.00000", "2011-12-31": "80.00000", "2011-09-30": "109.00000", "2011-06-30": "91.00000", "2011-03-31": "103.00000", "2010-12-31": "134.00000", "2010-09-30": "100.00000", "2010-06-30": "95.00000", "2010-03-31": "60.00000", "2009-12-31": "42.00000", "2009-09-30": "59.00000", "2009-06-30": "68.00000", "2009-03-31": "94.00000", "2008-12-31": "35.00000", "2008-09-30": "58.00000", "2008-06-30": "101.00000", "2008-03-31": "121.00000", "2007-12-31": "78.56300", "2007-09-30": "364.99300", "2007-06-30": "56.12800", "2007-03-31": "18.31600", "2006-12-31": "63.03500", "2006-09-30": "30.22600", "2006-06-30": "16.64400", "2006-03-31": "17.98800", "2005-12-31": "17.14600", "2005-09-30": "17.80200", "2005-06-30": "13.97100", "2005-03-31": "12.77100"}, "Income From Discontinued Operations": {"2020-12-31": "", "2020-09-30": "", "2020-06-30": "", "2020-03-31": "", "2019-12-31": "", "2019-09-30": "", "2019-06-30": "", "2019-03-31": "", "2018-12-31": "", "2018-09-30": "", "2018-06-30": "", "2018-03-31": "", "2017-12-31": "", "2017-09-30": "", "2017-06-30": "", "2017-03-31": "", "2016-12-31": "", "2016-09-30": "", "2016-06-30": "", "2016-03-31": "", "2015-12-31": "", "2015-09-30": "", "2015-06-30": "", "2015-03-31": "", "2014-12-31": "", "2014-09-30": "", "2014-06-30": "", "2014-03-31": "", "2013-12-31": "", "2013-09-30": "", "2013-06-30": "", "2013-03-31": "", "2012-12-31": "", "2012-09-30": "", "2012-06-30": "", "2012-03-31": "", "2011-12-31": "", "2011-09-30": "", "2011-06-30": "", "2011-03-31": "", "2010-12-31": "", "2010-09-30": "", "2010-06-30": "", "2010-03-31": "", "2009-12-31": "", "2009-09-30": "", "2009-06-30": "", "2009-03-31": "", "2008-12-31": "", "2008-09-30": "", "2008-06-30": "", "2008-03-31": "", "2007-12-31": "", "2007-09-30": "", "2007-06-30": "", "2007-03-31": "", "2006-12-31": "", "2006-09-30": "", "2006-06-30": "", "2006-03-31": "", "2005-12-31": "", "2005-09-30": "", "2005-06-30": "", "2005-03-31": ""}, "Net Income": {"2020-12-31": "224.00000", "2020-09-30": "264.00000", "2020-06-30": "241.00000", "2020-03-31": "203.00000", "2019-12-31": "203.00000", "2019-09-30": "150.00000", "2019-06-30": "174.00000", "2019-03-31": "247.00000", "2018-12-31": "-44.00000", "2018-09-30": "163.00000", "2018-06-30": "162.00000", "2018-03-31": "177.00000", "2017-12-31": "245.00000", "2017-09-30": "170.00000", "2017-06-30": "146.00000", "2017-03-31": "168.00000", "2016-12-31": "-227.00000", "2016-09-30": "131.00000", "2016-06-30": "70.00000", "2016-03-31": "132.00000", "2015-12-31": "148.00000", "2015-09-30": "138.00000", "2015-06-30": "133.00000", "2015-03-31": "9.00000", "2014-12-31": "87.00000", "2014-09-30": "123.00000", "2014-06-30": "101.00000", "2014-03-31": "103.00000", "2013-12-31": "142.00000", "2013-09-30": "113.00000", "2013-06-30": "88.00000", "2013-03-31": "42.00000", "2012-12-31": "85.00000", "2012-09-30": "89.00000", "2012-06-30": "93.00000", "2012-03-31": "85.00000", "2011-12-31": "81.00000", "2011-09-30": "110.00000", "2011-06-30": "92.00000", "2011-03-31": "104.00000", "2010-12-31": "136.00000", "2010-09-30": "101.00000", "2010-06-30": "96.00000", "2010-03-31": "61.00000", "2009-12-31": "43.00000", "2009-09-30": "60.00000", "2009-06-30": "69.00000", "2009-03-31": "94.00000", "2008-12-31": "35.00000", "2008-09-30": "58.00000", "2008-06-30": "100.00000", "2008-03-31": "121.00000", "2007-12-31": "78.56300", "2007-09-30": "364.99300", "2007-06-30": "56.12800", "2007-03-31": "18.31600", "2006-12-31": "63.03500", "2006-09-30": "30.22600", "2006-06-30": "16.64400", "2006-03-31": "17.29800", "2005-12-31": "16.10000", "2005-09-30": "16.42600", "2005-06-30": "11.72700", "2005-03-31": "10.84000"}, "EBITDA": {"2020-12-31": "", "2020-09-30": "377.00000", "2020-06-30": "365.00000", "2020-03-31": "323.00000", "2019-12-31": "307.00000", "2019-09-30": "273.00000", "2019-06-30": "304.00000", "2019-03-31": "323.00000", "2018-12-31": "291.00000", "2018-09-30": "299.00000", "2018-06-30": "322.00000", "2018-03-31": "326.00000", "2017-12-31": "289.00000", "2017-09-30": "310.00000", "2017-06-30": "289.00000", "2017-03-31": "291.00000", "2016-12-31": "255.00000", "2016-09-30": "279.00000", "2016-06-30": "215.00000", "2016-03-31": "257.00000", "2015-12-31": "281.00000", "2015-09-30": "266.00000", "2015-06-30": "250.00000", "2015-03-31": "61.00000", "2014-12-31": "205.00000", "2014-09-30": "242.00000", "2014-06-30": "225.00000", "2014-03-31": "219.00000", "2013-12-31": "271.00000", "2013-09-30": "235.00000", "2013-06-30": "187.00000", "2013-03-31": "117.00000", "2012-12-31": "199.00000", "2012-09-30": "197.00000", "2012-06-30": "200.00000", "2012-03-31": "198.00000", "2011-12-31": "189.00000", "2011-09-30": "224.00000", "2011-06-30": "186.00000", "2011-03-31": "212.00000", "2010-12-31": "204.00000", "2010-09-30": "192.00000", "2010-06-30": "206.00000", "2010-03-31": "138.00000", "2009-12-31": "184.00000", "2009-09-30": "159.00000", "2009-06-30": "185.00000", "2009-03-31": "190.00000", "2008-12-31": "207.00000", "2008-09-30": "200.00000", "2008-06-30": "177.00000", "2008-03-31": "149.00000", "2007-12-31": "110.78310", "2007-09-30": "93.36700", "2007-06-30": "108.64700", "2007-03-31": "91.20300", "2006-12-31": "84.63000", "2006-09-30": "82.17200", "2006-06-30": "57.80000", "2006-03-31": "66.36000", "2005-12-31": "53.44100", "2005-09-30": "45.00100", "2005-06-30": "41.25600", "2005-03-31": "40.95100"}, "EBIT": {"2020-12-31": "318.00000", "2020-09-30": "326.00000", "2020-06-30": "315.00000", "2020-03-31": "275.00000", "2019-12-31": "260.00000", "2019-09-30": "226.00000", "2019-06-30": "256.00000", "2019-03-31": "275.00000", "2018-12-31": "240.00000", "2018-09-30": "246.00000", "2018-06-30": "269.00000", "2018-03-31": "273.00000", "2017-12-31": "241.00000", "2017-09-30": "262.00000", "2017-06-30": "242.00000", "2017-03-31": "246.00000", "2016-12-31": "210.00000", "2016-09-30": "233.00000", "2016-06-30": "174.00000", "2016-03-31": "219.00000", "2015-12-31": "245.00000", "2015-09-30": "231.00000", "2015-06-30": "217.00000", "2015-03-31": "27.00000", "2014-12-31": "172.00000", "2014-09-30": "207.00000", "2014-06-30": "191.00000", "2014-03-31": "184.00000", "2013-12-31": "237.00000", "2013-09-30": "202.00000", "2013-06-30": "159.00000", "2013-03-31": "90.00000", "2012-12-31": "174.00000", "2012-09-30": "170.00000", "2012-06-30": "175.00000", "2012-03-31": "171.00000", "2011-12-31": "160.00000", "2011-09-30": "195.00000", "2011-06-30": "158.00000", "2011-03-31": "183.00000", "2010-12-31": "175.00000", "2010-09-30": "165.00000", "2010-06-30": "179.00000", "2010-03-31": "112.00000", "2009-12-31": "147.00000", "2009-09-30": "131.00000", "2009-06-30": "159.00000", "2009-03-31": "166.00000", "2008-12-31": "180.00000", "2008-09-30": "172.00000", "2008-06-30": "155.00000", "2008-03-31": "133.00000", "2007-12-31": "101.07900", "2007-09-30": "83.70600", "2007-06-30": "98.85100", "2007-03-31": "81.36400", "2006-12-31": "74.04600", "2006-09-30": "67.85900", "2006-06-30": "36.33000", "2006-03-31": "41.81100", "2005-12-31": "33.22010", "2005-09-30": "31.36200", "2005-06-30": "26.32300", "2005-03-31": "22.75800"}, "Basic Shares Outstanding": {"2020-12-31": "164.50000", "2020-09-30": "164.17100", "2020-06-30": "164.09900", "2020-03-31": "164.86400", "2019-12-31": "164.93200", "2019-09-30": "164.33200", "2019-06-30": "165.59600", "2019-03-31": "165.34400", "2018-12-31": "165.34900", "2018-09-30": "164.22700", "2018-06-30": "165.74800", "2018-03-31": "166.92200", "2017-12-31": "166.36400", "2017-09-30": "166.69500", "2017-06-30": "165.41600", "2017-03-31": "166.47300", "2016-12-31": "165.18200", "2016-09-30": "165.60600", "2016-06-30": "165.01900", "2016-03-31": "164.28200", "2015-12-31": "167.28540", "2015-09-30": "166.90400", "2015-06-30": "168.71800", "2015-03-31": "168.98600", "2014-12-31": "168.92700", "2014-09-30": "168.58800", "2014-06-30": "169.33800", "2014-03-31": "169.59600", "2013-12-31": "166.93200", "2013-09-30": "167.33800", "2013-06-30": "166.37200", "2013-03-31": "165.70300", "2012-12-31": "168.25500", "2012-09-30": "166.23500", "2012-06-30": "169.35200", "2012-03-31": "172.95800", "2011-12-31": "176.33200", "2011-09-30": "177.09700", "2011-06-30": "176.64800", "2011-03-31": "176.09280", "2010-12-31": "202.97600", "2010-09-30": "200.11500", "2010-06-30": "205.51700", "2010-03-31": "211.16500", "2009-12-31": "204.69800", "2009-09-30": "203.31100", "2009-06-30": "202.30800", "2009-03-31": "201.94500", "2008-12-31": "190.36300", "2008-09-30": "199.97700", "2008-06-30": "199.72100", "2008-03-31": "160.97900", "2007-12-31": "116.06400", "2007-09-30": "113.17500", "2007-06-30": "112.74200", "2007-03-31": "112.43900", "2006-12-31": "104.31100", "2006-09-30": "111.72600", "2006-06-30": "105.19700", "2006-03-31": "87.87600", "2005-12-31": "80.54300", "2005-09-30": "81.23400", "2005-06-30": "79.40100", "2005-03-31": "79.00900"}, "Shares Outstanding": {"2020-12-31": "167.30000", "2020-09-30": "167.49200", "2020-06-30": "166.07300", "2020-03-31": "166.77700", "2019-12-31": "166.97000", "2019-09-30": "167.03000", "2019-06-30": "167.04100", "2019-03-31": "167.02700", "2018-12-31": "167.69100", "2018-09-30": "167.29100", "2018-06-30": "167.40000", "2018-03-31": "168.99300", "2017-12-31": "169.58500", "2017-09-30": "170.00200", "2017-06-30": "168.48800", "2017-03-31": "170.24700", "2016-12-31": "168.80100", "2016-09-30": "169.49700", "2016-06-30": "168.20600", "2016-03-31": "168.36800", "2015-12-31": "171.28300", "2015-09-30": "171.45200", "2015-06-30": "172.14200", "2015-03-31": "172.67700", "2014-12-31": "173.01900", "2014-09-30": "173.15700", "2014-06-30": "172.47300", "2014-03-31": "173.66700", "2013-12-31": "171.26600", "2013-09-30": "172.10400", "2013-06-30": "170.14300", "2013-03-31": "169.66200", "2012-12-31": "172.58800", "2012-09-30": "170.52000", "2012-06-30": "173.45700", "2012-03-31": "177.51000", "2011-12-31": "180.01100", "2011-09-30": "180.92400", "2011-06-30": "180.51800", "2011-03-31": "181.08010", "2010-12-31": "206.51500", "2010-09-30": "204.07300", "2010-06-30": "209.41500", "2010-03-31": "214.76100", "2009-12-31": "214.53800", "2009-09-30": "215.03100", "2009-06-30": "214.25100", "2009-03-31": "214.28640", "2008-12-31": "204.51500", "2008-09-30": "214.15180", "2008-06-30": "214.41100", "2008-03-31": "176.18400", "2007-12-31": "152.52900", "2007-09-30": "152.25200", "2007-06-30": "151.96600", "2007-03-31": "151.80800", "2006-12-31": "144.22900", "2006-09-30": "150.83500", "2006-06-30": "145.19700", "2006-03-31": "127.95200", "2005-12-31": "111.91400", "2005-09-30": "119.40600", "2005-06-30": "109.91400", "2005-03-31": "92.62000"}, "Basic EPS": {"2020-12-31": "1.36000", "2020-09-30": "1.61000", "2020-06-30": "1.47000", "2020-03-31": "1.23000", "2019-12-31": "1.24000", "2019-09-30": "0.91000", "2019-06-30": "1.05000", "2019-03-31": "1.49000", "2018-12-31": "-0.26000", "2018-09-30": "0.99000", "2018-06-30": "0.98000", "2018-03-31": "1.06000", "2017-12-31": "1.47000", "2017-09-30": "1.02000", "2017-06-30": "0.88000", "2017-03-31": "1.01000", "2016-12-31": "-1.37000", "2016-09-30": "0.79000", "2016-06-30": "0.42000", "2016-03-31": "0.80000", "2015-12-31": "0.89000", "2015-09-30": "0.83000", "2015-06-30": "0.79000", "2015-03-31": "0.05000", "2014-12-31": "0.51000", "2014-09-30": "0.73000", "2014-06-30": "0.60000", "2014-03-31": "0.61000", "2013-12-31": "0.83630", "2013-09-30": "0.68000", "2013-06-30": "0.53000", "2013-03-31": "0.26000", "2012-12-31": "0.52000", "2012-09-30": "0.53000", "2012-06-30": "0.55000", "2012-03-31": "0.49000", "2011-12-31": "0.47000", "2011-09-30": "0.62000", "2011-06-30": "0.52000", "2011-03-31": "0.59000", "2010-12-31": "0.68000", "2010-09-30": "0.51000", "2010-06-30": "0.46000", "2010-03-31": "0.29000", "2009-12-31": "0.19000", "2009-09-30": "0.30000", "2009-06-30": "0.34000", "2009-03-31": "0.47000", "2008-12-31": "0.11000", "2008-09-30": "0.29000", "2008-06-30": "0.50000", "2008-03-31": "0.75000", "2007-12-31": "0.58000", "2007-09-30": "3.23000", "2007-06-30": "0.50000", "2007-03-31": "0.16000", "2006-12-31": "0.59000", "2006-09-30": "0.27000", "2006-06-30": "0.16000", "2006-03-31": "0.20000", "2005-12-31": "0.19000", "2005-09-30": "0.20000", "2005-06-30": "0.15000", "2005-03-31": "0.14000"}, "EPS - Earnings Per Share": {"2020-12-31": "1.34000", "2020-09-30": "1.58000", "2020-06-30": "1.45000", "2020-03-31": "1.22000", "2019-12-31": "1.21000", "2019-09-30": "0.90000", "2019-06-30": "1.04000", "2019-03-31": "1.48000", "2018-12-31": "-0.26000", "2018-09-30": "0.97000", "2018-06-30": "0.97000", "2018-03-31": "1.05000", "2017-12-31": "1.44000", "2017-09-30": "1.00000", "2017-06-30": "0.87000", "2017-03-31": "0.99000", "2016-12-31": "-1.34000", "2016-09-30": "0.77000", "2016-06-30": "0.42000", "2016-03-31": "0.78000", "2015-12-31": "0.88000", "2015-09-30": "0.80000", "2015-06-30": "0.77000", "2015-03-31": "0.05000", "2014-12-31": "0.50000", "2014-09-30": "0.71000", "2014-06-30": "0.59000", "2014-03-31": "0.59000", "2013-12-31": "0.82000", "2013-09-30": "0.66000", "2013-06-30": "0.52000", "2013-03-31": "0.25000", "2012-12-31": "0.51000", "2012-09-30": "0.52000", "2012-06-30": "0.53000", "2012-03-31": "0.48000", "2011-12-31": "0.46000", "2011-09-30": "0.61000", "2011-06-30": "0.51000", "2011-03-31": "0.57000", "2010-12-31": "0.67000", "2010-09-30": "0.50000", "2010-06-30": "0.46000", "2010-03-31": "0.28000", "2009-12-31": "0.20000", "2009-09-30": "0.28000", "2009-06-30": "0.33000", "2009-03-31": "0.44000", "2008-12-31": "0.12000", "2008-09-30": "0.27000", "2008-06-30": "0.47000", "2008-03-31": "0.69000", "2007-12-31": "0.52000", "2007-09-30": "2.41000", "2007-06-30": "0.39000", "2007-03-31": "0.14000", "2006-12-31": "0.44000", "2006-09-30": "0.22000", "2006-06-30": "0.13000", "2006-03-31": "0.16000", "2005-12-31": "0.15000", "2005-09-30": "0.16000", "2005-06-30": "0.13000", "2005-03-31": "0.13000"}}, "balance sheet": {"Cash On Hand": {"2020-12-31": "2977.00000", "2019-12-31": "653.00000", "2018-12-31": "854.00000", "2017-12-31": "634.00000", "2016-12-31": "663.00000", "2015-12-31": "558.00000", "2014-12-31": "650.00000", "2013-12-31": "671.00000", "2012-12-31": "805.00000", "2011-12-31": "819.00000", "2010-12-31": "628.00000", "2009-12-31": "932.00000", "2008-12-31": "742.00000", "2007-12-31": "1325.31400", "2006-12-31": "1950.20400", "2005-12-31": "344.60600"}, "Receivables": {"2020-12-31": "566.00000", "2019-12-31": "422.00000", "2018-12-31": "384.00000", "2017-12-31": "356.00000", "2016-12-31": "429.00000", "2015-12-31": "316.00000", "2014-12-31": "389.00000", "2013-12-31": "393.00000", "2012-12-31": "333.00000", "2011-12-31": "308.00000", "2010-12-31": "298.00000", "2009-12-31": "301.00000", "2008-12-31": "339.00000", "2007-12-31": "249.52400", "2006-12-31": "233.26600", "2005-12-31": "207.63200"}, "Inventory": {"2020-12-31": "", "2019-12-31": "", "2018-12-31": "", "2017-12-31": "", "2016-12-31": "", "2015-12-31": "", "2014-12-31": "", "2013-12-31": "", "2012-12-31": "", "2011-12-31": "", "2010-12-31": "", "2009-12-31": "", "2008-12-31": "", "2007-12-31": "", "2006-12-31": "", "2005-12-31": ""}, "Pre-Paid Expenses": {"2020-12-31": "", "2019-12-31": "", "2018-12-31": "", "2017-12-31": "", "2016-12-31": "", "2015-12-31": "", "2014-12-31": "", "2013-12-31": "", "2012-12-31": "", "2011-12-31": "", "2010-12-31": "", "2009-12-31": "", "2008-12-31": "", "2007-12-31": "", "2006-12-31": "", "2005-12-31": ""}, "Other Current Assets": {"2020-12-31": "4117.00000", "2019-12-31": "3215.00000", "2018-12-31": "5132.00000", "2017-12-31": "4520.00000", "2016-12-31": "3468.00000", "2015-12-31": "2386.00000", "2014-12-31": "2345.00000", "2013-12-31": "2087.00000", "2012-12-31": "321.00000", "2011-12-31": "5438.00000", "2010-12-31": "7571.00000", "2009-12-31": "2112.00000", "2008-12-31": "4320.00000", "2007-12-31": "96.38500", "2006-12-31": "117.97800", "2005-12-31": "34.77200"}, "Total Current Assets": {"2020-12-31": "7660.00000", "2019-12-31": "4290.00000", "2018-12-31": "6370.00000", "2017-12-31": "5510.00000", "2016-12-31": "4560.00000", "2015-12-31": "3260.00000", "2014-12-31": "3400.00000", "2013-12-31": "3163.00000", "2012-12-31": "1492.00000", "2011-12-31": "6581.00000", "2010-12-31": "8510.00000", "2009-12-31": "3370.00000", "2008-12-31": "5428.00000", "2007-12-31": "1682.01700", "2006-12-31": "2312.54600", "2005-12-31": "596.96300"}, "Property, Plant, And Equipment": {"2020-12-31": "475.00000", "2019-12-31": "384.00000", "2018-12-31": "376.00000", "2017-12-31": "400.00000", "2016-12-31": "362.00000", "2015-12-31": "323.00000", "2014-12-31": "292.00000", "2013-12-31": "268.00000", "2012-12-31": "211.00000", "2011-12-31": "193.00000", "2010-12-31": "164.00000", "2009-12-31": "164.00000", "2008-12-31": "183.00000", "2007-12-31": "64.52300", "2006-12-31": "65.26900", "2005-12-31": "122.57600"}, "Long-Term Investments": {"2020-12-31": "", "2019-12-31": "", "2018-12-31": "", "2017-12-31": "", "2016-12-31": "", "2015-12-31": "", "2014-12-31": "", "2013-12-31": "", "2012-12-31": "", "2011-12-31": "", "2010-12-31": "", "2009-12-31": "", "2008-12-31": "", "2007-12-31": "", "2006-12-31": "", "2005-12-31": ""}, "Goodwill And Intangible Assets": {"2020-12-31": "9105.00000", "2019-12-31": "8615.00000", "2018-12-31": "8663.00000", "2017-12-31": "9054.00000", "2016-12-31": "8121.00000", "2015-12-31": "7354.00000", "2014-12-31": "7615.00000", "2013-12-31": "8572.00000", "2012-12-31": "6985.00000", "2011-12-31": "6709.00000", "2010-12-31": "6846.00000", "2009-12-31": "6431.00000", "2008-12-31": "6075.00000", "2007-12-31": "1162.34800", "2006-12-31": "1228.36500", "2005-12-31": "1177.37100"}, "Other Long-Term Assets": {"2020-12-31": "358.00000", "2019-12-31": "289.00000", "2018-12-31": "291.00000", "2017-12-31": "390.00000", "2016-12-31": "390.00000", "2015-12-31": "281.00000", "2014-12-31": "228.00000", "2013-12-31": "170.00000", "2012-12-31": "150.00000", "2011-12-31": "216.00000", "2010-12-31": "254.00000", "2009-12-31": "253.00000", "2008-12-31": "407.00000", "2007-12-31": "7.23000", "2006-12-31": "13.28600", "2005-12-31": "16.54000"}, "Total Long-Term Assets": {"2020-12-31": "9938.00000", "2019-12-31": "9288.00000", "2018-12-31": "9330.00000", "2017-12-31": "9844.00000", "2016-12-31": "9590.00000", "2015-12-31": "8601.00000", "2014-12-31": "8671.00000", "2013-12-31": "9414.00000", "2012-12-31": "7640.00000", "2011-12-31": "7510.00000", "2010-12-31": "7697.00000", "2009-12-31": "7352.00000", "2008-12-31": "7324.00000", "2007-12-31": "1297.38000", "2006-12-31": "1403.90600", "2005-12-31": "1449.82300"}, "Total Assets": {"2020-12-31": "17979.00000", "2019-12-31": "13924.00000", "2018-12-31": "15700.00000", "2017-12-31": "15354.00000", "2016-12-31": "14150.00000", "2015-12-31": "11861.00000", "2014-12-31": "12071.00000", "2013-12-31": "12577.00000", "2012-12-31": "9132.00000", "2011-12-31": "14091.00000", "2010-12-31": "16207.00000", "2009-12-31": "10722.00000", "2008-12-31": "12752.00000", "2007-12-31": "2979.39700", "2006-12-31": "3716.45200", "2005-12-31": "2046.78600"}, "Total Current Liabilities": {"2020-12-31": "4924.00000", "2019-12-31": "4227.00000", "2018-12-31": "6570.00000", "2017-12-31": "5234.00000", "2016-12-31": "4082.00000", "2015-12-31": "2920.00000", "2014-12-31": "2980.00000", "2013-12-31": "2800.00000", "2012-12-31": "1018.00000", "2011-12-31": "6038.00000", "2010-12-31": "8231.00000", "2009-12-31": "2854.00000", "2008-12-31": "5077.00000", "2007-12-31": "411.19700", "2006-12-31": "460.53500", "2005-12-31": "325.32800"}, "Long Term Debt": {"2020-12-31": "5541.00000", "2019-12-31": "2996.00000", "2018-12-31": "2956.00000", "2017-12-31": "3727.00000", "2016-12-31": "3603.00000", "2015-12-31": "2364.00000", "2014-12-31": "2297.00000", "2013-12-31": "2589.00000", "2012-12-31": "1840.00000", "2011-12-31": "2072.00000", "2010-12-31": "2181.00000", "2009-12-31": "1867.00000", "2008-12-31": "2299.00000", "2007-12-31": "118.43800", "2006-12-31": "1492.94700", "2005-12-31": "1184.92800"}, "Other Non-Current Liabilities": {"2020-12-31": "187.00000", "2019-12-31": "179.00000", "2018-12-31": "224.00000", "2017-12-31": "162.00000", "2016-12-31": "144.00000", "2015-12-31": "142.00000", "2014-12-31": "159.00000", "2013-12-31": "153.00000", "2012-12-31": "196.00000", "2011-12-31": "171.00000", "2010-12-31": "198.00000", "2009-12-31": "199.00000", "2008-12-31": "222.00000", "2007-12-31": "55.62300", "2006-12-31": "99.08400", "2005-12-31": "95.35500"}, "Total Long Term Liabilities": {"2020-12-31": "6619.00000", "2019-12-31": "4058.00000", "2018-12-31": "3681.00000", "2017-12-31": "4240.00000", "2016-12-31": "4638.00000", "2015-12-31": "3332.00000", "2014-12-31": "3297.00000", "2013-12-31": "3593.00000", "2012-12-31": "2905.00000", "2011-12-31": "3067.00000", "2010-12-31": "3247.00000", "2009-12-31": "2924.00000", "2008-12-31": "3372.00000", "2007-12-31": "359.91700", "2006-12-31": "1798.56200", "2005-12-31": "1468.45100"}, "Total Liabilities": {"2020-12-31": "11543.00000", "2019-12-31": "8285.00000", "2018-12-31": "10251.00000", "2017-12-31": "9474.00000", "2016-12-31": "8720.00000", "2015-12-31": "6252.00000", "2014-12-31": "6277.00000", "2013-12-31": "6393.00000", "2012-12-31": "3923.00000", "2011-12-31": "9105.00000", "2010-12-31": "11478.00000", "2009-12-31": "5778.00000", "2008-12-31": "8449.00000", "2007-12-31": "771.11400", "2006-12-31": "2259.09700", "2005-12-31": "1793.77900"}, "Common Stock Net": {"2020-12-31": "2.00000", "2019-12-31": "2.00000", "2018-12-31": "2.00000", "2017-12-31": "2.00000", "2016-12-31": "2.00000", "2015-12-31": "2.00000", "2014-12-31": "2.00000", "2013-12-31": "2.00000", "2012-12-31": "2.00000", "2011-12-31": "2.00000", "2010-12-31": "2.00000", "2009-12-31": "2.00000", "2008-12-31": "2.00000", "2007-12-31": "1.39300", "2006-12-31": "1.30700", "2005-12-31": "8.11600"}, "Retained Earnings (Accumulated Deficit)": {"2020-12-31": "5628.00000", "2019-12-31": "5027.00000", "2018-12-31": "4558.00000", "2017-12-31": "3963.00000", "2016-12-31": "3479.00000", "2015-12-31": "3571.00000", "2014-12-31": "3292.00000", "2013-12-31": "2976.00000", "2012-12-31": "2678.00000", "2011-12-31": "2391.00000", "2010-12-31": "2004.00000", "2009-12-31": "1610.00000", "2008-12-31": "1344.00000", "2007-12-31": "1030.39800", "2006-12-31": "512.99700", "2005-12-31": "385.79400"}, "Comprehensive Income": {"2020-12-31": "-1368.00000", "2019-12-31": "-1686.00000", "2018-12-31": "-1530.00000", "2017-12-31": "-862.00000", "2016-12-31": "-979.00000", "2015-12-31": "-864.00000", "2014-12-31": "-682.00000", "2013-12-31": "-67.00000", "2012-12-31": "-185.00000", "2011-12-31": "-350.00000", "2010-12-31": "-272.00000", "2009-12-31": "-406.00000", "2008-12-31": "-619.00000", "2007-12-31": "-4.69700", "2006-12-31": "136.20400", "2005-12-31": "-1.29000"}, "Other Share Holders Equity": {"2020-12-31": "", "2019-12-31": "", "2018-12-31": "", "2017-12-31": "", "2016-12-31": "", "2015-12-31": "", "2014-12-31": "", "2013-12-31": "", "2012-12-31": "", "2011-12-31": "", "2010-12-31": "", "2009-12-31": "", "2008-12-31": "", "2007-12-31": "", "2006-12-31": "", "2005-12-31": ""}, "Share Holder Equity": {"2020-12-31": "6436.00000", "2019-12-31": "5639.00000", "2018-12-31": "5449.00000", "2017-12-31": "5880.00000", "2016-12-31": "5430.00000", "2015-12-31": "5609.00000", "2014-12-31": "5794.00000", "2013-12-31": "6184.00000", "2012-12-31": "5209.00000", "2011-12-31": "4986.00000", "2010-12-31": "4729.00000", "2009-12-31": "4944.00000", "2008-12-31": "4303.00000", "2007-12-31": "2208.28300", "2006-12-31": "1457.35500", "2005-12-31": "253.00700"}, "Total Liabilities And Share Holders Equity": {"2020-12-31": "17979.00000", "2019-12-31": "13924.00000", "2018-12-31": "15700.00000", "2017-12-31": "15354.00000", "2016-12-31": "14150.00000", "2015-12-31": "11861.00000", "2014-12-31": "12071.00000", "2013-12-31": "12577.00000", "2012-12-31": "9132.00000", "2011-12-31": "14091.00000", "2010-12-31": "16207.00000", "2009-12-31": "10722.00000", "2008-12-31": "12752.00000", "2007-12-31": "2979.39700", "2006-12-31": "3716.45200", "2005-12-31": "2046.78600"}}, "balance sheet, quarterly": {"Cash On Hand": {"2020-12-31": "2977.00000", "2020-09-30": "794.00000", "2020-06-30": "947.00000", "2020-03-31": "1298.00000", "2019-12-31": "653.00000", "2019-09-30": "333.00000", "2019-06-30": "622.00000", "2019-03-31": "759.00000", "2018-12-31": "854.00000", "2018-09-30": "578.00000", "2018-06-30": "669.00000", "2018-03-31": "653.00000", "2017-12-31": "634.00000", "2017-09-30": "758.00000", "2017-06-30": "674.00000", "2017-03-31": "684.00000", "2016-12-31": "663.00000", "2016-09-30": "514.00000", "2016-06-30": "621.00000", "2016-03-31": "611.00000", "2015-12-31": "558.00000", "2015-09-30": "501.00000", "2015-06-30": "605.00000", "2015-03-31": "541.00000", "2014-12-31": "650.00000", "2014-09-30": "482.00000", "2014-06-30": "556.00000", "2014-03-31": "665.00000", "2013-12-31": "671.00000", "2013-09-30": "571.00000", "2013-06-30": "631.00000", "2013-03-31": "892.00000", "2012-12-31": "805.00000", "2012-09-30": "676.00000", "2012-06-30": "723.00000", "2012-03-31": "778.00000", "2011-12-31": "819.00000", "2011-09-30": "888.00000", "2011-06-30": "957.00000", "2011-03-31": "782.00000", "2010-12-31": "628.00000", "2010-09-30": "389.00000", "2010-06-30": "557.00000", "2010-03-31": "579.00000", "2009-12-31": "932.00000", "2009-09-30": "466.00000", "2009-06-30": "571.00000", "2009-03-31": "472.00000", "2008-12-31": "742.00000", "2008-09-30": "737.90000", "2008-06-30": "739.99900", "2008-03-31": "736.02000", "2007-12-31": "1325.31400", "2007-09-30": "1267.86300", "2007-06-30": "2269.98200", "2007-03-31": "2025.02700", "2006-12-31": "1950.20400", "2006-09-30": "1860.37100", "2006-06-30": "1704.34200", "2006-03-31": "596.18000", "2005-12-31": "344.60600", "2005-09-30": "545.24600", "2005-06-30": "550.34000", "2005-03-31": "345.59700"}, "Receivables": {"2020-12-31": "566.00000", "2020-09-30": "504.00000", "2020-06-30": "523.00000", "2020-03-31": "568.00000", "2019-12-31": "422.00000", "2019-09-30": "399.00000", "2019-06-30": "415.00000", "2019-03-31": "447.00000", "2018-12-31": "384.00000", "2018-09-30": "356.00000", "2018-06-30": "405.00000", "2018-03-31": "486.00000", "2017-12-31": "356.00000", "2017-09-30": "320.00000", "2017-06-30": "392.00000", "2017-03-31": "467.00000", "2016-12-31": "429.00000", "2016-09-30": "349.00000", "2016-06-30": "399.00000", "2016-03-31": "333.00000", "2015-12-31": "316.00000", "2015-09-30": "278.00000", "2015-06-30": "323.00000", "2015-03-31": "344.00000", "2014-12-31": "389.00000", "2014-09-30": "370.00000", "2014-06-30": "395.00000", "2014-03-31": "434.00000", "2013-12-31": "393.00000", "2013-09-30": "372.00000", "2013-06-30": "362.00000", "2013-03-31": "317.00000", "2012-12-31": "333.00000", "2012-09-30": "327.00000", "2012-06-30": "341.00000", "2012-03-31": "327.00000", "2011-12-31": "308.00000", "2011-09-30": "347.00000", "2011-06-30": "344.00000", "2011-03-31": "327.00000", "2010-12-31": "298.00000", "2010-09-30": "308.00000", "2010-06-30": "361.00000", "2010-03-31": "377.00000", "2009-12-31": "301.00000", "2009-09-30": "379.00000", "2009-06-30": "383.00000", "2009-03-31": "355.00000", "2008-12-31": "339.00000", "2008-09-30": "375.62500", "2008-06-30": "354.93100", "2008-03-31": "403.61400", "2007-12-31": "249.52400", "2007-09-30": "274.14400", "2007-06-30": "284.60600", "2007-03-31": "299.19700", "2006-12-31": "233.26600", "2006-09-30": "228.38700", "2006-06-30": "234.48500", "2006-03-31": "241.06700", "2005-12-31": "207.63200", "2005-09-30": "133.29500", "2005-06-30": "112.87900", "2005-03-31": "108.03500"}, "Inventory": {"2020-12-31": "", "2020-09-30": "", "2020-06-30": "", "2020-03-31": "", "2019-12-31": "", "2019-09-30": "201.00000", "2019-06-30": "", "2019-03-31": "", "2018-12-31": "", "2018-09-30": "", "2018-06-30": "", "2018-03-31": "", "2017-12-31": "", "2017-09-30": "", "2017-06-30": "", "2017-03-31": "", "2016-12-31": "", "2016-09-30": "", "2016-06-30": "", "2016-03-31": "", "2015-12-31": "", "2015-09-30": "", "2015-06-30": "", "2015-03-31": "", "2014-12-31": "", "2014-09-30": "", "2014-06-30": "", "2014-03-31": "", "2013-12-31": "", "2013-09-30": "", "2013-06-30": "", "2013-03-31": "", "2012-12-31": "", "2012-09-30": "", "2012-06-30": "", "2012-03-31": "", "2011-12-31": "", "2011-09-30": "", "2011-06-30": "", "2011-03-31": "", "2010-12-31": "", "2010-09-30": "343.00000", "2010-06-30": "310.00000", "2010-03-31": "261.00000", "2009-12-31": "", "2009-09-30": "257.00000", "2009-06-30": "236.00000", "2009-03-31": "224.00000", "2008-12-31": "", "2008-09-30": "194.06200", "2008-06-30": "136.97100", "2008-03-31": "121.20800", "2007-12-31": "", "2007-09-30": "", "2007-06-30": "", "2007-03-31": "", "2006-12-31": "", "2006-09-30": "", "2006-06-30": "", "2006-03-31": "", "2005-12-31": "", "2005-09-30": "", "2005-06-30": "", "2005-03-31": ""}, "Pre-Paid Expenses": {"2020-12-31": "", "2020-09-30": "", "2020-06-30": "", "2020-03-31": "", "2019-12-31": "", "2019-09-30": "", "2019-06-30": "", "2019-03-31": "", "2018-12-31": "", "2018-09-30": "", "2018-06-30": "", "2018-03-31": "", "2017-12-31": "", "2017-09-30": "", "2017-06-30": "", "2017-03-31": "", "2016-12-31": "", "2016-09-30": "", "2016-06-30": "", "2016-03-31": "", "2015-12-31": "", "2015-09-30": "", "2015-06-30": "", "2015-03-31": "", "2014-12-31": "", "2014-09-30": "", "2014-06-30": "", "2014-03-31": "", "2013-12-31": "", "2013-09-30": "", "2013-06-30": "", "2013-03-31": "", "2012-12-31": "", "2012-09-30": "", "2012-06-30": "", "2012-03-31": "", "2011-12-31": "", "2011-09-30": "", "2011-06-30": "", "2011-03-31": "", "2010-12-31": "", "2010-09-30": "", "2010-06-30": "", "2010-03-31": "", "2009-12-31": "", "2009-09-30": "", "2009-06-30": "", "2009-03-31": "", "2008-12-31": "", "2008-09-30": "", "2008-06-30": "", "2008-03-31": "", "2007-12-31": "", "2007-09-30": "", "2007-06-30": "", "2007-03-31": "", "2006-12-31": "", "2006-09-30": "", "2006-06-30": "", "2006-03-31": "", "2005-12-31": "", "2005-09-30": "", "2005-06-30": "", "2005-03-31": ""}, "Other Current Assets": {"2020-12-31": "4117.00000", "2020-09-30": "3512.00000", "2020-06-30": "3246.00000", "2020-03-31": "3404.00000", "2019-12-31": "3215.00000", "2019-09-30": "2566.00000", "2019-06-30": "3326.00000", "2019-03-31": "3530.00000", "2018-12-31": "5132.00000", "2018-09-30": "4523.00000", "2018-06-30": "4653.00000", "2018-03-31": "4499.00000", "2017-12-31": "4520.00000", "2017-09-30": "4368.00000", "2017-06-30": "3855.00000", "2017-03-31": "3796.00000", "2016-12-31": "3468.00000", "2016-09-30": "3483.00000", "2016-06-30": "3576.00000", "2016-03-31": "3778.00000", "2015-12-31": "2386.00000", "2015-09-30": "2332.00000", "2015-06-30": "2483.00000", "2015-03-31": "2780.00000", "2014-12-31": "2345.00000", "2014-09-30": "2675.00000", "2014-06-30": "2745.00000", "2014-03-31": "2403.00000", "2013-12-31": "2087.00000", "2013-09-30": "2075.00000", "2013-06-30": "1566.00000", "2013-03-31": "353.00000", "2012-12-31": "321.00000", "2012-09-30": "310.00000", "2012-06-30": "330.00000", "2012-03-31": "287.00000", "2011-12-31": "5438.00000", "2011-09-30": "4422.00000", "2011-06-30": "5104.00000", "2011-03-31": "9058.00000", "2010-12-31": "7571.00000", "2010-09-30": "1823.00000", "2010-06-30": "1636.00000", "2010-03-31": "1982.00000", "2009-12-31": "2112.00000", "2009-09-30": "3767.00000", "2009-06-30": "3205.00000", "2009-03-31": "4218.00000", "2008-12-31": "4320.00000", "2008-09-30": "976.73000", "2008-06-30": "913.61900", "2008-03-31": "658.18500", "2007-12-31": "96.38500", "2007-09-30": "64.19400", "2007-06-30": "40.08500", "2007-03-31": "26.51200", "2006-12-31": "117.97800", "2006-09-30": "34.58700", "2006-06-30": "35.53700", "2006-03-31": "38.71100", "2005-12-31": "34.77200", "2005-09-30": "56.43000", "2005-06-30": "25.68400", "2005-03-31": "19.25000"}, "Total Current Assets": {"2020-12-31": "7660.00000", "2020-09-30": "4810.00000", "2020-06-30": "4716.00000", "2020-03-31": "5270.00000", "2019-12-31": "4290.00000", "2019-09-30": "3499.00000", "2019-06-30": "4363.00000", "2019-03-31": "4736.00000", "2018-12-31": "6370.00000", "2018-09-30": "5457.00000", "2018-06-30": "5727.00000", "2018-03-31": "5638.00000", "2017-12-31": "5510.00000", "2017-09-30": "5446.00000", "2017-06-30": "4921.00000", "2017-03-31": "4947.00000", "2016-12-31": "4560.00000", "2016-09-30": "4346.00000", "2016-06-30": "4596.00000", "2016-03-31": "4722.00000", "2015-12-31": "3260.00000", "2015-09-30": "3160.00000", "2015-06-30": "3446.00000", "2015-03-31": "3688.00000", "2014-12-31": "3400.00000", "2014-09-30": "3557.00000", "2014-06-30": "3718.00000", "2014-03-31": "3519.00000", "2013-12-31": "3163.00000", "2013-09-30": "3072.00000", "2013-06-30": "2610.00000", "2013-03-31": "1608.00000", "2012-12-31": "1492.00000", "2012-09-30": "1329.00000", "2012-06-30": "1410.00000", "2012-03-31": "1406.00000", "2011-12-31": "6581.00000", "2011-09-30": "5677.00000", "2011-06-30": "6429.00000", "2011-03-31": "10175.00000", "2010-12-31": "8510.00000", "2010-09-30": "2880.00000", "2010-06-30": "2888.00000", "2010-03-31": "3221.00000", "2009-12-31": "3370.00000", "2009-09-30": "4912.00000", "2009-06-30": "4437.00000", "2009-03-31": "5302.00000", "2008-12-31": "5428.00000", "2008-09-30": "2320.91200", "2008-06-30": "2163.58600", "2008-03-31": "1935.01400", "2007-12-31": "1682.01700", "2007-09-30": "1710.93000", "2007-06-30": "2612.71200", "2007-03-31": "2368.82200", "2006-12-31": "2312.54600", "2006-09-30": "2134.79500", "2006-06-30": "1988.68800", "2006-03-31": "889.28800", "2005-12-31": "596.96300", "2005-09-30": "746.23700", "2005-06-30": "696.37100", "2005-03-31": "495.62100"}, "Property, Plant, And Equipment": {"2020-12-31": "475.00000", "2020-09-30": "435.00000", "2020-06-30": "396.00000", "2020-03-31": "375.00000", "2019-12-31": "384.00000", "2019-09-30": "361.00000", "2019-06-30": "390.00000", "2019-03-31": "370.00000", "2018-12-31": "376.00000", "2018-09-30": "371.00000", "2018-06-30": "370.00000", "2018-03-31": "384.00000", "2017-12-31": "400.00000", "2017-09-30": "379.00000", "2017-06-30": "384.00000", "2017-03-31": "376.00000", "2016-12-31": "362.00000", "2016-09-30": "342.00000", "2016-06-30": "332.00000", "2016-03-31": "326.00000", "2015-12-31": "323.00000", "2015-09-30": "305.00000", "2015-06-30": "295.00000", "2015-03-31": "281.00000", "2014-12-31": "292.00000", "2014-09-30": "288.00000", "2014-06-30": "280.00000", "2014-03-31": "266.00000", "2013-12-31": "268.00000", "2013-09-30": "249.00000", "2013-06-30": "227.00000", "2013-03-31": "215.00000", "2012-12-31": "211.00000", "2012-09-30": "203.00000", "2012-06-30": "198.00000", "2012-03-31": "195.00000", "2011-12-31": "193.00000", "2011-09-30": "168.00000", "2011-06-30": "165.00000", "2011-03-31": "166.00000", "2010-12-31": "164.00000", "2010-09-30": "160.00000", "2010-06-30": "154.00000", "2010-03-31": "161.00000", "2009-12-31": "164.00000", "2009-09-30": "165.00000", "2009-06-30": "170.00000", "2009-03-31": "165.00000", "2008-12-31": "183.00000", "2008-09-30": "192.80000", "2008-06-30": "160.05600", "2008-03-31": "189.78600", "2007-12-31": "64.52300", "2007-09-30": "62.01000", "2007-06-30": "60.53700", "2007-03-31": "61.89300", "2006-12-31": "65.26900", "2006-09-30": "62.94900", "2006-06-30": "94.30500", "2006-03-31": "107.76300", "2005-12-31": "122.57600", "2005-09-30": "126.38100", "2005-06-30": "134.67600", "2005-03-31": "162.11000"}, "Long-Term Investments": {"2020-12-31": "", "2020-09-30": "", "2020-06-30": "", "2020-03-31": "", "2019-12-31": "", "2019-09-30": "", "2019-06-30": "", "2019-03-31": "", "2018-12-31": "", "2018-09-30": "", "2018-06-30": "", "2018-03-31": "", "2017-12-31": "", "2017-09-30": "", "2017-06-30": "", "2017-03-31": "", "2016-12-31": "", "2016-09-30": "", "2016-06-30": "", "2016-03-31": "", "2015-12-31": "", "2015-09-30": "", "2015-06-30": "", "2015-03-31": "", "2014-12-31": "", "2014-09-30": "", "2014-06-30": "", "2014-03-31": "", "2013-12-31": "", "2013-09-30": "", "2013-06-30": "", "2013-03-31": "", "2012-12-31": "", "2012-09-30": "", "2012-06-30": "", "2012-03-31": "", "2011-12-31": "", "2011-09-30": "", "2011-06-30": "", "2011-03-31": "", "2010-12-31": "", "2010-09-30": "", "2010-06-30": "", "2010-03-31": "", "2009-12-31": "", "2009-09-30": "", "2009-06-30": "", "2009-03-31": "", "2008-12-31": "", "2008-09-30": "", "2008-06-30": "", "2008-03-31": "", "2007-12-31": "", "2007-09-30": "", "2007-06-30": "", "2007-03-31": "", "2006-12-31": "", "2006-09-30": "", "2006-06-30": "", "2006-03-31": "", "2005-12-31": "", "2005-09-30": "", "2005-06-30": "", "2005-03-31": ""}, "Goodwill And Intangible Assets": {"2020-12-31": "9105.00000", "2020-09-30": "8818.00000", "2020-06-30": "8703.00000", "2020-03-31": "8526.00000", "2019-12-31": "8615.00000", "2019-09-30": "8471.00000", "2019-06-30": "8686.00000", "2019-03-31": "8709.00000", "2018-12-31": "8663.00000", "2018-09-30": "8697.00000", "2018-06-30": "8706.00000", "2018-03-31": "8981.00000", "2017-12-31": "9054.00000", "2017-09-30": "8245.00000", "2017-06-30": "8339.00000", "2017-03-31": "8152.00000", "2016-12-31": "8121.00000", "2016-09-30": "8946.00000", "2016-06-30": "9007.00000", "2016-03-31": "7748.00000", "2015-12-31": "7354.00000", "2015-09-30": "7402.00000", "2015-06-30": "7478.00000", "2015-03-31": "7345.00000", "2014-12-31": "7615.00000", "2014-09-30": "8015.00000", "2014-06-30": "8381.00000", "2014-03-31": "8535.00000", "2013-12-31": "8572.00000", "2013-09-30": "8600.00000", "2013-06-30": "8431.00000", "2013-03-31": "6928.00000", "2012-12-31": "6985.00000", "2012-09-30": "6931.00000", "2012-06-30": "6728.00000", "2012-03-31": "6890.00000", "2011-12-31": "6709.00000", "2011-09-30": "6703.00000", "2011-06-30": "7112.00000", "2011-03-31": "7112.00000", "2010-12-31": "6846.00000", "2010-09-30": "6721.00000", "2010-06-30": "6039.00000", "2010-03-31": "6377.00000", "2009-12-31": "6431.00000", "2009-09-30": "6597.00000", "2009-06-30": "6172.00000", "2009-03-31": "5917.00000", "2008-12-31": "6075.00000", "2008-09-30": "7089.01600", "2008-06-30": "6114.24100", "2008-03-31": "6132.86400", "2007-12-31": "1162.34800", "2007-09-30": "1162.25100", "2007-06-30": "1218.82500", "2007-03-31": "1223.63200", "2006-12-31": "1228.36500", "2006-09-30": "1203.88900", "2006-06-30": "1195.52800", "2006-03-31": "1204.93700", "2005-12-31": "1177.37100", "2005-09-30": "181.80600", "2005-06-30": "181.70100", "2005-03-31": "182.48100"}, "Other Long-Term Assets": {"2020-12-31": "358.00000", "2020-09-30": "381.00000", "2020-06-30": "339.00000", "2020-03-31": "303.00000", "2019-12-31": "289.00000", "2019-09-30": "303.00000", "2019-06-30": "328.00000", "2019-03-31": "310.00000", "2018-12-31": "291.00000", "2018-09-30": "330.00000", "2018-06-30": "338.00000", "2018-03-31": "371.00000", "2017-12-31": "390.00000", "2017-09-30": "391.00000", "2017-06-30": "383.00000", "2017-03-31": "398.00000", "2016-12-31": "390.00000", "2016-09-30": "406.00000", "2016-06-30": "423.00000", "2016-03-31": "317.00000", "2015-12-31": "281.00000", "2015-09-30": "273.00000", "2015-06-30": "264.00000", "2015-03-31": "276.00000", "2014-12-31": "228.00000", "2014-09-30": "247.00000", "2014-06-30": "255.00000", "2014-03-31": "243.00000", "2013-12-31": "170.00000", "2013-09-30": "166.00000", "2013-06-30": "207.00000", "2013-03-31": "146.00000", "2012-12-31": "150.00000", "2012-09-30": "154.00000", "2012-06-30": "199.00000", "2012-03-31": "204.00000", "2011-12-31": "216.00000", "2011-09-30": "224.00000", "2011-06-30": "238.00000", "2011-03-31": "254.00000", "2010-12-31": "254.00000", "2010-09-30": "191.00000", "2010-06-30": "189.00000", "2010-03-31": "237.00000", "2009-12-31": "253.00000", "2009-09-30": "265.00000", "2009-06-30": "266.00000", "2009-03-31": "349.00000", "2008-12-31": "407.00000", "2008-09-30": "424.00600", "2008-06-30": "367.58100", "2008-03-31": "376.69500", "2007-12-31": "7.23000", "2007-09-30": "6.77800", "2007-06-30": "12.39500", "2007-03-31": "12.63300", "2006-12-31": "13.28600", "2006-09-30": "14.61300", "2006-06-30": "12.44600", "2006-03-31": "16.71400", "2005-12-31": "16.54000", "2005-09-30": "1.65900", "2005-06-30": "1.07000", "2005-03-31": "1.02300"}, "Total Long-Term Assets": {"2020-12-31": "9938.00000", "2020-09-30": "9634.00000", "2020-06-30": "9438.00000", "2020-03-31": "9204.00000", "2019-12-31": "9288.00000", "2019-09-30": "9135.00000", "2019-06-30": "9404.00000", "2019-03-31": "9389.00000", "2018-12-31": "9330.00000", "2018-09-30": "9398.00000", "2018-06-30": "9414.00000", "2018-03-31": "10152.00000", "2017-12-31": "9844.00000", "2017-09-30": "9626.00000", "2017-06-30": "9739.00000", "2017-03-31": "9543.00000", "2016-12-31": "9590.00000", "2016-09-30": "10462.00000", "2016-06-30": "10503.00000", "2016-03-31": "8995.00000", "2015-12-31": "8601.00000", "2015-09-30": "8610.00000", "2015-06-30": "8658.00000", "2015-03-31": "8554.00000", "2014-12-31": "8671.00000", "2014-09-30": "9135.00000", "2014-06-30": "9398.00000", "2014-03-31": "9459.00000", "2013-12-31": "9414.00000", "2013-09-30": "9414.00000", "2013-06-30": "9343.00000", "2013-03-31": "7580.00000", "2012-12-31": "7640.00000", "2012-09-30": "7591.00000", "2012-06-30": "7517.00000", "2012-03-31": "7615.00000", "2011-12-31": "7510.00000", "2011-09-30": "7480.00000", "2011-06-30": "7788.00000", "2011-03-31": "7890.00000", "2010-12-31": "7697.00000", "2010-09-30": "7475.00000", "2010-06-30": "7022.00000", "2010-03-31": "7298.00000", "2009-12-31": "7352.00000", "2009-09-30": "7430.00000", "2009-06-30": "7223.00000", "2009-03-31": "7151.00000", "2008-12-31": "7324.00000", "2008-09-30": "7897.73300", "2008-06-30": "6805.39900", "2008-03-31": "6856.29300", "2007-12-31": "1297.38000", "2007-09-30": "1289.08800", "2007-06-30": "1392.60100", "2007-03-31": "1398.42100", "2006-12-31": "1403.90600", "2006-09-30": "1407.60000", "2006-06-30": "1426.54600", "2006-03-31": "1457.25900", "2005-12-31": "1449.82300", "2005-09-30": "367.00100", "2005-06-30": "375.63500", "2005-03-31": "391.86800"}, "Total Assets": {"2020-12-31": "17979.00000", "2020-09-30": "14831.00000", "2020-06-30": "14559.00000", "2020-03-31": "14798.00000", "2019-12-31": "13924.00000", "2019-09-30": "12980.00000", "2019-06-30": "14132.00000", "2019-03-31": "14503.00000", "2018-12-31": "15700.00000", "2018-09-30": "14855.00000", "2018-06-30": "15141.00000", "2018-03-31": "15790.00000", "2017-12-31": "15354.00000", "2017-09-30": "15072.00000", "2017-06-30": "14660.00000", "2017-03-31": "14490.00000", "2016-12-31": "14150.00000", "2016-09-30": "14808.00000", "2016-06-30": "15099.00000", "2016-03-31": "13717.00000", "2015-12-31": "11861.00000", "2015-09-30": "11770.00000", "2015-06-30": "12104.00000", "2015-03-31": "12242.00000", "2014-12-31": "12071.00000", "2014-09-30": "12692.00000", "2014-06-30": "13116.00000", "2014-03-31": "12978.00000", "2013-12-31": "12577.00000", "2013-09-30": "12486.00000", "2013-06-30": "11953.00000", "2013-03-31": "9188.00000", "2012-12-31": "9132.00000", "2012-09-30": "8920.00000", "2012-06-30": "8927.00000", "2012-03-31": "9021.00000", "2011-12-31": "14091.00000", "2011-09-30": "13157.00000", "2011-06-30": "14217.00000", "2011-03-31": "18065.00000", "2010-12-31": "16207.00000", "2010-09-30": "10355.00000", "2010-06-30": "9910.00000", "2010-03-31": "10519.00000", "2009-12-31": "10722.00000", "2009-09-30": "12342.00000", "2009-06-30": "11660.00000", "2009-03-31": "12453.00000", "2008-12-31": "12752.00000", "2008-09-30": "10218.65000", "2008-06-30": "8968.98500", "2008-03-31": "8791.30700", "2007-12-31": "2979.39700", "2007-09-30": "3000.01800", "2007-06-30": "4005.31300", "2007-03-31": "3767.24300", "2006-12-31": "3716.45200", "2006-09-30": "3542.39500", "2006-06-30": "3415.23400", "2006-03-31": "2346.54700", "2005-12-31": "2046.78600", "2005-09-30": "1113.23800", "2005-06-30": "1072.00600", "2005-03-31": "887.48900"}, "Total Current Liabilities": {"2020-12-31": "4924.00000", "2020-09-30": "4161.00000", "2020-06-30": "4249.00000", "2020-03-31": "5450.00000", "2019-12-31": "4227.00000", "2019-09-30": "3692.00000", "2019-06-30": "4531.00000", "2019-03-31": "5641.00000", "2018-12-31": "6570.00000", "2018-09-30": "5799.00000", "2018-06-30": "6148.00000", "2018-03-31": "6036.00000", "2017-12-31": "5234.00000", "2017-09-30": "4723.00000", "2017-06-30": "4987.00000", "2017-03-31": "4886.00000", "2016-12-31": "4082.00000", "2016-09-30": "4054.00000", "2016-06-30": "4308.00000", "2016-03-31": "4429.00000", "2015-12-31": "2920.00000", "2015-09-30": "2852.00000", "2015-06-30": "3146.00000", "2015-03-31": "3440.00000", "2014-12-31": "2980.00000", "2014-09-30": "3194.00000", "2014-06-30": "3424.00000", "2014-03-31": "3578.00000", "2013-12-31": "2800.00000", "2013-09-30": "2707.00000", "2013-06-30": "2416.00000", "2013-03-31": "1114.00000", "2012-12-31": "1018.00000", "2012-09-30": "805.00000", "2012-06-30": "987.00000", "2012-03-31": "859.00000", "2011-12-31": "6038.00000", "2011-09-30": "4980.00000", "2011-06-30": "5919.00000", "2011-03-31": "9795.00000", "2010-12-31": "8231.00000", "2010-09-30": "2367.00000", "2010-06-30": "2334.00000", "2010-03-31": "2570.00000", "2009-12-31": "2854.00000", "2009-09-30": "4371.00000", "2009-06-30": "4008.00000", "2009-03-31": "4960.00000", "2008-12-31": "5077.00000", "2008-09-30": "1761.11800", "2008-06-30": "1595.80300", "2008-03-31": "1414.06700", "2007-12-31": "411.19700", "2007-09-30": "524.83000", "2007-06-30": "622.28800", "2007-03-31": "541.51600", "2006-12-31": "460.53500", "2006-09-30": "349.60000", "2006-06-30": "341.22900", "2006-03-31": "358.85700", "2005-12-31": "325.32800", "2005-09-30": "248.17500", "2005-06-30": "252.03500", "2005-03-31": "275.95800"}, "Long Term Debt": {"2020-12-31": "5541.00000", "2020-09-30": "3571.00000", "2020-06-30": "3482.00000", "2020-03-31": "2962.00000", "2019-12-31": "2996.00000", "2019-09-30": "2939.00000", "2019-06-30": "3022.00000", "2019-03-31": "2328.00000", "2018-12-31": "2956.00000", "2018-09-30": "3072.00000", "2018-06-30": "3079.00000", "2018-03-31": "3155.00000", "2017-12-31": "3727.00000", "2017-09-30": "3589.00000", "2017-06-30": "3058.00000", "2017-03-31": "3242.00000", "2016-12-31": "3603.00000", "2016-09-30": "3689.00000", "2016-06-30": "3731.00000", "2016-03-31": "2565.00000", "2015-12-31": "2364.00000", "2015-09-30": "2415.00000", "2015-06-30": "2281.00000", "2015-03-31": "2306.00000", "2014-12-31": "2297.00000", "2014-09-30": "2345.00000", "2014-06-30": "2408.00000", "2014-03-31": "2084.00000", "2013-12-31": "2589.00000", "2013-09-30": "2673.00000", "2013-06-30": "2647.00000", "2013-03-31": "1829.00000", "2012-12-31": "1840.00000", "2012-09-30": "1941.00000", "2012-06-30": "1951.00000", "2012-03-31": "1962.00000", "2011-12-31": "2072.00000", "2011-09-30": "2168.00000", "2011-06-30": "2069.00000", "2011-03-31": "2150.00000", "2010-12-31": "2181.00000", "2010-09-30": "1846.00000", "2010-06-30": "1912.00000", "2010-03-31": "1986.00000", "2009-12-31": "1867.00000", "2009-09-30": "1920.00000", "2009-06-30": "2090.00000", "2009-03-31": "2229.00000", "2008-12-31": "2299.00000", "2008-09-30": "2349.91900", "2008-06-30": "1545.14500", "2008-03-31": "1574.59000", "2007-12-31": "118.43800", "2007-09-30": "443.08800", "2007-06-30": "1487.79500", "2007-03-31": "1490.37100", "2006-12-31": "1492.94700", "2006-09-30": "1594.51000", "2006-06-30": "1612.56500", "2006-03-31": "1183.14700", "2005-12-31": "1184.92800", "2005-09-30": "467.33300", "2005-06-30": "467.23900", "2005-03-31": "265.00000"}, "Other Non-Current Liabilities": {"2020-12-31": "187.00000", "2020-09-30": "175.00000", "2020-06-30": "162.00000", "2020-03-31": "171.00000", "2019-12-31": "179.00000", "2019-09-30": "170.00000", "2019-06-30": "175.00000", "2019-03-31": "180.00000", "2018-12-31": "224.00000", "2018-09-30": "154.00000", "2018-06-30": "177.00000", "2018-03-31": "168.00000", "2017-12-31": "162.00000", "2017-09-30": "142.00000", "2017-06-30": "146.00000", "2017-03-31": "144.00000", "2016-12-31": "144.00000", "2016-09-30": "140.00000", "2016-06-30": "161.00000", "2016-03-31": "160.00000", "2015-12-31": "142.00000", "2015-09-30": "143.00000", "2015-06-30": "147.00000", "2015-03-31": "154.00000", "2014-12-31": "159.00000", "2014-09-30": "137.00000", "2014-06-30": "148.00000", "2014-03-31": "147.00000", "2013-12-31": "153.00000", "2013-09-30": "182.00000", "2013-06-30": "192.00000", "2013-03-31": "192.00000", "2012-12-31": "196.00000", "2012-09-30": "192.00000", "2012-06-30": "198.00000", "2012-03-31": "182.00000", "2011-12-31": "171.00000", "2011-09-30": "177.00000", "2011-06-30": "187.00000", "2011-03-31": "195.00000", "2010-12-31": "198.00000", "2010-09-30": "182.00000", "2010-06-30": "170.00000", "2010-03-31": "181.00000", "2009-12-31": "199.00000", "2009-09-30": "180.00000", "2009-06-30": "198.00000", "2009-03-31": "175.00000", "2008-12-31": "222.00000", "2008-09-30": "203.50100", "2008-06-30": "104.24800", "2008-03-31": "115.00700", "2007-12-31": "55.62300", "2007-09-30": "66.54800", "2007-06-30": "100.79600", "2007-03-31": "100.50500", "2006-12-31": "99.08400", "2006-09-30": "95.63000", "2006-06-30": "94.26500", "2006-03-31": "95.78200", "2005-12-31": "95.35500", "2005-09-30": "68.76500", "2005-06-30": "73.74100", "2005-03-31": "63.00800"}, "Total Long Term Liabilities": {"2020-12-31": "6619.00000", "2020-09-30": "4656.00000", "2020-06-30": "4553.00000", "2020-03-31": "3950.00000", "2019-12-31": "4058.00000", "2019-09-30": "3961.00000", "2019-06-30": "4050.00000", "2019-03-31": "3368.00000", "2018-12-31": "3681.00000", "2018-09-30": "3454.00000", "2018-06-30": "3451.00000", "2018-03-31": "4029.00000", "2017-12-31": "4240.00000", "2017-09-30": "4614.00000", "2017-06-30": "4097.00000", "2017-03-31": "4252.00000", "2016-12-31": "4638.00000", "2016-09-30": "5000.00000", "2016-06-30": "5074.00000", "2016-03-31": "3591.00000", "2015-12-31": "3332.00000", "2015-09-30": "3372.00000", "2015-06-30": "3242.00000", "2015-03-31": "3257.00000", "2014-12-31": "3297.00000", "2014-09-30": "3380.00000", "2014-06-30": "3485.00000", "2014-03-31": "3160.00000", "2013-12-31": "3593.00000", "2013-09-30": "3723.00000", "2013-06-30": "3674.00000", "2013-03-31": "2871.00000", "2012-12-31": "2905.00000", "2012-09-30": "2979.00000", "2012-06-30": "2970.00000", "2012-03-31": "3001.00000", "2011-12-31": "3067.00000", "2011-09-30": "3181.00000", "2011-06-30": "3138.00000", "2011-03-31": "3233.00000", "2010-12-31": "3247.00000", "2010-09-30": "2910.00000", "2010-06-30": "2883.00000", "2010-03-31": "3018.00000", "2009-12-31": "2924.00000", "2009-09-30": "3000.00000", "2009-06-30": "3139.00000", "2009-03-31": "3236.00000", "2008-12-31": "3372.00000", "2008-09-30": "3702.88800", "2008-06-30": "2657.92100", "2008-03-31": "2764.65500", "2007-12-31": "359.91700", "2007-09-30": "694.47100", "2007-06-30": "1780.05300", "2007-03-31": "1783.95300", "2006-12-31": "1798.56200", "2006-09-30": "1875.33300", "2006-06-30": "1895.21400", "2006-03-31": "1466.30100", "2005-12-31": "1468.45100", "2005-09-30": "659.87200", "2005-06-30": "656.25500", "2005-03-31": "443.00900"}, "Total Liabilities": {"2020-12-31": "11543.00000", "2020-09-30": "8817.00000", "2020-06-30": "8802.00000", "2020-03-31": "9400.00000", "2019-12-31": "8285.00000", "2019-09-30": "7653.00000", "2019-06-30": "8581.00000", "2019-03-31": "9009.00000", "2018-12-31": "10251.00000", "2018-09-30": "9253.00000", "2018-06-30": "9599.00000", "2018-03-31": "10065.00000", "2017-12-31": "9474.00000", "2017-09-30": "9337.00000", "2017-06-30": "9084.00000", "2017-03-31": "9138.00000", "2016-12-31": "8720.00000", "2016-09-30": "9054.00000", "2016-06-30": "9382.00000", "2016-03-31": "8020.00000", "2015-12-31": "6252.00000", "2015-09-30": "6224.00000", "2015-06-30": "6388.00000", "2015-03-31": "6697.00000", "2014-12-31": "6277.00000", "2014-09-30": "6574.00000", "2014-06-30": "6909.00000", "2014-03-31": "6738.00000", "2013-12-31": "6393.00000", "2013-09-30": "6430.00000", "2013-06-30": "6090.00000", "2013-03-31": "3985.00000", "2012-12-31": "3923.00000", "2012-09-30": "3784.00000", "2012-06-30": "3957.00000", "2012-03-31": "3860.00000", "2011-12-31": "9105.00000", "2011-09-30": "8161.00000", "2011-06-30": "9057.00000", "2011-03-31": "13028.00000", "2010-12-31": "11478.00000", "2010-09-30": "5277.00000", "2010-06-30": "5217.00000", "2010-03-31": "5588.00000", "2009-12-31": "5778.00000", "2009-09-30": "7371.00000", "2009-06-30": "7147.00000", "2009-03-31": "8196.00000", "2008-12-31": "8449.00000", "2008-09-30": "5464.00600", "2008-06-30": "4253.72400", "2008-03-31": "4178.72200", "2007-12-31": "771.11400", "2007-09-30": "1219.30100", "2007-06-30": "2402.34100", "2007-03-31": "2325.46900", "2006-12-31": "2259.09700", "2006-09-30": "2224.93300", "2006-06-30": "2236.44300", "2006-03-31": "1825.15800", "2005-12-31": "1793.77900", "2005-09-30": "908.04700", "2005-06-30": "908.29000", "2005-03-31": "718.96700"}, "Common Stock Net": {"2020-12-31": "2.00000", "2020-09-30": "2.00000", "2020-06-30": "2.00000", "2020-03-31": "2.00000", "2019-12-31": "2.00000", "2019-09-30": "2.00000", "2019-06-30": "2.00000", "2019-03-31": "2.00000", "2018-12-31": "2.00000", "2018-09-30": "2.00000", "2018-06-30": "2.00000", "2018-03-31": "2.00000", "2017-12-31": "2.00000", "2017-09-30": "2.00000", "2017-06-30": "2.00000", "2017-03-31": "2.00000", "2016-12-31": "2.00000", "2016-09-30": "2.00000", "2016-06-30": "2.00000", "2016-03-31": "2.00000", "2015-12-31": "2.00000", "2015-09-30": "2.00000", "2015-06-30": "2.00000", "2015-03-31": "2.00000", "2014-12-31": "2.00000", "2014-09-30": "2.00000", "2014-06-30": "2.00000", "2014-03-31": "2.00000", "2013-12-31": "2.00000", "2013-09-30": "2.00000", "2013-06-30": "2.00000", "2013-03-31": "2.00000", "2012-12-31": "2.00000", "2012-09-30": "2.00000", "2012-06-30": "2.00000", "2012-03-31": "2.00000", "2011-12-31": "2.00000", "2011-09-30": "2.00000", "2011-06-30": "2.00000", "2011-03-31": "2.00000", "2010-12-31": "2.00000", "2010-09-30": "2.00000", "2010-06-30": "2.00000", "2010-03-31": "2.00000", "2009-12-31": "2.00000", "2009-09-30": "2.00000", "2009-06-30": "2.00000", "2009-03-31": "2.00000", "2008-12-31": "2.00000", "2008-09-30": "2.01100", "2008-06-30": "2.00400", "2008-03-31": "2.00100", "2007-12-31": "1.39300", "2007-09-30": "1.30700", "2007-06-30": "1.30700", "2007-03-31": "1.30700", "2006-12-31": "1.30700", "2006-09-30": "1.30700", "2006-06-30": "1.30800", "2006-03-31": "1.30700", "2005-12-31": "8.11600", "2005-09-30": "5.92000", "2005-06-30": "5.92300", "2005-03-31": "4.57100"}, "Retained Earnings (Accumulated Deficit)": {"2020-12-31": "5628.00000", "2020-09-30": "5484.00000", "2020-06-30": "5301.00000", "2020-03-31": "5140.00000", "2019-12-31": "5027.00000", "2019-09-30": "4901.00000", "2019-06-30": "4829.00000", "2019-03-31": "4732.00000", "2018-12-31": "4558.00000", "2018-09-30": "4399.00000", "2018-06-30": "4309.00000", "2018-03-31": "4146.00000", "2017-12-31": "3963.00000", "2017-09-30": "3787.00000", "2017-06-30": "3680.00000", "2017-03-31": "3595.00000", "2016-12-31": "3479.00000", "2016-09-30": "3757.00000", "2016-06-30": "3679.00000", "2016-03-31": "3609.00000", "2015-12-31": "3571.00000", "2015-09-30": "3464.00000", "2015-06-30": "3366.00000", "2015-03-31": "3276.00000", "2014-12-31": "3292.00000", "2014-09-30": "3231.00000", "2014-06-30": "3134.00000", "2014-03-31": "3032.00000", "2013-12-31": "2976.00000", "2013-09-30": "2857.00000", "2013-06-30": "2765.00000", "2013-03-31": "2699.00000", "2012-12-31": "2678.00000", "2012-09-30": "2614.00000", "2012-06-30": "2547.00000", "2012-03-31": "2476.00000", "2011-12-31": "2391.00000", "2011-09-30": "2310.00000", "2011-06-30": "2200.00000", "2011-03-31": "2108.00000", "2010-12-31": "2004.00000", "2010-09-30": "1867.00000", "2010-06-30": "1766.00000", "2010-03-31": "1670.00000", "2009-12-31": "1610.00000", "2009-09-30": "1567.00000", "2009-06-30": "1507.00000", "2009-03-31": "1438.00000", "2008-12-31": "1344.00000", "2008-09-30": "1313.51400", "2008-06-30": "1253.39800", "2008-03-31": "1151.76100", "2007-12-31": "1030.39800", "2007-09-30": "951.43500", "2007-06-30": "586.44100", "2007-03-31": "530.31300", "2006-12-31": "512.99700", "2006-09-30": "449.96200", "2006-06-30": "419.73600", "2006-03-31": "403.09200", "2005-12-31": "385.79400", "2005-09-30": "369.69200", "2005-06-30": "353.26600", "2005-03-31": "341.54100"}, "Comprehensive Income": {"2020-12-31": "-1368.00000", "2020-09-30": "-1632.00000", "2020-06-30": "-1715.00000", "2020-03-31": "-1909.00000", "2019-12-31": "-1686.00000", "2019-09-30": "-1833.00000", "2019-06-30": "-1666.00000", "2019-03-31": "-1645.00000", "2018-12-31": "-1530.00000", "2018-09-30": "-1184.00000", "2018-06-30": "-1191.00000", "2018-03-31": "-1060.00000", "2017-12-31": "-862.00000", "2017-09-30": "-825.00000", "2017-06-30": "-892.00000", "2017-03-31": "-987.00000", "2016-12-31": "-979.00000", "2016-09-30": "-882.00000", "2016-06-30": "-860.00000", "2016-03-31": "-770.00000", "2015-12-31": "-864.00000", "2015-09-30": "-847.00000", "2015-06-30": "-805.00000", "2015-03-31": "-883.00000", "2014-12-31": "-682.00000", "2014-09-30": "-325.00000", "2014-06-30": "-142.00000", "2014-03-31": "-71.00000", "2013-12-31": "-67.00000", "2013-09-30": "-51.00000", "2013-06-30": "-139.00000", "2013-03-31": "-218.00000", "2012-12-31": "-185.00000", "2012-09-30": "-222.00000", "2012-06-30": "-368.00000", "2012-03-31": "-218.00000", "2011-12-31": "-350.00000", "2011-09-30": "-346.00000", "2011-06-30": "-62.00000", "2011-03-31": "-82.00000", "2010-12-31": "-272.00000", "2010-09-30": "-268.00000", "2010-06-30": "-647.00000", "2010-03-31": "-438.00000", "2009-12-31": "-406.00000", "2009-09-30": "-331.00000", "2009-06-30": "-600.00000", "2009-03-31": "-766.00000", "2008-12-31": "-619.00000", "2008-09-30": "-36.70200", "2008-06-30": "-4.69500", "2008-03-31": "2.88800", "2007-12-31": "-4.69700", "2007-09-30": "-10.69200", "2007-06-30": "190.50700", "2007-03-31": "95.60200", "2006-12-31": "136.20400", "2006-09-30": "71.16800", "2006-06-30": "-31.88800", "2006-03-31": "-1.24700", "2005-12-31": "-1.29000", "2005-09-30": "-0.81500", "2005-06-30": "-0.74300", "2005-03-31": "-1.62400"}, "Other Share Holders Equity": {"2020-12-31": "", "2020-09-30": "", "2020-06-30": "", "2020-03-31": "", "2019-12-31": "", "2019-09-30": "", "2019-06-30": "", "2019-03-31": "", "2018-12-31": "", "2018-09-30": "", "2018-06-30": "", "2018-03-31": "", "2017-12-31": "", "2017-09-30": "", "2017-06-30": "", "2017-03-31": "", "2016-12-31": "", "2016-09-30": "", "2016-06-30": "", "2016-03-31": "", "2015-12-31": "", "2015-09-30": "", "2015-06-30": "", "2015-03-31": "", "2014-12-31": "", "2014-09-30": "", "2014-06-30": "", "2014-03-31": "", "2013-12-31": "", "2013-09-30": "", "2013-06-30": "", "2013-03-31": "", "2012-12-31": "", "2012-09-30": "", "2012-06-30": "", "2012-03-31": "", "2011-12-31": "", "2011-09-30": "", "2011-06-30": "", "2011-03-31": "", "2010-12-31": "", "2010-09-30": "", "2010-06-30": "", "2010-03-31": "", "2009-12-31": "", "2009-09-30": "", "2009-06-30": "", "2009-03-31": "", "2008-12-31": "", "2008-09-30": "", "2008-06-30": "", "2008-03-31": "", "2007-12-31": "", "2007-09-30": "", "2007-06-30": "", "2007-03-31": "", "2006-12-31": "", "2006-09-30": "", "2006-06-30": "", "2006-03-31": "", "2005-12-31": "", "2005-09-30": "", "2005-06-30": "", "2005-03-31": ""}, "Share Holder Equity": {"2020-12-31": "6436.00000", "2020-09-30": "6014.00000", "2020-06-30": "5757.00000", "2020-03-31": "5398.00000", "2019-12-31": "5639.00000", "2019-09-30": "5327.00000", "2019-06-30": "5551.00000", "2019-03-31": "5494.00000", "2018-12-31": "5449.00000", "2018-09-30": "5602.00000", "2018-06-30": "5542.00000", "2018-03-31": "5725.00000", "2017-12-31": "5880.00000", "2017-09-30": "5735.00000", "2017-06-30": "5576.00000", "2017-03-31": "5352.00000", "2016-12-31": "5430.00000", "2016-09-30": "5754.00000", "2016-06-30": "5717.00000", "2016-03-31": "5697.00000", "2015-12-31": "5609.00000", "2015-09-30": "5546.00000", "2015-06-30": "5716.00000", "2015-03-31": "5545.00000", "2014-12-31": "5794.00000", "2014-09-30": "6118.00000", "2014-06-30": "6207.00000", "2014-03-31": "6240.00000", "2013-12-31": "6184.00000", "2013-09-30": "6056.00000", "2013-06-30": "5863.00000", "2013-03-31": "5203.00000", "2012-12-31": "5209.00000", "2012-09-30": "5136.00000", "2012-06-30": "4970.00000", "2012-03-31": "5161.00000", "2011-12-31": "4986.00000", "2011-09-30": "4996.00000", "2011-06-30": "5160.00000", "2011-03-31": "5037.00000", "2010-12-31": "4729.00000", "2010-09-30": "5078.00000", "2010-06-30": "4693.00000", "2010-03-31": "4931.00000", "2009-12-31": "4944.00000", "2009-09-30": "4971.00000", "2009-06-30": "4513.00000", "2009-03-31": "4257.00000", "2008-12-31": "4303.00000", "2008-09-30": "4754.64000", "2008-06-30": "4715.26100", "2008-03-31": "4612.58500", "2007-12-31": "2208.28300", "2007-09-30": "1780.71700", "2007-06-30": "1602.97200", "2007-03-31": "1441.77400", "2006-12-31": "1457.35500", "2006-09-30": "1317.46200", "2006-06-30": "1178.79100", "2006-03-31": "521.38900", "2005-12-31": "253.00700", "2005-09-30": "205.19100", "2005-06-30": "163.71600", "2005-03-31": "168.52200"}, "Total Liabilities And Share Holders Equity": {"2020-12-31": "17979.00000", "2020-09-30": "14831.00000", "2020-06-30": "14559.00000", "2020-03-31": "14798.00000", "2019-12-31": "13924.00000", "2019-09-30": "12980.00000", "2019-06-30": "14132.00000", "2019-03-31": "14503.00000", "2018-12-31": "15700.00000", "2018-09-30": "14855.00000", "2018-06-30": "15141.00000", "2018-03-31": "15790.00000", "2017-12-31": "15354.00000", "2017-09-30": "15072.00000", "2017-06-30": "14660.00000", "2017-03-31": "14490.00000", "2016-12-31": "14150.00000", "2016-09-30": "14808.00000", "2016-06-30": "15099.00000", "2016-03-31": "13717.00000", "2015-12-31": "11861.00000", "2015-09-30": "11770.00000", "2015-06-30": "12104.00000", "2015-03-31": "12242.00000", "2014-12-31": "12071.00000", "2014-09-30": "12692.00000", "2014-06-30": "13116.00000", "2014-03-31": "12978.00000", "2013-12-31": "12577.00000", "2013-09-30": "12486.00000", "2013-06-30": "11953.00000", "2013-03-31": "9188.00000", "2012-12-31": "9132.00000", "2012-09-30": "8920.00000", "2012-06-30": "8927.00000", "2012-03-31": "9021.00000", "2011-12-31": "14091.00000", "2011-09-30": "13157.00000", "2011-06-30": "14217.00000", "2011-03-31": "18065.00000", "2010-12-31": "16207.00000", "2010-09-30": "10355.00000", "2010-06-30": "9910.00000", "2010-03-31": "10519.00000", "2009-12-31": "10722.00000", "2009-09-30": "12342.00000", "2009-06-30": "11660.00000", "2009-03-31": "12453.00000", "2008-12-31": "12752.00000", "2008-09-30": "10218.65000", "2008-06-30": "8968.98500", "2008-03-31": "8791.30700", "2007-12-31": "2979.39700", "2007-09-30": "3000.01800", "2007-06-30": "4005.31300", "2007-03-31": "3767.24300", "2006-12-31": "3716.45200", "2006-09-30": "3542.39500", "2006-06-30": "3415.23400", "2006-03-31": "2346.54700", "2005-12-31": "2046.78600", "2005-09-30": "1113.23800", "2005-06-30": "1072.00600", "2005-03-31": "887.48900"}}, "cash flow statement": {"Net Income/Loss": {"2020-12-31": "0.00000", "2019-12-31": "774.00000", "2018-12-31": "458.00000", "2017-12-31": "729.00000", "2016-12-31": "106.00000", "2015-12-31": "427.00000", "2014-12-31": "413.00000", "2013-12-31": "384.00000", "2012-12-31": "349.00000", "2011-12-31": "383.00000", "2010-12-31": "389.00000", "2009-12-31": "263.00000", "2008-12-31": "315.00000", "2007-12-31": "518.00000", "2006-12-31": "127.89300", "2005-12-31": "61.69000"}, "Total Depreciation And Amortization - Cash Flow": {"2020-12-31": "", "2019-12-31": "190.00000", "2018-12-31": "210.00000", "2017-12-31": "188.00000", "2016-12-31": "170.00000", "2015-12-31": "138.00000", "2014-12-31": "137.00000", "2013-12-31": "122.00000", "2012-12-31": "104.00000", "2011-12-31": "115.00000", "2010-12-31": "109.00000", "2009-12-31": "115.00000", "2008-12-31": "93.00000", "2007-12-31": "39.00000", "2006-12-31": "70.91600", "2005-12-31": "66.98600"}, "Other Non-Cash Items": {"2020-12-31": "", "2019-12-31": "47.00000", "2018-12-31": "257.00000", "2017-12-31": "87.00000", "2016-12-31": "542.00000", "2015-12-31": "180.00000", "2014-12-31": "138.00000", "2013-12-31": "55.00000", "2012-12-31": "141.00000", "2011-12-31": "91.00000", "2010-12-31": "69.00000", "2009-12-31": "167.00000", "2008-12-31": "4.00000", "2007-12-31": "-446.00000", "2006-12-31": "-21.51400", "2005-12-31": "-3.78200"}, "Total Non-Cash Items": {"2020-12-31": "", "2019-12-31": "237.00000", "2018-12-31": "467.00000", "2017-12-31": "275.00000", "2016-12-31": "712.00000", "2015-12-31": "318.00000", "2014-12-31": "275.00000", "2013-12-31": "177.00000", "2012-12-31": "245.00000", "2011-12-31": "206.00000", "2010-12-31": "178.00000", "2009-12-31": "282.00000", "2008-12-31": "97.00000", "2007-12-31": "-407.00000", "2006-12-31": "49.40200", "2005-12-31": "63.20400"}, "Change In Accounts Receivable": {"2020-12-31": "", "2019-12-31": "-42.00000", "2018-12-31": "-35.00000", "2017-12-31": "11.00000", "2016-12-31": "73.00000", "2015-12-31": "55.00000", "2014-12-31": "-16.00000", "2013-12-31": "-55.00000", "2012-12-31": "-30.00000", "2011-12-31": "-11.00000", "2010-12-31": "5.00000", "2009-12-31": "33.00000", "2008-12-31": "31.00000", "2007-12-31": "-27.00000", "2006-12-31": "9.52400", "2005-12-31": "1.46000"}, "Change In Inventories": {"2020-12-31": "", "2019-12-31": "", "2018-12-31": "", "2017-12-31": "", "2016-12-31": "", "2015-12-31": "", "2014-12-31": "", "2013-12-31": "", "2012-12-31": "", "2011-12-31": "", "2010-12-31": "", "2009-12-31": "", "2008-12-31": "", "2007-12-31": "", "2006-12-31": "", "2005-12-31": ""}, "Change In Accounts Payable": {"2020-12-31": "", "2019-12-31": "-49.00000", "2018-12-31": "33.00000", "2017-12-31": "-12.00000", "2016-12-31": "5.00000", "2015-12-31": "-38.00000", "2014-12-31": "-40.00000", "2013-12-31": "51.00000", "2012-12-31": "1.00000", "2011-12-31": "24.00000", "2010-12-31": "4.00000", "2009-12-31": "-125.00000", "2008-12-31": "20.00000", "2007-12-31": "-31.00000", "2006-12-31": "-26.01600", "2005-12-31": "35.61400"}, "Change In Assets/Liabilities": {"2020-12-31": "", "2019-12-31": "43.00000", "2018-12-31": "105.00000", "2017-12-31": "-94.00000", "2016-12-31": "-120.00000", "2015-12-31": "-35.00000", "2014-12-31": "0.00000", "2013-12-31": "17.00000", "2012-12-31": "23.00000", "2011-12-31": "67.00000", "2010-12-31": "-136.00000", "2009-12-31": "129.00000", "2008-12-31": "-247.00000", "2007-12-31": "120.00000", "2006-12-31": "40.27200", "2005-12-31": "-44.89300"}, "Total Change In Assets/Liabilities": {"2020-12-31": "", "2019-12-31": "-48.00000", "2018-12-31": "103.00000", "2017-12-31": "-95.00000", "2016-12-31": "-42.00000", "2015-12-31": "-18.00000", "2014-12-31": "-56.00000", "2013-12-31": "13.00000", "2012-12-31": "-6.00000", "2011-12-31": "80.00000", "2010-12-31": "-127.00000", "2009-12-31": "37.00000", "2008-12-31": "-196.00000", "2007-12-31": "62.00000", "2006-12-31": "23.78000", "2005-12-31": "-3.99100"}, "Cash Flow From Operating Activities": {"2020-12-31": "", "2019-12-31": "963.00000", "2018-12-31": "1028.00000", "2017-12-31": "909.00000", "2016-12-31": "776.00000", "2015-12-31": "727.00000", "2014-12-31": "632.00000", "2013-12-31": "574.00000", "2012-12-31": "588.00000", "2011-12-31": "669.00000", "2010-12-31": "440.00000", "2009-12-31": "582.00000", "2008-12-31": "216.00000", "2007-12-31": "173.00000", "2006-12-31": "201.07500", "2005-12-31": "120.90300"}, "Net Change In Property, Plant, And Equipment": {"2020-12-31": "", "2019-12-31": "-127.00000", "2018-12-31": "-111.00000", "2017-12-31": "-144.00000", "2016-12-31": "-134.00000", "2015-12-31": "-133.00000", "2014-12-31": "-140.00000", "2013-12-31": "-115.00000", "2012-12-31": "-87.00000", "2011-12-31": "-88.00000", "2010-12-31": "-42.00000", "2009-12-31": "-59.00000", "2008-12-31": "-55.00000", "2007-12-31": "-18.00000", "2006-12-31": "9.53300", "2005-12-31": "-7.36200"}, "Net Change In Intangible Assets": {"2020-12-31": "", "2019-12-31": "", "2018-12-31": "", "2017-12-31": "", "2016-12-31": "", "2015-12-31": "", "2014-12-31": "", "2013-12-31": "", "2012-12-31": "", "2011-12-31": "", "2010-12-31": "", "2009-12-31": "", "2008-12-31": "54.00000", "2007-12-31": "68.00000", "2006-12-31": "", "2005-12-31": ""}, "Net Acquisitions/Divestitures": {"2020-12-31": "", "2019-12-31": "-74.00000", "2018-12-31": "211.00000", "2017-12-31": "-776.00000", "2016-12-31": "-1466.00000", "2015-12-31": "-226.00000", "2014-12-31": "", "2013-12-31": "-1121.00000", "2012-12-31": "-112.00000", "2011-12-31": "-26.00000", "2010-12-31": "-190.00000", "2009-12-31": "8.00000", "2008-12-31": "-2999.00000", "2007-12-31": "-15.00000", "2006-12-31": "-53.95900", "2005-12-31": "-970.46700"}, "Net Change In Short-term Investments": {"2020-12-31": "", "2019-12-31": "-579.00000", "2018-12-31": "-421.00000", "2017-12-31": "-392.00000", "2016-12-31": "-468.00000", "2015-12-31": "-385.00000", "2014-12-31": "-5.00000", "2013-12-31": "20.00000", "2012-12-31": "-301.00000", "2011-12-31": "-533.00000", "2010-12-31": "-237.00000", "2009-12-31": "-582.00000", "2008-12-31": "-149.00000", "2007-12-31": "1836.00000", "2006-12-31": "-1206.60700", "2005-12-31": "24.44610"}, "Net Change In Long-Term Investments": {"2020-12-31": "", "2019-12-31": "554.00000", "2018-12-31": "543.00000", "2017-12-31": "424.00000", "2016-12-31": "411.00000", "2015-12-31": "319.00000", "2014-12-31": "", "2013-12-31": "", "2012-12-31": "372.00000", "2011-12-31": "501.00000", "2010-12-31": "351.00000", "2009-12-31": "580.00000", "2008-12-31": "", "2007-12-31": "", "2006-12-31": "", "2005-12-31": ""}, "Net Change In Investments - Total": {"2020-12-31": "", "2019-12-31": "-25.00000", "2018-12-31": "122.00000", "2017-12-31": "32.00000", "2016-12-31": "-57.00000", "2015-12-31": "-66.00000", "2014-12-31": "-5.00000", "2013-12-31": "20.00000", "2012-12-31": "71.00000", "2011-12-31": "-32.00000", "2010-12-31": "114.00000", "2009-12-31": "-2.00000", "2008-12-31": "-149.00000", "2007-12-31": "1836.00000", "2006-12-31": "-1206.60700", "2005-12-31": "24.44610"}, "Investing Activities - Other": {"2020-12-31": "", "2019-12-31": "-14.00000", "2018-12-31": "-26.00000", "2017-12-31": "-2.00000", "2016-12-31": "", "2015-12-31": "-10.00000", "2014-12-31": "-10.00000", "2013-12-31": "", "2012-12-31": "", "2011-12-31": "", "2010-12-31": "", "2009-12-31": "", "2008-12-31": "", "2007-12-31": "-13.00000", "2006-12-31": "-23.35000", "2005-12-31": ""}, "Cash Flow From Investing Activities": {"2020-12-31": "", "2019-12-31": "-240.00000", "2018-12-31": "196.00000", "2017-12-31": "-890.00000", "2016-12-31": "-1657.00000", "2015-12-31": "-435.00000", "2014-12-31": "-155.00000", "2013-12-31": "-1216.00000", "2012-12-31": "-128.00000", "2011-12-31": "-146.00000", "2010-12-31": "-118.00000", "2009-12-31": "-53.00000", "2008-12-31": "-3149.00000", "2007-12-31": "1858.00000", "2006-12-31": "-1274.38300", "2005-12-31": "-953.38300"}, "Net Long-Term Debt": {"2020-12-31": "", "2019-12-31": "-535.00000", "2018-12-31": "-115.00000", "2017-12-31": "-60.00000", "2016-12-31": "1300.00000", "2015-12-31": "137.00000", "2014-12-31": "-235.00000", "2013-12-31": "606.00000", "2012-12-31": "-145.00000", "2011-12-31": "-248.00000", "2010-12-31": "193.00000", "2009-12-31": "-340.00000", "2008-12-31": "1994.00000", "2007-12-31": "-1061.00000", "2006-12-31": "310.82300", "2005-12-31": "930.00000"}, "Net Current Debt": {"2020-12-31": "", "2019-12-31": "", "2018-12-31": "", "2017-12-31": "", "2016-12-31": "", "2015-12-31": "", "2014-12-31": "", "2013-12-31": "", "2012-12-31": "", "2011-12-31": "", "2010-12-31": "", "2009-12-31": "", "2008-12-31": "", "2007-12-31": "", "2006-12-31": "", "2005-12-31": ""}, "Debt Issuance/Retirement Net - Total": {"2020-12-31": "", "2019-12-31": "-535.00000", "2018-12-31": "-115.00000", "2017-12-31": "-60.00000", "2016-12-31": "1300.00000", "2015-12-31": "137.00000", "2014-12-31": "-235.00000", "2013-12-31": "606.00000", "2012-12-31": "-145.00000", "2011-12-31": "-248.00000", "2010-12-31": "193.00000", "2009-12-31": "-340.00000", "2008-12-31": "1994.00000", "2007-12-31": "-1061.00000", "2006-12-31": "310.82300", "2005-12-31": "930.00000"}, "Net Common Equity Issued/Repurchased": {"2020-12-31": "", "2019-12-31": "-163.00000", "2018-12-31": "-377.00000", "2017-12-31": "-150.00000", "2016-12-31": "-46.00000", "2015-12-31": "-348.00000", "2014-12-31": "-138.00000", "2013-12-31": "25.00000", "2012-12-31": "-269.00000", "2011-12-31": "-90.00000", "2010-12-31": "-791.00000", "2009-12-31": "8.00000", "2008-12-31": "30.00000", "2007-12-31": "17.00000", "2006-12-31": "999.54400", "2005-12-31": "52.85700"}, "Net Total Equity Issued/Repurchased": {"2020-12-31": "", "2019-12-31": "-163.00000", "2018-12-31": "-377.00000", "2017-12-31": "-150.00000", "2016-12-31": "-46.00000", "2015-12-31": "-348.00000", "2014-12-31": "-138.00000", "2013-12-31": "25.00000", "2012-12-31": "-269.00000", "2011-12-31": "-90.00000", "2010-12-31": "-791.00000", "2009-12-31": "8.00000", "2008-12-31": "30.00000", "2007-12-31": "17.00000", "2006-12-31": "999.54400", "2005-12-31": "52.85700"}, "Total Common And Preferred Stock Dividends Paid": {"2020-12-31": "", "2019-12-31": "-305.00000", "2018-12-31": "-280.00000", "2017-12-31": "-243.00000", "2016-12-31": "-200.00000", "2015-12-31": "-149.00000", "2014-12-31": "-98.00000", "2013-12-31": "-87.00000", "2012-12-31": "-65.00000", "2011-12-31": "", "2010-12-31": "", "2009-12-31": "", "2008-12-31": "", "2007-12-31": "", "2006-12-31": "-105.05900", "2005-12-31": "-43.32600"}, "Financial Activities - Other": {"2020-12-31": "", "2019-12-31": "66.00000", "2018-12-31": "-255.00000", "2017-12-31": "400.00000", "2016-12-31": "-106.00000", "2015-12-31": "-40.00000", "2014-12-31": "11.00000", "2013-12-31": "3.00000", "2012-12-31": "", "2011-12-31": "13.00000", "2010-12-31": "3.00000", "2009-12-31": "-4.00000", "2008-12-31": "5.00000", "2007-12-31": "16.00000", "2006-12-31": "24.75800", "2005-12-31": ""}, "Cash Flow From Financial Activities": {"2020-12-31": "", "2019-12-31": "-937.00000", "2018-12-31": "-1027.00000", "2017-12-31": "-53.00000", "2016-12-31": "948.00000", "2015-12-31": "-400.00000", "2014-12-31": "-460.00000", "2013-12-31": "547.00000", "2012-12-31": "-479.00000", "2011-12-31": "-325.00000", "2010-12-31": "-595.00000", "2009-12-31": "-336.00000", "2008-12-31": "2029.00000", "2007-12-31": "-1028.00000", "2006-12-31": "1230.06600", "2005-12-31": "939.53100"}, "Net Cash Flow": {"2020-12-31": "", "2019-12-31": "-224.00000", "2018-12-31": "187.00000", "2017-12-31": "-19.00000", "2016-12-31": "61.00000", "2015-12-31": "-119.00000", "2014-12-31": "-6.00000", "2013-12-31": "-99.00000", "2012-12-31": "-9.00000", "2011-12-31": "191.00000", "2010-12-31": "-279.00000", "2009-12-31": "220.00000", "2008-12-31": "-951.00000", "2007-12-31": "1003.00000", "2006-12-31": "156.75800", "2005-12-31": "107.05100"}, "Stock-Based Compensation": {"2020-12-31": "", "2019-12-31": "79.00000", "2018-12-31": "69.00000", "2017-12-31": "70.00000", "2016-12-31": "86.00000", "2015-12-31": "68.00000", "2014-12-31": "62.00000", "2013-12-31": "47.00000", "2012-12-31": "46.00000", "2011-12-31": "36.00000", "2010-12-31": "33.00000", "2009-12-31": "35.00000", "2008-12-31": "26.00000", "2007-12-31": "17.00000", "2006-12-31": "9.87100", "2005-12-31": "1.35800"}, "Common Stock Dividends Paid": {"2020-12-31": "", "2019-12-31": "-305.00000", "2018-12-31": "-280.00000", "2017-12-31": "-243.00000", "2016-12-31": "-200.00000", "2015-12-31": "-149.00000", "2014-12-31": "-98.00000", "2013-12-31": "-87.00000", "2012-12-31": "-65.00000", "2011-12-31": "", "2010-12-31": "", "2009-12-31": "", "2008-12-31": "", "2007-12-31": "", "2006-12-31": "", "2005-12-31": ""}}, "cash flow statement, quarterly": {"Net Income/Loss": {"2020-12-31": -708, "2020-09-30": 264, "2020-06-30": 241, "2020-03-31": "203.00000", "2019-12-31": 203, "2019-09-30": 150, "2019-06-30": 174, "2019-03-31": "247.00000", "2018-12-31": -44, "2018-09-30": 163, "2018-06-30": 162, "2018-03-31": "177.00000", "2017-12-31": 246, "2017-09-30": 169, "2017-06-30": 146, "2017-03-31": "168.00000", "2016-12-31": -227, "2016-09-30": 131, "2016-06-30": 70, "2016-03-31": "132.00000", "2015-12-31": 148, "2015-09-30": 138, "2015-06-30": 132, "2015-03-31": "9.00000", "2014-12-31": 86, "2014-09-30": 122, "2014-06-30": 102, "2014-03-31": "103.00000", "2013-12-31": 141, "2013-09-30": 113, "2013-06-30": 88, "2013-03-31": "42.00000", "2012-12-31": 85, "2012-09-30": 88, "2012-06-30": 92, "2012-03-31": "84.00000", "2011-12-31": 81, "2011-09-30": 108, "2011-06-30": 91, "2011-03-31": "103.00000", "2010-12-31": 135, "2010-09-30": 100, "2010-06-30": 94, "2010-03-31": "60.00000", "2009-12-31": 42, "2009-09-30": 59, "2009-06-30": 68, "2009-03-31": "94.00000", "2008-12-31": 36, "2008-09-30": 59, "2008-06-30": 99, "2008-03-31": "121.00000", "2007-12-31": 78.562, "2007-09-30": 364.993, "2007-06-30": 56.129, "2007-03-31": "18.31600", "2006-12-31": 63.035, "2006-09-30": 30.226, "2006-06-30": 16.644, "2006-03-31": "17.98800", "2005-12-31": 17.146, "2005-09-30": 17.802, "2005-06-30": 13.971, "2005-03-31": "12.77100"}, "Total Depreciation And Amortization - Cash Flow": {"2020-12-31": -149, "2020-09-30": 51, "2020-06-30": 50, "2020-03-31": "48.00000", "2019-12-31": 47, "2019-09-30": 47, "2019-06-30": 48, "2019-03-31": "48.00000", "2018-12-31": 51, "2018-09-30": 53, "2018-06-30": 53, "2018-03-31": "53.00000", "2017-12-31": 48, "2017-09-30": 48, "2017-06-30": 47, "2017-03-31": "45.00000", "2016-12-31": 45, "2016-09-30": 46, "2016-06-30": 41, "2016-03-31": "38.00000", "2015-12-31": 36, "2015-09-30": 35, "2015-06-30": 33, "2015-03-31": "34.00000", "2014-12-31": 33, "2014-09-30": 35, "2014-06-30": 34, "2014-03-31": "35.00000", "2013-12-31": 34, "2013-09-30": 33, "2013-06-30": 28, "2013-03-31": "27.00000", "2012-12-31": 25, "2012-09-30": 27, "2012-06-30": 25, "2012-03-31": "27.00000", "2011-12-31": 29, "2011-09-30": 29, "2011-06-30": 28, "2011-03-31": "29.00000", "2010-12-31": 29, "2010-09-30": 27, "2010-06-30": 27, "2010-03-31": "26.00000", "2009-12-31": 37, "2009-09-30": 28, "2009-06-30": 26, "2009-03-31": "24.00000", "2008-12-31": 27, "2008-09-30": 28, "2008-06-30": 22, "2008-03-31": "16.00000", "2007-12-31": 9.704, "2007-09-30": 9.661, "2007-06-30": 9.796, "2007-03-31": "9.83900", "2006-12-31": 10.584, "2006-09-30": 14.313, "2006-06-30": 21.47, "2006-03-31": "24.54900", "2005-12-31": 20.221, "2005-09-30": 13.639, "2005-06-30": 14.933, "2005-03-31": "18.19300"}, "Other Non-Cash Items": {"2020-12-31": -48, "2020-09-30": 5, "2020-06-30": 9, "2020-03-31": "34.00000", "2019-12-31": 66, "2019-09-30": 13, "2019-06-30": 40, "2019-03-31": "-72.00000", "2018-12-31": 213, "2018-09-30": 45, "2018-06-30": -8, "2018-03-31": "7.00000", "2017-12-31": 31, "2017-09-30": -1, "2017-06-30": 10, "2017-03-31": "47.00000", "2016-12-31": 490, "2016-09-30": 15, "2016-06-30": 17, "2016-03-31": "20.00000", "2015-12-31": 81, "2015-09-30": 8, "2015-06-30": 17, "2015-03-31": "74.00000", "2014-12-31": 79, "2014-09-30": 18, "2014-06-30": 18, "2014-03-31": "23.00000", "2013-12-31": 28, "2013-09-30": 38, "2013-06-30": -8, "2013-03-31": "-3.00000", "2012-12-31": 49, "2012-09-30": 45, "2012-06-30": 26, "2012-03-31": "21.00000", "2011-12-31": 66, "2011-09-30": 26, "2011-06-30": 1, "2011-03-31": "-2.00000", "2010-12-31": -10, "2010-09-30": 13, "2010-06-30": 22, "2010-03-31": "44.00000", "2009-12-31": 73, "2009-09-30": 90, "2009-06-30": 12, "2009-03-31": "-8.00000", "2008-12-31": 58, "2008-09-30": 41, "2008-06-30": -6, "2008-03-31": "-89.00000", "2007-12-31": -14.259, "2007-09-30": -453.487, "2007-06-30": 2.74, "2007-03-31": "19.00600", "2006-12-31": -33.287, "2006-09-30": -2.425, "2006-06-30": 29.29, "2006-03-31": "-15.09200", "2005-12-31": -10.552, "2005-09-30": 1.061, "2005-06-30": 4.708, "2005-03-31": "1.00100"}, "Total Non-Cash Items": {"2020-12-31": -197, "2020-09-30": 56, "2020-06-30": 59, "2020-03-31": "82.00000", "2019-12-31": 113, "2019-09-30": 60, "2019-06-30": 88, "2019-03-31": "-24.00000", "2018-12-31": 264, "2018-09-30": 98, "2018-06-30": 45, "2018-03-31": "60.00000", "2017-12-31": 79, "2017-09-30": 47, "2017-06-30": 57, "2017-03-31": "92.00000", "2016-12-31": 535, "2016-09-30": 61, "2016-06-30": 58, "2016-03-31": "58.00000", "2015-12-31": 117, "2015-09-30": 43, "2015-06-30": 50, "2015-03-31": "108.00000", "2014-12-31": 112, "2014-09-30": 53, "2014-06-30": 52, "2014-03-31": "58.00000", "2013-12-31": 62, "2013-09-30": 71, "2013-06-30": 20, "2013-03-31": "24.00000", "2012-12-31": 74, "2012-09-30": 72, "2012-06-30": 51, "2012-03-31": "48.00000", "2011-12-31": 95, "2011-09-30": 55, "2011-06-30": 29, "2011-03-31": "27.00000", "2010-12-31": 19, "2010-09-30": 40, "2010-06-30": 49, "2010-03-31": "70.00000", "2009-12-31": 110, "2009-09-30": 118, "2009-06-30": 38, "2009-03-31": "16.00000", "2008-12-31": 85, "2008-09-30": 69, "2008-06-30": 16, "2008-03-31": "-73.00000", "2007-12-31": -4.555, "2007-09-30": -443.826, "2007-06-30": 12.536, "2007-03-31": "28.84500", "2006-12-31": -22.703, "2006-09-30": 11.888, "2006-06-30": 50.76, "2006-03-31": "9.45700", "2005-12-31": 9.669, "2005-09-30": 14.7, "2005-06-30": 19.641, "2005-03-31": "19.19400"}, "Change In Accounts Receivable": {"2020-12-31": 109, "2020-09-30": 18, "2020-06-30": 47, "2020-03-31": "-174.00000", "2019-12-31": -35, "2019-09-30": 13, "2019-06-30": 30, "2019-03-31": "-50.00000", "2018-12-31": -24, "2018-09-30": 41, "2018-06-30": 75, "2018-03-31": "-127.00000", "2017-12-31": -19, "2017-09-30": 47, "2017-06-30": 12, "2017-03-31": "-29.00000", "2016-12-31": 20, "2016-09-30": 59, "2016-06-30": -1, "2016-03-31": "-5.00000", "2015-12-31": -41, "2015-09-30": 42, "2015-06-30": 18, "2015-03-31": "36.00000", "2014-12-31": -23, "2014-09-30": 17, "2014-06-30": 32, "2014-03-31": "-42.00000", "2013-12-31": -19, "2013-09-30": -14, "2013-06-30": -36, "2013-03-31": "14.00000", "2012-12-31": -4, "2012-09-30": 9, "2012-06-30": -15, "2012-03-31": "-20.00000", "2011-12-31": 33, "2011-09-30": -1, "2011-06-30": -17, "2011-03-31": "-26.00000", "2010-12-31": 13, "2010-09-30": 63, "2010-06-30": 9, "2010-03-31": "-80.00000", "2009-12-31": 73, "2009-09-30": 9, "2009-06-30": -25, "2009-03-31": "-24.00000", "2008-12-31": 13, "2008-09-30": 0, "2008-06-30": 50, "2008-03-31": "-32.00000", "2007-12-31": 31.374, "2007-09-30": -9.568, "2007-06-30": 18.564, "2007-03-31": "-67.37000", "2006-12-31": 3.158, "2006-09-30": 9.927, "2006-06-30": 8.53, "2006-03-31": "-12.09100", "2005-12-31": 10.58, "2005-09-30": -9.093, "2005-06-30": 1.504, "2005-03-31": "-1.53100"}, "Change In Inventories": {"2020-12-31": 0, "2020-09-30": 0, "2020-06-30": 0, "2020-03-31": "", "2019-12-31": 0, "2019-09-30": 0, "2019-06-30": 0, "2019-03-31": "", "2018-12-31": 0, "2018-09-30": 0, "2018-06-30": 0, "2018-03-31": "", "2017-12-31": 0, "2017-09-30": 0, "2017-06-30": 0, "2017-03-31": "", "2016-12-31": 0, "2016-09-30": 0, "2016-06-30": 0, "2016-03-31": "", "2015-12-31": 0, "2015-09-30": 0, "2015-06-30": 0, "2015-03-31": "", "2014-12-31": 0, "2014-09-30": 0, "2014-06-30": 0, "2014-03-31": "", "2013-12-31": 0, "2013-09-30": 0, "2013-06-30": 0, "2013-03-31": "", "2012-12-31": 0, "2012-09-30": 0, "2012-06-30": 0, "2012-03-31": "", "2011-12-31": 0, "2011-09-30": 0, "2011-06-30": 0, "2011-03-31": "", "2010-12-31": 0, "2010-09-30": 0, "2010-06-30": 0, "2010-03-31": "", "2009-12-31": 0, "2009-09-30": 0, "2009-06-30": 0, "2009-03-31": "", "2008-12-31": 0, "2008-09-30": 0, "2008-06-30": 0, "2008-03-31": "", "2007-12-31": 0, "2007-09-30": 0, "2007-06-30": 0, "2007-03-31": "", "2006-12-31": 0, "2006-09-30": 0, "2006-06-30": 0, "2006-03-31": "", "2005-12-31": 0, "2005-09-30": 0, "2005-06-30": 0, "2005-03-31": ""}, "Change In Accounts Payable": {"2020-12-31": 18, "2020-09-30": 12, "2020-06-30": -58, "2020-03-31": "28.00000", "2019-12-31": -13, "2019-09-30": 1, "2019-06-30": -71, "2019-03-31": "34.00000", "2018-12-31": 27, "2018-09-30": -5, "2018-06-30": -54, "2018-03-31": "65.00000", "2017-12-31": 6, "2017-09-30": 16, "2017-06-30": -46, "2017-03-31": "12.00000", "2016-12-31": 8, "2016-09-30": -8, "2016-06-30": -9, "2016-03-31": "14.00000", "2015-12-31": -17, "2015-09-30": -18, "2015-06-30": -39, "2015-03-31": "36.00000", "2014-12-31": 4, "2014-09-30": -8, "2014-06-30": -35, "2014-03-31": "-1.00000", "2013-12-31": -27, "2013-09-30": -5, "2013-06-30": 39, "2013-03-31": "44.00000", "2012-12-31": 26, "2012-09-30": -17, "2012-06-30": 11, "2012-03-31": "-19.00000", "2011-12-31": -17, "2011-09-30": -5, "2011-06-30": 37, "2011-03-31": "9.00000", "2010-12-31": -1, "2010-09-30": -44, "2010-06-30": 15, "2010-03-31": "34.00000", "2009-12-31": -122, "2009-09-30": 4, "2009-06-30": -8, "2009-03-31": "1.00000", "2008-12-31": -7, "2008-09-30": -5, "2008-06-30": 7, "2008-03-31": "25.00000", "2007-12-31": -14.361, "2007-09-30": -22.717, "2007-06-30": -13.367, "2007-03-31": "19.44500", "2006-12-31": -5.458, "2006-09-30": -6.956, "2006-06-30": 0.584, "2006-03-31": "-14.18600", "2005-12-31": 23.879, "2005-09-30": 7.365, "2005-06-30": 0.906, "2005-03-31": "3.46400"}, "Change In Assets/Liabilities": {"2020-12-31": -39, "2020-09-30": -354, "2020-06-30": 152, "2020-03-31": "241.00000", "2019-12-31": 71, "2019-09-30": -123, "2019-06-30": -35, "2019-03-31": "130.00000", "2018-12-31": 137, "2018-09-30": -283, "2018-06-30": 51, "2018-03-31": "200.00000", "2017-12-31": -12, "2017-09-30": -184, "2017-06-30": 101, "2017-03-31": "1.00000", "2016-12-31": -52, "2016-09-30": -180, "2016-06-30": 56, "2016-03-31": "56.00000", "2015-12-31": 48, "2015-09-30": -139, "2015-06-30": 14, "2015-03-31": "42.00000", "2014-12-31": 46, "2014-09-30": -160, "2014-06-30": 49, "2014-03-31": "65.00000", "2013-12-31": 80, "2013-09-30": -83, "2013-06-30": -5, "2013-03-31": "25.00000", "2012-12-31": 51, "2012-09-30": -114, "2012-06-30": 71, "2012-03-31": "15.00000", "2011-12-31": 41, "2011-09-30": -151, "2011-06-30": 119, "2011-03-31": "58.00000", "2010-12-31": 17, "2010-09-30": -125, "2010-06-30": 72, "2010-03-31": "-100.00000", "2009-12-31": 251, "2009-09-30": -186, "2009-06-30": 68, "2009-03-31": "-4.00000", "2008-12-31": 278, "2008-09-30": -532, "2008-06-30": -119, "2008-03-31": "126.00000", "2007-12-31": -35.01, "2007-09-30": 47.811, "2007-06-30": 38.836, "2007-03-31": "68.36300", "2006-12-31": 38.914, "2006-09-30": -16.439, "2006-06-30": -34.751, "2006-03-31": "52.54800", "2005-12-31": -47.602, "2005-09-30": -22.372, "2005-06-30": -27.226, "2005-03-31": "52.30700"}, "Total Change In Assets/Liabilities": {"2020-12-31": 88, "2020-09-30": -324, "2020-06-30": 141, "2020-03-31": "95.00000", "2019-12-31": 23, "2019-09-30": -109, "2019-06-30": -76, "2019-03-31": "114.00000", "2018-12-31": 140, "2018-09-30": -247, "2018-06-30": 72, "2018-03-31": "138.00000", "2017-12-31": -25, "2017-09-30": -121, "2017-06-30": 67, "2017-03-31": "-16.00000", "2016-12-31": -24, "2016-09-30": -129, "2016-06-30": 46, "2016-03-31": "65.00000", "2015-12-31": -10, "2015-09-30": -115, "2015-06-30": -7, "2015-03-31": "114.00000", "2014-12-31": 27, "2014-09-30": -151, "2014-06-30": 46, "2014-03-31": "22.00000", "2013-12-31": 34, "2013-09-30": -102, "2013-06-30": -2, "2013-03-31": "83.00000", "2012-12-31": 73, "2012-09-30": -122, "2012-06-30": 67, "2012-03-31": "-24.00000", "2011-12-31": 57, "2011-09-30": -157, "2011-06-30": 139, "2011-03-31": "41.00000", "2010-12-31": 29, "2010-09-30": -106, "2010-06-30": 96, "2010-03-31": "-146.00000", "2009-12-31": 202, "2009-09-30": -173, "2009-06-30": 35, "2009-03-31": "-27.00000", "2008-12-31": 284, "2008-09-30": -537, "2008-06-30": -62, "2008-03-31": "119.00000", "2007-12-31": -17.997, "2007-09-30": 15.526, "2007-06-30": 33.636, "2007-03-31": "30.83500", "2006-12-31": 14.075, "2006-09-30": 9.071, "2006-06-30": -25.637, "2006-03-31": "26.27100", "2005-12-31": -9.315, "2005-09-30": -24.1, "2005-06-30": -24.816, "2005-03-31": "54.24000"}, "Cash Flow From Operating Activities": {"2020-12-31": -817, "2020-09-30": -4, "2020-06-30": 441, "2020-03-31": "380.00000", "2019-12-31": 339, "2019-09-30": 101, "2019-06-30": 186, "2019-03-31": "337.00000", "2018-12-31": 360, "2018-09-30": 14, "2018-06-30": 279, "2018-03-31": "375.00000", "2017-12-31": 300, "2017-09-30": 95, "2017-06-30": 270, "2017-03-31": "244.00000", "2016-12-31": 284, "2016-09-30": 63, "2016-06-30": 174, "2016-03-31": "255.00000", "2015-12-31": 255, "2015-09-30": 66, "2015-06-30": 175, "2015-03-31": "231.00000", "2014-12-31": 225, "2014-09-30": 24, "2014-06-30": 200, "2014-03-31": "183.00000", "2013-12-31": 237, "2013-09-30": 82, "2013-06-30": 106, "2013-03-31": "149.00000", "2012-12-31": 232, "2012-09-30": 38, "2012-06-30": 210, "2012-03-31": "108.00000", "2011-12-31": 233, "2011-09-30": 6, "2011-06-30": 259, "2011-03-31": "171.00000", "2010-12-31": 183, "2010-09-30": 34, "2010-06-30": 239, "2010-03-31": "-16.00000", "2009-12-31": 354, "2009-09-30": 4, "2009-06-30": 141, "2009-03-31": "83.00000", "2008-12-31": 405, "2008-09-30": -409, "2008-06-30": 53, "2008-03-31": "167.00000", "2007-12-31": 56.01, "2007-09-30": -63.307, "2007-06-30": 102.301, "2007-03-31": "77.99600", "2006-12-31": 54.407, "2006-09-30": 51.185, "2006-06-30": 41.767, "2006-03-31": "53.71600", "2005-12-31": 17.5, "2005-09-30": 8.402, "2005-06-30": 8.796, "2005-03-31": "86.20500"}, "Net Change In Property, Plant, And Equipment": {"2020-12-31": 128, "2020-09-30": -60, "2020-06-30": -42, "2020-03-31": "-26.00000", "2019-12-31": -39, "2019-09-30": -25, "2019-06-30": -43, "2019-03-31": "-20.00000", "2018-12-31": -39, "2018-09-30": -27, "2018-06-30": -29, "2018-03-31": "-16.00000", "2017-12-31": -42, "2017-09-30": -38, "2017-06-30": -28, "2017-03-31": "-36.00000", "2016-12-31": -49, "2016-09-30": -34, "2016-06-30": -28, "2016-03-31": "-23.00000", "2015-12-31": -42, "2015-09-30": -32, "2015-06-30": -35, "2015-03-31": "-24.00000", "2014-12-31": -47, "2014-09-30": -27, "2014-06-30": -35, "2014-03-31": "-31.00000", "2013-12-31": -35, "2013-09-30": -35, "2013-06-30": -25, "2013-03-31": "-20.00000", "2012-12-31": -24, "2012-09-30": -22, "2012-06-30": -25, "2012-03-31": "-16.00000", "2011-12-31": -37, "2011-09-30": -27, "2011-06-30": -14, "2011-03-31": "-10.00000", "2010-12-31": -10, "2010-09-30": -12, "2010-06-30": -9, "2010-03-31": "-11.00000", "2009-12-31": -13, "2009-09-30": -16, "2009-06-30": -14, "2009-03-31": "-16.00000", "2008-12-31": -16, "2008-09-30": -12, "2008-06-30": -13, "2008-03-31": "-14.00000", "2007-12-31": -4.323, "2007-09-30": -5.901, "2007-06-30": -3.699, "2007-03-31": "-4.07700", "2006-12-31": 21.793, "2006-09-30": -6.271, "2006-06-30": -5.339, "2006-03-31": "-0.65000", "2005-12-31": -11.816, "2005-09-30": -4.488, "2005-06-30": 14.106, "2005-03-31": "-5.16400"}, "Net Change In Intangible Assets": {"2020-12-31": 0, "2020-09-30": 0, "2020-06-30": 0, "2020-03-31": "", "2019-12-31": 0, "2019-09-30": 0, "2019-06-30": 0, "2019-03-31": "", "2018-12-31": 0, "2018-09-30": 0, "2018-06-30": 0, "2018-03-31": "", "2017-12-31": 0, "2017-09-30": 0, "2017-06-30": 0, "2017-03-31": "", "2016-12-31": 0, "2016-09-30": 0, "2016-06-30": 0, "2016-03-31": "", "2015-12-31": 0, "2015-09-30": 0, "2015-06-30": 0, "2015-03-31": "", "2014-12-31": 0, "2014-09-30": 0, "2014-06-30": 0, "2014-03-31": "", "2013-12-31": 0, "2013-09-30": 0, "2013-06-30": 0, "2013-03-31": "", "2012-12-31": 0, "2012-09-30": 0, "2012-06-30": 0, "2012-03-31": "", "2011-12-31": 0, "2011-09-30": 0, "2011-06-30": 0, "2011-03-31": "", "2010-12-31": 0, "2010-09-30": 0, "2010-06-30": 0, "2010-03-31": "", "2009-12-31": 0, "2009-09-30": 0, "2009-06-30": 0, "2009-03-31": "", "2008-12-31": 0, "2008-09-30": 0, "2008-06-30": 0, "2008-03-31": "54.00000", "2007-12-31": 13.051, "2007-09-30": 4.037, "2007-06-30": -12.988, "2007-03-31": "63.90000", "2006-12-31": 0, "2006-09-30": 0, "2006-06-30": 0, "2006-03-31": "", "2005-12-31": 0, "2005-09-30": 0, "2005-06-30": 0, "2005-03-31": ""}, "Net Acquisitions/Divestitures": {"2020-12-31": 157, "2020-09-30": 0, "2020-06-30": 0, "2020-03-31": "-157.00000", "2019-12-31": 11, "2019-09-30": 0, "2019-06-30": 0, "2019-03-31": "-85.00000", "2018-12-31": -75, "2018-09-30": -8, "2018-06-30": 294, "2018-03-31": "", "2017-12-31": -776, "2017-09-30": 0, "2017-06-30": 0, "2017-03-31": "", "2016-12-31": -6, "2016-09-30": 0, "2016-06-30": -1247, "2016-03-31": "-213.00000", "2015-12-31": 0, "2015-09-30": 0, "2015-06-30": 0, "2015-03-31": "-226.00000", "2014-12-31": 0, "2014-09-30": 0, "2014-06-30": 0, "2014-03-31": "", "2013-12-31": 0, "2013-09-30": 0, "2013-06-30": -1121, "2013-03-31": "", "2012-12-31": -15, "2012-09-30": -40, "2012-06-30": -57, "2012-03-31": "", "2011-12-31": -24, "2011-09-30": 0, "2011-06-30": -2, "2011-03-31": "", "2010-12-31": -114, "2010-09-30": -72, "2010-06-30": -4, "2010-03-31": "", "2009-12-31": 28, "2009-09-30": -1, "2009-06-30": -13, "2009-03-31": "-6.00000", "2008-12-31": -259, "2008-09-30": -751, "2008-06-30": -25, "2008-03-31": "-1964.00000", "2007-12-31": -7, "2007-09-30": -8, "2007-06-30": -1.243, "2007-03-31": "1.24300", "2006-12-31": 0, "2006-09-30": -15.899, "2006-06-30": 0, "2006-03-31": "-38.06000", "2005-12-31": -946.03, "2005-09-30": -27.5, "2005-06-30": 0, "2005-03-31": "3.06300"}, "Net Change In Short-term Investments": {"2020-12-31": 252, "2020-09-30": -337, "2020-06-30": 63, "2020-03-31": "22.00000", "2019-12-31": -195, "2019-09-30": -382, "2019-06-30": -39, "2019-03-31": "37.00000", "2018-12-31": -109, "2018-09-30": -220, "2018-06-30": -100, "2018-03-31": "8.00000", "2017-12-31": -453, "2017-09-30": 100, "2017-06-30": -67, "2017-03-31": "28.00000", "2016-12-31": -104, "2016-09-30": -312, "2016-06-30": -4, "2016-03-31": "-48.00000", "2015-12-31": -329, "2015-09-30": 71, "2015-06-30": -87, "2015-03-31": "-40.00000", "2014-12-31": -12, "2014-09-30": 25, "2014-06-30": -10, "2014-03-31": "-8.00000", "2013-12-31": -36, "2013-09-30": -7, "2013-06-30": 175, "2013-03-31": "-112.00000", "2012-12-31": -434, "2012-09-30": 49, "2012-06-30": 102, "2012-03-31": "-18.00000", "2011-12-31": -104, "2011-09-30": -81, "2011-06-30": -234, "2011-03-31": "-114.00000", "2010-12-31": -49, "2010-09-30": -197, "2010-06-30": 128, "2010-03-31": "-119.00000", "2009-12-31": -605, "2009-09-30": 9, "2009-06-30": 36, "2009-03-31": "-22.00000", "2008-12-31": -91, "2008-09-30": -32, "2008-06-30": -16, "2008-03-31": "-10.00000", "2007-12-31": 9.06, "2007-09-30": 1802.462, "2007-06-30": -6.232, "2007-03-31": "30.71000", "2006-12-31": -47.586, "2006-09-30": -92.183, "2006-06-30": -1024.833, "2006-03-31": "-42.00500", "2005-12-31": 77.3381, "2005-09-30": -10.583, "2005-06-30": 20.416, "2005-03-31": "-62.72500"}, "Net Change In Long-Term Investments": {"2020-12-31": -372, "2020-09-30": 372, "2020-06-30": 0, "2020-03-31": "", "2019-12-31": 125, "2019-09-30": 429, "2019-06-30": 0, "2019-03-31": "", "2018-12-31": 212, "2018-09-30": 331, "2018-06-30": 0, "2018-03-31": "", "2017-12-31": 424, "2017-09-30": 0, "2017-06-30": 0, "2017-03-31": "", "2016-12-31": 83, "2016-09-30": 328, "2016-06-30": 0, "2016-03-31": "", "2015-12-31": 319, "2015-09-30": 0, "2015-06-30": 30, "2015-03-31": "-30.00000", "2014-12-31": 0, "2014-09-30": 0, "2014-06-30": 0, "2014-03-31": "", "2013-12-31": 39, "2013-09-30": -39, "2013-06-30": -118, "2013-03-31": "118.00000", "2012-12-31": 372, "2012-09-30": 0, "2012-06-30": -97, "2012-03-31": "97.00000", "2011-12-31": 115, "2011-09-30": 88, "2011-06-30": 198, "2011-03-31": "100.00000", "2010-12-31": 134, "2010-09-30": 216, "2010-06-30": -162, "2010-03-31": "163.00000", "2009-12-31": 526, "2009-09-30": 0, "2009-06-30": 54, "2009-03-31": "", "2008-12-31": 0, "2008-09-30": 0, "2008-06-30": 0, "2008-03-31": "", "2007-12-31": 0, "2007-09-30": 0, "2007-06-30": 0, "2007-03-31": "", "2006-12-31": 0, "2006-09-30": 0, "2006-06-30": 0, "2006-03-31": "", "2005-12-31": -0.048, "2005-09-30": 0.032, "2005-06-30": -4.984, "2005-03-31": "5.00000"}, "Net Change In Investments - Total": {"2020-12-31": -120, "2020-09-30": 35, "2020-06-30": 63, "2020-03-31": "22.00000", "2019-12-31": -70, "2019-09-30": 47, "2019-06-30": -39, "2019-03-31": "37.00000", "2018-12-31": 103, "2018-09-30": 111, "2018-06-30": -100, "2018-03-31": "8.00000", "2017-12-31": -29, "2017-09-30": 100, "2017-06-30": -67, "2017-03-31": "28.00000", "2016-12-31": -21, "2016-09-30": 16, "2016-06-30": -4, "2016-03-31": "-48.00000", "2015-12-31": -10, "2015-09-30": 71, "2015-06-30": -57, "2015-03-31": "-70.00000", "2014-12-31": -12, "2014-09-30": 25, "2014-06-30": -10, "2014-03-31": "-8.00000", "2013-12-31": 3, "2013-09-30": -46, "2013-06-30": 57, "2013-03-31": "6.00000", "2012-12-31": -62, "2012-09-30": 49, "2012-06-30": 5, "2012-03-31": "79.00000", "2011-12-31": 11, "2011-09-30": 7, "2011-06-30": -36, "2011-03-31": "-14.00000", "2010-12-31": 85, "2010-09-30": 19, "2010-06-30": -34, "2010-03-31": "44.00000", "2009-12-31": -79, "2009-09-30": 9, "2009-06-30": 90, "2009-03-31": "-22.00000", "2008-12-31": -91, "2008-09-30": -32, "2008-06-30": -16, "2008-03-31": "-10.00000", "2007-12-31": 9.06, "2007-09-30": 1802.462, "2007-06-30": -6.232, "2007-03-31": "30.71000", "2006-12-31": -47.586, "2006-09-30": -92.183, "2006-06-30": -1024.833, "2006-03-31": "-42.00500", "2005-12-31": 77.2901, "2005-09-30": -10.551, "2005-06-30": 15.432, "2005-03-31": "-57.72500"}, "Investing Activities - Other": {"2020-12-31": -8, "2020-09-30": 13, "2020-06-30": -12, "2020-03-31": "7.00000", "2019-12-31": -11, "2019-09-30": 10, "2019-06-30": -7, "2019-03-31": "-6.00000", "2018-12-31": -20, "2018-09-30": 0, "2018-06-30": -6, "2018-03-31": "", "2017-12-31": 30, "2017-09-30": -31, "2017-06-30": -1, "2017-03-31": "", "2016-12-31": 10, "2016-09-30": 0, "2016-06-30": 0, "2016-03-31": "-10.00000", "2015-12-31": -1, "2015-09-30": -3, "2015-06-30": 0, "2015-03-31": "-6.00000", "2014-12-31": 0, "2014-09-30": 0, "2014-06-30": -3, "2014-03-31": "-7.00000", "2013-12-31": 0, "2013-09-30": 39, "2013-06-30": -39, "2013-03-31": "", "2012-12-31": 0, "2012-09-30": 0, "2012-06-30": 0, "2012-03-31": "", "2011-12-31": 0, "2011-09-30": 0, "2011-06-30": 0, "2011-03-31": "", "2010-12-31": 0, "2010-09-30": 0, "2010-06-30": 0, "2010-03-31": "", "2009-12-31": 0, "2009-09-30": 0, "2009-06-30": 0, "2009-03-31": "", "2008-12-31": 0, "2008-09-30": 0, "2008-06-30": 0, "2008-03-31": "", "2007-12-31": -13.348, "2007-09-30": 0.221, "2007-06-30": 0.204, "2007-03-31": "-0.07700", "2006-12-31": -53.891, "2006-09-30": 30.243, "2006-06-30": 0.064, "2006-03-31": "0.23400", "2005-12-31": -1.2, "2005-09-30": 1.2, "2005-06-30": 0, "2005-03-31": ""}, "Cash Flow From Investing Activities": {"2020-12-31": 157, "2020-09-30": -12, "2020-06-30": 9, "2020-03-31": "-154.00000", "2019-12-31": -109, "2019-09-30": 32, "2019-06-30": -89, "2019-03-31": "-74.00000", "2018-12-31": -31, "2018-09-30": 76, "2018-06-30": 159, "2018-03-31": "-8.00000", "2017-12-31": -817, "2017-09-30": 31, "2017-06-30": -96, "2017-03-31": "-8.00000", "2016-12-31": -66, "2016-09-30": -18, "2016-06-30": -1279, "2016-03-31": "-294.00000", "2015-12-31": -53, "2015-09-30": 36, "2015-06-30": -92, "2015-03-31": "-326.00000", "2014-12-31": -59, "2014-09-30": -2, "2014-06-30": -48, "2014-03-31": "-46.00000", "2013-12-31": -32, "2013-09-30": -42, "2013-06-30": -1128, "2013-03-31": "-14.00000", "2012-12-31": -101, "2012-09-30": -13, "2012-06-30": -77, "2012-03-31": "63.00000", "2011-12-31": -50, "2011-09-30": -20, "2011-06-30": -52, "2011-03-31": "-24.00000", "2010-12-31": -39, "2010-09-30": -65, "2010-06-30": -47, "2010-03-31": "33.00000", "2009-12-31": -64, "2009-09-30": -8, "2009-06-30": 63, "2009-03-31": "-44.00000", "2008-12-31": -366, "2008-09-30": -795, "2008-06-30": -54, "2008-03-31": "-1934.00000", "2007-12-31": -2.56, "2007-09-30": 1792.819, "2007-06-30": -23.958, "2007-03-31": "91.69900", "2006-12-31": -79.684, "2006-09-30": -84.11, "2006-06-30": -1030.108, "2006-03-31": "-80.48100", "2005-12-31": -881.756, "2005-09-30": -41.339, "2005-06-30": 29.538, "2005-03-31": "-59.82600"}, "Net Long-Term Debt": {"2020-12-31": -458, "2020-09-30": 0, "2020-06-30": -272, "2020-03-31": "730.00000", "2019-12-31": 0, "2019-09-30": 0, "2019-06-30": -300, "2019-03-31": "-235.00000", "2018-12-31": 0, "2018-09-30": 0, "2018-06-30": 18, "2018-03-31": "-133.00000", "2017-12-31": 115, "2017-09-30": 485, "2017-06-30": -660, "2017-03-31": "", "2016-12-31": -18, "2016-09-30": -40, "2016-06-30": 1189, "2016-03-31": "169.00000", "2015-12-31": -53, "2015-09-30": 150, "2015-06-30": -35, "2015-03-31": "75.00000", "2014-12-31": 0, "2014-09-30": 0, "2014-06-30": -114, "2014-03-31": "-121.00000", "2013-12-31": -98, "2013-09-30": -98, "2013-06-30": 813, "2013-03-31": "-11.00000", "2012-12-31": -11, "2012-09-30": -12, "2012-06-30": -11, "2012-03-31": "-111.00000", "2011-12-31": -128, "2011-09-30": 0, "2011-06-30": -85, "2011-03-31": "-35.00000", "2010-12-31": 329, "2010-09-30": -71, "2010-06-30": -43, "2010-03-31": "-22.00000", "2009-12-31": 1, "2009-09-30": -113, "2009-06-30": -148, "2009-03-31": "-80.00000", "2008-12-31": -42, "2008-09-30": 912, "2008-06-30": -1, "2008-03-31": "1125.00000", "2007-12-31": -0.177, "2007-09-30": -1055.482, "2007-06-30": -2.671, "2007-03-31": "-2.67000", "2006-12-31": -102.668, "2006-09-30": -18.305, "2006-06-30": 433.671, "2006-03-31": "-1.87500", "2005-12-31": 725, "2005-09-30": 0, "2005-06-30": 205, "2005-03-31": ""}, "Net Current Debt": {"2020-12-31": 0, "2020-09-30": 0, "2020-06-30": 0, "2020-03-31": "", "2019-12-31": 0, "2019-09-30": 0, "2019-06-30": 0, "2019-03-31": "", "2018-12-31": 0, "2018-09-30": 0, "2018-06-30": 0, "2018-03-31": "", "2017-12-31": 0, "2017-09-30": 0, "2017-06-30": 0, "2017-03-31": "", "2016-12-31": 0, "2016-09-30": 0, "2016-06-30": 0, "2016-03-31": "", "2015-12-31": 0, "2015-09-30": 0, "2015-06-30": 0, "2015-03-31": "", "2014-12-31": 0, "2014-09-30": 0, "2014-06-30": 0, "2014-03-31": "", "2013-12-31": 0, "2013-09-30": 0, "2013-06-30": 0, "2013-03-31": "", "2012-12-31": 0, "2012-09-30": 0, "2012-06-30": 0, "2012-03-31": "", "2011-12-31": 0, "2011-09-30": 0, "2011-06-30": 0, "2011-03-31": "", "2010-12-31": 0, "2010-09-30": 0, "2010-06-30": 0, "2010-03-31": "", "2009-12-31": 0, "2009-09-30": 0, "2009-06-30": 0, "2009-03-31": "", "2008-12-31": 0, "2008-09-30": 0, "2008-06-30": 0, "2008-03-31": "", "2007-12-31": 0, "2007-09-30": 0, "2007-06-30": 0, "2007-03-31": "", "2006-12-31": 0, "2006-09-30": 0, "2006-06-30": 0, "2006-03-31": "", "2005-12-31": 0, "2005-09-30": 0, "2005-06-30": 0, "2005-03-31": ""}, "Debt Issuance/Retirement Net - Total": {"2020-12-31": -458, "2020-09-30": 0, "2020-06-30": -272, "2020-03-31": "730.00000", "2019-12-31": 0, "2019-09-30": 0, "2019-06-30": -300, "2019-03-31": "-235.00000", "2018-12-31": 0, "2018-09-30": 0, "2018-06-30": 18, "2018-03-31": "-133.00000", "2017-12-31": 115, "2017-09-30": 485, "2017-06-30": -660, "2017-03-31": "", "2016-12-31": -18, "2016-09-30": -40, "2016-06-30": 1189, "2016-03-31": "169.00000", "2015-12-31": -53, "2015-09-30": 150, "2015-06-30": -35, "2015-03-31": "75.00000", "2014-12-31": 0, "2014-09-30": 0, "2014-06-30": -114, "2014-03-31": "-121.00000", "2013-12-31": -98, "2013-09-30": -98, "2013-06-30": 813, "2013-03-31": "-11.00000", "2012-12-31": -11, "2012-09-30": -12, "2012-06-30": -11, "2012-03-31": "-111.00000", "2011-12-31": -128, "2011-09-30": 0, "2011-06-30": -85, "2011-03-31": "-35.00000", "2010-12-31": 329, "2010-09-30": -71, "2010-06-30": -43, "2010-03-31": "-22.00000", "2009-12-31": 1, "2009-09-30": -113, "2009-06-30": -148, "2009-03-31": "-80.00000", "2008-12-31": -42, "2008-09-30": 912, "2008-06-30": -1, "2008-03-31": "1125.00000", "2007-12-31": -0.177, "2007-09-30": -1055.482, "2007-06-30": -2.671, "2007-03-31": "-2.67000", "2006-12-31": -102.668, "2006-09-30": -18.305, "2006-06-30": 433.671, "2006-03-31": "-1.87500", "2005-12-31": 725, "2005-09-30": 0, "2005-06-30": 205, "2005-03-31": ""}, "Net Common Equity Issued/Repurchased": {"2020-12-31": 172, "2020-09-30": -33, "2020-06-30": -17, "2020-03-31": "-122.00000", "2019-12-31": 25, "2019-09-30": -149, "2019-06-30": -39, "2019-03-31": "", "2018-12-31": 7, "2018-09-30": -54, "2018-06-30": -231, "2018-03-31": "-99.00000", "2017-12-31": -7, "2017-09-30": -17, "2017-06-30": 29, "2017-03-31": "-155.00000", "2016-12-31": 12, "2016-09-30": -41, "2016-06-30": 11, "2016-03-31": "-28.00000", "2015-12-31": -57, "2015-09-30": -253, "2015-06-30": -14, "2015-03-31": "-24.00000", "2014-12-31": -47, "2014-09-30": -16, "2014-06-30": -82, "2014-03-31": "7.00000", "2013-12-31": 14, "2013-09-30": 2, "2013-06-30": 13, "2013-03-31": "-4.00000", "2012-12-31": -44, "2012-09-30": -52, "2012-06-30": -124, "2012-03-31": "-49.00000", "2011-12-31": -99, "2011-09-30": 1, "2011-06-30": 3, "2011-03-31": "5.00000", "2010-12-31": -496, "2010-09-30": -99, "2010-06-30": -151, "2010-03-31": "-45.00000", "2009-12-31": 1, "2009-09-30": 0, "2009-06-30": 6, "2009-03-31": "1.00000", "2008-12-31": 25, "2008-09-30": 2, "2008-06-30": 2, "2008-03-31": "1.00000", "2007-12-31": 6.452, "2007-09-30": 4.81, "2007-06-30": 3.56, "2007-03-31": "2.17800", "2006-12-31": 4.844, "2006-09-30": 1.742, "2006-06-30": 664.863, "2006-03-31": "328.09500", "2005-12-31": 17.968, "2005-09-30": 18.148, "2005-06-30": 16.339, "2005-03-31": "0.40200"}, "Net Total Equity Issued/Repurchased": {"2020-12-31": 172, "2020-09-30": -33, "2020-06-30": -17, "2020-03-31": "-122.00000", "2019-12-31": 25, "2019-09-30": -149, "2019-06-30": -39, "2019-03-31": "", "2018-12-31": 7, "2018-09-30": -54, "2018-06-30": -231, "2018-03-31": "-99.00000", "2017-12-31": -7, "2017-09-30": -17, "2017-06-30": 29, "2017-03-31": "-155.00000", "2016-12-31": 12, "2016-09-30": -41, "2016-06-30": 11, "2016-03-31": "-28.00000", "2015-12-31": -57, "2015-09-30": -253, "2015-06-30": -14, "2015-03-31": "-24.00000", "2014-12-31": -47, "2014-09-30": -16, "2014-06-30": -82, "2014-03-31": "7.00000", "2013-12-31": 14, "2013-09-30": 2, "2013-06-30": 13, "2013-03-31": "-4.00000", "2012-12-31": -44, "2012-09-30": -52, "2012-06-30": -124, "2012-03-31": "-49.00000", "2011-12-31": -99, "2011-09-30": 1, "2011-06-30": 3, "2011-03-31": "5.00000", "2010-12-31": -496, "2010-09-30": -99, "2010-06-30": -151, "2010-03-31": "-45.00000", "2009-12-31": 1, "2009-09-30": 0, "2009-06-30": 6, "2009-03-31": "1.00000", "2008-12-31": 25, "2008-09-30": 2, "2008-06-30": 2, "2008-03-31": "1.00000", "2007-12-31": 6.452, "2007-09-30": 4.81, "2007-06-30": 3.56, "2007-03-31": "2.17800", "2006-12-31": 4.844, "2006-09-30": 1.742, "2006-06-30": 664.863, "2006-03-31": "328.09500", "2005-12-31": 17.968, "2005-09-30": 18.148, "2005-06-30": 16.339, "2005-03-31": "0.40200"}, "Total Common And Preferred Stock Dividends Paid": {"2020-12-31": 239, "2020-09-30": -81, "2020-06-30": -80, "2020-03-31": "-78.00000", "2019-12-31": -77, "2019-09-30": -78, "2019-06-30": -77, "2019-03-31": "-73.00000", "2018-12-31": -72, "2018-09-30": -73, "2018-06-30": -72, "2018-03-31": "-63.00000", "2017-12-31": -63, "2017-09-30": -64, "2017-06-30": -63, "2017-03-31": "-53.00000", "2016-12-31": -53, "2016-09-30": -53, "2016-06-30": -53, "2016-03-31": "-41.00000", "2015-12-31": -41, "2015-09-30": -40, "2015-06-30": -43, "2015-03-31": "-25.00000", "2014-12-31": -25, "2014-09-30": -26, "2014-06-30": -25, "2014-03-31": "-22.00000", "2013-12-31": -22, "2013-09-30": -22, "2013-06-30": -22, "2013-03-31": "-21.00000", "2012-12-31": -22, "2012-09-30": -21, "2012-06-30": -22, "2012-03-31": "", "2011-12-31": 0, "2011-09-30": 0, "2011-06-30": 0, "2011-03-31": "", "2010-12-31": 0, "2010-09-30": 0, "2010-06-30": 0, "2010-03-31": "", "2009-12-31": 0, "2009-09-30": 0, "2009-06-30": 0, "2009-03-31": "", "2008-12-31": 0, "2008-09-30": 0, "2008-06-30": 0, "2008-03-31": "", "2007-12-31": 0, "2007-09-30": 0, "2007-06-30": 0, "2007-03-31": "", "2006-12-31": 0, "2006-09-30": 0, "2006-06-30": 0, "2006-03-31": "-105.05900", "2005-12-31": -2.239, "2005-09-30": -0.733, "2005-06-30": -39.35, "2005-03-31": "-1.00400"}, "Financial Activities - Other": {"2020-12-31": 455, "2020-09-30": 0, "2020-06-30": -393, "2020-03-31": "-62.00000", "2019-12-31": -156, "2019-09-30": 71, "2019-06-30": 145, "2019-03-31": "6.00000", "2018-12-31": -56, "2018-09-30": 56, "2018-06-30": -213, "2018-03-31": "-42.00000", "2017-12-31": 320, "2017-09-30": -358, "2017-06-30": 422, "2017-03-31": "16.00000", "2016-12-31": -10, "2016-09-30": -1, "2016-06-30": -23, "2016-03-31": "-72.00000", "2015-12-31": -28, "2015-09-30": 10, "2015-06-30": 0, "2015-03-31": "-22.00000", "2014-12-31": 27, "2014-09-30": 0, "2014-06-30": 1, "2014-03-31": "-17.00000", "2013-12-31": -3, "2013-09-30": -3, "2013-06-30": 8, "2013-03-31": "1.00000", "2012-12-31": 1, "2012-09-30": -1, "2012-06-30": -1, "2012-03-31": "1.00000", "2011-12-31": 7, "2011-09-30": -10, "2011-06-30": 13, "2011-03-31": "3.00000", "2010-12-31": 2, "2010-09-30": -2, "2010-06-30": 4, "2010-03-31": "-1.00000", "2009-12-31": -6, "2009-09-30": -8, "2009-06-30": 9, "2009-03-31": "1.00000", "2008-12-31": 0, "2008-09-30": 2, "2008-06-30": 1, "2008-03-31": "2.00000", "2007-12-31": 6.608, "2007-09-30": 4.824, "2007-06-30": 2.517, "2007-03-31": "2.05100", "2006-12-31": 4.551, "2006-09-30": 1.216, "2006-06-30": 3.719, "2006-03-31": "15.27200", "2005-12-31": 0, "2005-09-30": 0, "2005-06-30": 0.022, "2005-03-31": "-0.02200"}, "Cash Flow From Financial Activities": {"2020-12-31": 408, "2020-09-30": -114, "2020-06-30": -762, "2020-03-31": "468.00000", "2019-12-31": -208, "2019-09-30": -156, "2019-06-30": -271, "2019-03-31": "-302.00000", "2018-12-31": -121, "2018-09-30": -71, "2018-06-30": -498, "2018-03-31": "-337.00000", "2017-12-31": 365, "2017-09-30": 46, "2017-06-30": -272, "2017-03-31": "-192.00000", "2016-12-31": -69, "2016-09-30": -135, "2016-06-30": 1124, "2016-03-31": "28.00000", "2015-12-31": -179, "2015-09-30": -133, "2015-06-30": -92, "2015-03-31": "4.00000", "2014-12-31": -45, "2014-09-30": -42, "2014-06-30": -220, "2014-03-31": "-153.00000", "2013-12-31": -109, "2013-09-30": -121, "2013-06-30": 812, "2013-03-31": "-35.00000", "2012-12-31": -76, "2012-09-30": -86, "2012-06-30": -158, "2012-03-31": "-159.00000", "2011-12-31": -220, "2011-09-30": -9, "2011-06-30": -69, "2011-03-31": "-27.00000", "2010-12-31": -165, "2010-09-30": -172, "2010-06-30": -190, "2010-03-31": "-68.00000", "2009-12-31": -4, "2009-09-30": -121, "2009-06-30": -133, "2009-03-31": "-78.00000", "2008-12-31": -17, "2008-09-30": 916, "2008-06-30": 2, "2008-03-31": "1128.00000", "2007-12-31": 12.883, "2007-09-30": -1045.848, "2007-06-30": 3.406, "2007-03-31": "1.55900", "2006-12-31": -93.273, "2006-09-30": -15.347, "2006-06-30": 1102.253, "2006-03-31": "236.43300", "2005-12-31": 740.729, "2005-09-30": 17.415, "2005-06-30": 182.011, "2005-03-31": "-0.62400"}, "Net Cash Flow": {"2020-12-31": -255, "2020-09-30": -124, "2020-06-30": -303, "2020-03-31": "682.00000", "2019-12-31": 29, "2019-09-30": -30, "2019-06-30": -176, "2019-03-31": "-47.00000", "2018-12-31": 210, "2018-09-30": 20, "2018-06-30": -73, "2018-03-31": "30.00000", "2017-12-31": -152, "2017-09-30": 177, "2017-06-30": -90, "2017-03-31": "46.00000", "2016-12-31": 142, "2016-09-30": -90, "2016-06-30": 14, "2016-03-31": "-5.00000", "2015-12-31": 18, "2015-09-30": -34, "2015-06-30": -4, "2015-03-31": "-99.00000", "2014-12-31": 106, "2014-09-30": -28, "2014-06-30": -70, "2014-03-31": "-14.00000", "2013-12-31": 98, "2013-09-30": -79, "2013-06-30": -212, "2013-03-31": "94.00000", "2012-12-31": 59, "2012-09-30": -53, "2012-06-30": -34, "2012-03-31": "19.00000", "2011-12-31": -37, "2011-09-30": -35, "2011-06-30": 139, "2011-03-31": "124.00000", "2010-12-31": -21, "2010-09-30": -190, "2010-06-30": -9, "2010-03-31": "-59.00000", "2009-12-31": 283, "2009-09-30": -108, "2009-06-30": 86, "2009-03-31": "-41.00000", "2008-12-31": -8, "2008-09-30": -314, "2008-06-30": -2, "2008-03-31": "-627.00000", "2007-12-31": 66.333, "2007-09-30": 683.664, "2007-06-30": 81.749, "2007-03-31": "171.25400", "2006-12-31": -118.55, "2006-09-30": -48.272, "2006-06-30": 113.912, "2006-03-31": "209.66800", "2005-12-31": -123.527, "2005-09-30": -15.522, "2005-06-30": 220.345, "2005-03-31": "25.75500"}, "Stock-Based Compensation": {"2020-12-31": -64, "2020-09-30": 24, "2020-06-30": 23, "2020-03-31": "17.00000", "2019-12-31": 22, "2019-09-30": 21, "2019-06-30": 20, "2019-03-31": "16.00000", "2018-12-31": 18, "2018-09-30": 18, "2018-06-30": 18, "2018-03-31": "15.00000", "2017-12-31": 18, "2017-09-30": 18, "2017-06-30": 19, "2017-03-31": "15.00000", "2016-12-31": 31, "2016-09-30": 20, "2016-06-30": 19, "2016-03-31": "16.00000", "2015-12-31": 19, "2015-09-30": 17, "2015-06-30": 18, "2015-03-31": "14.00000", "2014-12-31": 17, "2014-09-30": 15, "2014-06-30": 16, "2014-03-31": "14.00000", "2013-12-31": 15, "2013-09-30": 14, "2013-06-30": 9, "2013-03-31": "9.00000", "2012-12-31": 12, "2012-09-30": 12, "2012-06-30": 12, "2012-03-31": "10.00000", "2011-12-31": 10, "2011-09-30": 9, "2011-06-30": 10, "2011-03-31": "7.00000", "2010-12-31": 8, "2010-09-30": 8, "2010-06-30": 9, "2010-03-31": "8.00000", "2009-12-31": 10, "2009-09-30": 8, "2009-06-30": 9, "2009-03-31": "8.00000", "2008-12-31": 8, "2008-09-30": 6, "2008-06-30": 7, "2008-03-31": "5.00000", "2007-12-31": 5.12, "2007-09-30": 4.316, "2007-06-30": 4.088, "2007-03-31": "3.47600", "2006-12-31": 2.35, "2006-09-30": 2.077, "2006-06-30": 2.688, "2006-03-31": "2.75600", "2005-12-31": 0.046, "2005-09-30": 0.532, "2005-06-30": 0.463, "2005-03-31": "0.31700"}, "Common Stock Dividends Paid": {"2020-12-31": 239, "2020-09-30": -81, "2020-06-30": -80, "2020-03-31": "-78.00000", "2019-12-31": -77, "2019-09-30": -78, "2019-06-30": -77, "2019-03-31": "-73.00000", "2018-12-31": -72, "2018-09-30": -73, "2018-06-30": -72, "2018-03-31": "-63.00000", "2017-12-31": -63, "2017-09-30": -64, "2017-06-30": -63, "2017-03-31": "-53.00000", "2016-12-31": -53, "2016-09-30": -53, "2016-06-30": -53, "2016-03-31": "-41.00000", "2015-12-31": -41, "2015-09-30": -40, "2015-06-30": -43, "2015-03-31": "-25.00000", "2014-12-31": -25, "2014-09-30": -26, "2014-06-30": -25, "2014-03-31": "-22.00000", "2013-12-31": -22, "2013-09-30": -22, "2013-06-30": -22, "2013-03-31": "-21.00000", "2012-12-31": -22, "2012-09-30": -21, "2012-06-30": -22, "2012-03-31": "0.00000", "2011-12-31": 0, "2011-09-30": 0, "2011-06-30": 0, "2011-03-31": "", "2010-12-31": 0, "2010-09-30": 0, "2010-06-30": 0, "2010-03-31": "", "2009-12-31": 0, "2009-09-30": 0, "2009-06-30": 0, "2009-03-31": "", "2008-12-31": 0, "2008-09-30": 0, "2008-06-30": 0, "2008-03-31": "", "2007-12-31": 0, "2007-09-30": 0, "2007-06-30": 0, "2007-03-31": "", "2006-12-31": 0, "2006-09-30": 0, "2006-06-30": 0, "2006-03-31": "", "2005-12-31": 0, "2005-09-30": 0, "2005-06-30": 0, "2005-03-31": ""}}, "financial ratios": {"Current Ratio": {"2019-12-31": "1.01490", "2018-12-31": "0.96960", "2017-12-31": "1.05270", "2016-12-31": "1.11710", "2015-12-31": "1.11640", "2014-12-31": "1.14090", "2013-12-31": "1.12960", "2012-12-31": "1.46560", "2011-12-31": "1.08990", "2010-12-31": "1.03390", "2009-12-31": "1.18080", "2008-12-31": "1.06910", "2007-12-31": "4.09050", "2006-12-31": "5.02140", "2005-12-31": "1.83500"}, "Long-term Debt / Capital": {"2019-12-31": "0.34700", "2018-12-31": "0.35170", "2017-12-31": "0.38790", "2016-12-31": "0.39890", "2015-12-31": "0.29650", "2014-12-31": "0.28390", "2013-12-31": "0.29510", "2012-12-31": "0.26100", "2011-12-31": "0.29360", "2010-12-31": "0.31560", "2009-12-31": "0.27410", "2008-12-31": "0.34820", "2007-12-31": "0.05090", "2006-12-31": "0.50600", "2005-12-31": "0.82400"}, "Debt/Equity Ratio": {"2019-12-31": "0.60060", "2018-12-31": "0.70310", "2017-12-31": "0.71550", "2016-12-31": "0.66350", "2015-12-31": "0.42150", "2014-12-31": "0.39640", "2013-12-31": "0.42590", "2012-12-31": "0.37930", "2011-12-31": "0.42460", "2010-12-31": "0.49080", "2009-12-31": "0.42310", "2008-12-31": "0.58660", "2007-12-31": "0.05360", "2006-12-31": "1.03180", "2005-12-31": "4.71300"}, "Gross Margin": {"2019-12-31": "59.47910", "2018-12-31": "59.06010", "2017-12-31": "61.06890", "2016-12-31": "61.44710", "2015-12-31": "61.41640", "2014-12-31": "59.05710", "2013-12-31": "59.01590", "2012-12-31": "53.65390", "2011-12-31": "49.15650", "2010-12-31": "47.50860", "2009-12-31": "42.59750", "2008-12-31": "40.00000", "2007-12-31": "33.33330", "2006-12-31": "41.46490", "2005-12-31": "59.77950"}, "Operating Margin": {"2019-12-31": "23.86200", "2018-12-31": "24.03550", "2017-12-31": "25.10130", "2016-12-31": "22.57020", "2015-12-31": "21.15780", "2014-12-31": "21.54290", "2013-12-31": "21.42640", "2012-12-31": "22.11540", "2011-12-31": "20.24430", "2010-12-31": "19.77440", "2009-12-31": "17.67810", "2008-12-31": "17.53430", "2007-12-31": "14.98360", "2006-12-31": "13.27360", "2005-12-31": "12.91750"}, "EBIT Margin": {"2019-12-31": "23.86200", "2018-12-31": "24.03550", "2017-12-31": "25.10130", "2016-12-31": "22.57020", "2015-12-31": "21.15780", "2014-12-31": "21.54290", "2013-12-31": "21.42640", "2012-12-31": "22.11540", "2011-12-31": "20.24430", "2010-12-31": "19.77440", "2009-12-31": "17.67810", "2008-12-31": "17.53430", "2007-12-31": "14.98360", "2006-12-31": "13.27360", "2005-12-31": "12.91750"}, "EBITDA Margin": {"2019-12-31": "28.32000", "2018-12-31": "28.94550", "2017-12-31": "29.86320", "2016-12-31": "27.15980", "2015-12-31": "25.21310", "2014-12-31": "25.45710", "2013-12-31": "25.22580", "2012-12-31": "25.44870", "2011-12-31": "23.58930", "2010-12-31": "23.19020", "2009-12-31": "21.04960", "2008-12-31": "20.08220", "2007-12-31": "16.58460", "2006-12-31": "17.55140", "2005-12-31": "20.53020"}, "Pre-Tax Profit Margin": {"2019-12-31": "23.90900", "2018-12-31": "24.87730", "2017-12-31": "22.08710", "2016-12-31": "3.59070", "2015-12-31": "18.51310", "2014-12-31": "16.97140", "2013-12-31": "18.68580", "2012-12-31": "17.56410", "2011-12-31": "16.66670", "2010-12-31": "16.48390", "2009-12-31": "11.46290", "2008-12-31": "14.05480", "2007-12-31": "32.59440", "2006-12-31": "12.85730", "2005-12-31": "12.07630"}, "Net Profit Margin": {"2019-12-31": "18.16050", "2018-12-31": "10.70840", "2017-12-31": "18.46510", "2016-12-31": "2.86180", "2015-12-31": "12.57710", "2014-12-31": "11.82860", "2013-12-31": "11.99000", "2012-12-31": "11.28210", "2011-12-31": "11.25650", "2010-12-31": "12.34720", "2009-12-31": "7.79830", "2008-12-31": "8.60270", "2007-12-31": "21.26440", "2006-12-31": "7.67310", "2005-12-31": "6.26110"}, "Asset Turnover": {"2019-12-31": "0.30610", "2018-12-31": "0.27240", "2017-12-31": "0.25710", "2016-12-31": "0.26180", "2015-12-31": "0.28690", "2014-12-31": "0.29000", "2013-12-31": "0.25530", "2012-12-31": "0.34170", "2011-12-31": "0.24400", "2010-12-31": "0.19690", "2009-12-31": "0.31810", "2008-12-31": "0.28620", "2007-12-31": "0.81760", "2006-12-31": "0.44610", "2005-12-31": "0.42990"}, "Inventory Turnover Ratio": {"2019-12-31": "", "2018-12-31": "", "2017-12-31": "", "2016-12-31": "", "2015-12-31": "", "2014-12-31": "", "2013-12-31": "", "2012-12-31": "", "2011-12-31": "", "2010-12-31": "", "2009-12-31": "", "2008-12-31": "", "2007-12-31": "", "2006-12-31": "", "2005-12-31": ""}, "Receiveable Turnover": {"2019-12-31": "10.09950", "2018-12-31": "11.13800", "2017-12-31": "11.08990", "2016-12-31": "8.63400", "2015-12-31": "10.76900", "2014-12-31": "8.99740", "2013-12-31": "8.17050", "2012-12-31": "9.36940", "2011-12-31": "11.16230", "2010-12-31": "10.70810", "2009-12-31": "11.33220", "2008-12-31": "10.76700", "2007-12-31": "9.76260", "2006-12-31": "7.10680", "2005-12-31": "4.23790"}, "Days Sales In Receivables": {"2019-12-31": "36.14030", "2018-12-31": "32.77060", "2017-12-31": "32.91290", "2016-12-31": "42.27460", "2015-12-31": "33.89360", "2014-12-31": "40.56720", "2013-12-31": "44.67300", "2012-12-31": "38.95670", "2011-12-31": "32.69930", "2010-12-31": "34.08650", "2009-12-31": "32.20900", "2008-12-31": "33.90000", "2007-12-31": "37.38760", "2006-12-31": "51.35920", "2005-12-31": "86.12800"}, "ROE - Return On Equity": {"2019-12-31": "13.72580", "2018-12-31": "8.40520", "2017-12-31": "12.39800", "2016-12-31": "1.95210", "2015-12-31": "7.61280", "2014-12-31": "7.12810", "2013-12-31": "6.20960", "2012-12-31": "6.69990", "2011-12-31": "7.68150", "2010-12-31": "8.22580", "2009-12-31": "5.31960", "2008-12-31": "7.32050", "2007-12-31": "23.45710", "2006-12-31": "8.77570", "2005-12-31": "39.04680"}, "Return On Tangible Equity": {"2019-12-31": "-26.00810", "2018-12-31": "-14.25020", "2017-12-31": "-22.96790", "2016-12-31": "-3.93910", "2015-12-31": "-24.46990", "2014-12-31": "-22.67990", "2013-12-31": "-16.08040", "2012-12-31": "-19.65090", "2011-12-31": "-22.22870", "2010-12-31": "-18.37510", "2009-12-31": "-17.68660", "2008-12-31": "-17.77650", "2007-12-31": "49.52510", "2006-12-31": "55.85090", "2005-12-31": "-6.67380"}, "ROA - Return On Assets": {"2019-12-31": "5.55870", "2018-12-31": "2.91720", "2017-12-31": "4.74790", "2016-12-31": "0.74910", "2015-12-31": "3.60000", "2014-12-31": "3.42140", "2013-12-31": "3.05320", "2012-12-31": "3.82170", "2011-12-31": "2.71800", "2010-12-31": "2.40020", "2009-12-31": "2.45290", "2008-12-31": "2.47020", "2007-12-31": "17.38610", "2006-12-31": "3.44130", "2005-12-31": "3.01400"}, "ROI - Return On Investment": {"2019-12-31": "8.96350", "2018-12-31": "5.44910", "2017-12-31": "7.58820", "2016-12-31": "1.17350", "2015-12-31": "5.35560", "2014-12-31": "5.10440", "2013-12-31": "4.37710", "2012-12-31": "4.95110", "2011-12-31": "5.42650", "2010-12-31": "5.62950", "2009-12-31": "3.86140", "2008-12-31": "4.77130", "2007-12-31": "22.26310", "2006-12-31": "4.33490", "2005-12-31": "4.29020"}, "Book Value Per Share": {"2019-12-31": "34.15630", "2018-12-31": "32.99130", "2017-12-31": "35.11690", "2016-12-31": "32.59720", "2015-12-31": "34.13380", "2014-12-31": "34.32570", "2013-12-31": "36.51460", "2012-12-31": "31.45420", "2011-12-31": "28.72900", "2010-12-31": "26.90250", "2009-12-31": "23.38860", "2008-12-31": "21.31290", "2007-12-31": "15.90190", "2006-12-31": "12.97530", "2005-12-31": "3.04280"}, "Operating Cash Flow Per Share": {"2019-12-31": -0.3628, "2018-12-31": 0.7702, "2017-12-31": 0.763, "2016-12-31": 0.3527, "2015-12-31": 0.5916, "2014-12-31": 0.3013, "2013-12-31": -0.0555, "2012-12-31": -0.3094, "2011-12-31": 1.5858, "2010-12-31": -0.5822, "2009-12-31": 1.6566, "2008-12-31": -0.078, "2007-12-31": -0.2599, "2006-12-31": 0.3138, "2005-12-31": 1.0803}, "Free Cash Flow Per Share": {"2019-12-31": -0.4615, "2018-12-31": 0.9574, "2017-12-31": 0.7077, "2016-12-31": 0.3354, "2015-12-31": 0.6243, "2014-12-31": 0.1636, "2013-12-31": -0.2229, "2012-12-31": -0.3247, "2011-12-31": 1.3004, "2010-12-31": -0.5106, "2009-12-31": 1.6506, "2008-12-31": -0.229, "2007-12-31": -0.444, "2006-12-31": 0.4457, "2005-12-31": 1.0145}}, "financial ratios, quarterly": {"Current Ratio": {"2020-09-30": "1.15600", "2020-06-30": "1.10990", "2020-03-31": "0.96700", "2019-12-31": "1.01490", "2019-09-30": "0.94770", "2019-06-30": "0.96290", "2019-03-31": "0.83960", "2018-12-31": "0.96960", "2018-09-30": "0.94100", "2018-06-30": "0.93150", "2018-03-31": "0.93410", "2017-12-31": "1.05270", "2017-09-30": "1.15310", "2017-06-30": "0.98680", "2017-03-31": "1.01250", "2016-12-31": "1.11710", "2016-09-30": "1.07200", "2016-06-30": "1.06690", "2016-03-31": "1.06620", "2015-12-31": "1.11640", "2015-09-30": "1.10800", "2015-06-30": "1.09540", "2015-03-31": "1.07210", "2014-12-31": "1.14090", "2014-09-30": "1.11370", "2014-06-30": "1.08590", "2014-03-31": "0.98350", "2013-12-31": "1.12960", "2013-09-30": "1.13480", "2013-06-30": "1.08030", "2013-03-31": "1.44340", "2012-12-31": "1.46560", "2012-09-30": "1.65090", "2012-06-30": "1.42860", "2012-03-31": "1.63680", "2011-12-31": "1.08990", "2011-09-30": "1.14000", "2011-06-30": "1.08620", "2011-03-31": "1.03880", "2010-12-31": "1.03390", "2010-09-30": "1.21670", "2010-06-30": "1.23740", "2010-03-31": "1.25330", "2009-12-31": "1.18080", "2009-09-30": "1.12380", "2009-06-30": "1.10700", "2009-03-31": "1.06900", "2008-12-31": "1.06910", "2008-09-30": "1.31790", "2008-06-30": "1.35580", "2008-03-31": "1.36840", "2007-12-31": "4.09050", "2007-09-30": "3.26000", "2007-06-30": "4.19860", "2007-03-31": "4.37440", "2006-12-31": "5.02140", "2006-09-30": "6.10640", "2006-06-30": "5.82800", "2006-03-31": "2.47810", "2005-12-31": "1.83500", "2005-09-30": "3.00690", "2005-06-30": "2.76300", "2005-03-31": "1.79600"}, "Long-term Debt / Capital": {"2020-09-30": "0.37260", "2020-06-30": "0.37690", "2020-03-31": "0.35430", "2019-12-31": "0.34700", "2019-09-30": "0.35560", "2019-06-30": "0.35250", "2019-03-31": "0.29760", "2018-12-31": "0.35170", "2018-09-30": "0.35420", "2018-06-30": "0.35720", "2018-03-31": "0.35530", "2017-12-31": "0.38790", "2017-09-30": "0.38490", "2017-06-30": "0.35420", "2017-03-31": "0.37720", "2016-12-31": "0.39890", "2016-09-30": "0.39070", "2016-06-30": "0.39490", "2016-03-31": "0.31050", "2015-12-31": "0.29650", "2015-09-30": "0.30340", "2015-06-30": "0.28520", "2015-03-31": "0.29370", "2014-12-31": "0.28390", "2014-09-30": "0.27710", "2014-06-30": "0.27950", "2014-03-31": "0.25040", "2013-12-31": "0.29510", "2013-09-30": "0.30620", "2013-06-30": "0.31100", "2013-03-31": "0.26010", "2012-12-31": "0.26100", "2012-09-30": "0.27430", "2012-06-30": "0.28190", "2012-03-31": "0.27540", "2011-12-31": "0.29360", "2011-09-30": "0.30260", "2011-06-30": "0.28620", "2011-03-31": "0.29920", "2010-12-31": "0.31560", "2010-09-30": "0.26660", "2010-06-30": "0.28950", "2010-03-31": "0.28710", "2009-12-31": "0.27410", "2009-09-30": "0.27860", "2009-06-30": "0.31650", "2009-03-31": "0.34370", "2008-12-31": "0.34820", "2008-09-30": "0.33080", "2008-06-30": "0.24680", "2008-03-31": "0.25450", "2007-12-31": "0.05090", "2007-09-30": "0.19920", "2007-06-30": "0.48140", "2007-03-31": "0.50830", "2006-12-31": "0.50600", "2006-09-30": "0.54760", "2006-06-30": "0.57770", "2006-03-31": "0.69410", "2005-12-31": "0.82400", "2005-09-30": "0.69490", "2005-06-30": "0.74050", "2005-03-31": "0.61130"}, "Debt/Equity Ratio": {"2020-09-30": "0.59380", "2020-06-30": "0.60480", "2020-03-31": "0.76100", "2019-12-31": "0.60060", "2019-09-30": "0.65290", "2019-06-30": "0.62850", "2019-03-31": "0.64930", "2018-12-31": "0.70310", "2018-09-30": "0.69260", "2018-06-30": "0.69420", "2018-03-31": "0.71880", "2017-12-31": "0.71550", "2017-09-30": "0.65270", "2017-06-30": "0.63700", "2017-03-31": "0.67660", "2016-12-31": "0.66350", "2016-09-30": "0.64460", "2016-06-30": "0.65260", "2016-03-31": "0.45020", "2015-12-31": "0.42150", "2015-09-30": "0.43910", "2015-06-30": "0.39910", "2015-03-31": "0.41590", "2014-12-31": "0.39640", "2014-09-30": "0.38330", "2014-06-30": "0.38790", "2014-03-31": "0.40290", "2013-12-31": "0.42590", "2013-09-30": "0.44880", "2013-06-30": "0.47500", "2013-03-31": "0.37790", "2012-12-31": "0.37930", "2012-09-30": "0.38670", "2012-06-30": "0.40160", "2012-03-31": "0.38890", "2011-12-31": "0.42460", "2011-09-30": "0.44300", "2011-06-30": "0.42810", "2011-03-31": "0.45460", "2010-12-31": "0.49080", "2010-09-30": "0.39110", "2010-06-30": "0.43720", "2010-03-31": "0.42410", "2009-12-31": "0.42310", "2009-09-30": "0.42020", "2009-06-30": "0.51300", "2009-03-31": "0.57650", "2008-12-31": "0.58660", "2008-09-30": "0.53760", "2008-06-30": "0.34860", "2008-03-31": "0.35630", "2007-12-31": "0.05360", "2007-09-30": "0.24880", "2007-06-30": "0.93480", "2007-03-31": "1.04110", "2006-12-31": "1.03180", "2006-09-30": "1.21920", "2006-06-30": "1.37800", "2006-03-31": "2.28360", "2005-12-31": "4.71300", "2005-09-30": "2.27760", "2005-06-30": "2.85400", "2005-03-31": "1.57250"}, "Gross Margin": {"2020-09-30": "50.56580", "2020-06-30": "50.00000", "2020-03-31": "51.81080", "2019-12-31": "60.60040", "2019-09-30": "57.66420", "2019-06-30": "58.71820", "2019-03-31": "61.02020", "2018-12-31": "56.82820", "2018-09-30": "62.24070", "2018-06-30": "59.88320", "2018-03-31": "57.86270", "2017-12-31": "61.86270", "2017-09-30": "62.48710", "2017-06-30": "59.95980", "2017-03-31": "59.95870", "2016-12-31": "61.45940", "2016-09-30": "62.97090", "2016-06-30": "62.31880", "2016-03-31": "59.00550", "2015-12-31": "61.82240", "2015-09-30": "60.73480", "2015-06-30": "64.18840", "2015-03-31": "59.09090", "2014-12-31": "56.36560", "2014-09-30": "60.75800", "2014-06-30": "60.46240", "2014-03-31": "58.90870", "2013-12-31": "61.32080", "2013-09-30": "62.85710", "2013-06-30": "55.40540", "2013-03-31": "56.18280", "2012-12-31": "55.76160", "2012-09-30": "55.22790", "2012-06-30": "52.39260", "2012-03-31": "51.49250", "2011-12-31": "50.59380", "2011-09-30": "46.18640", "2011-06-30": "49.58180", "2011-03-31": "50.67480", "2010-12-31": "50.70790", "2010-09-30": "49.14140", "2010-06-30": "44.01810", "2010-03-31": "46.69260", "2009-12-31": "45.04280", "2009-09-30": "43.08640", "2009-06-30": "41.28230", "2009-03-31": "41.22910", "2008-12-31": "39.35550", "2008-09-30": "40.30300", "2008-06-30": "46.22870", "2008-03-31": "34.15230", "2007-12-31": "31.82890", "2007-09-30": "32.20190", "2007-06-30": "35.59290", "2007-03-31": "34.17880", "2006-12-31": "40.89750", "2006-09-30": "42.48380", "2006-06-30": "41.63930", "2006-03-31": "40.88900", "2005-12-31": "53.40580", "2005-09-30": "59.25840", "2005-06-30": "59.38520", "2005-03-31": "70.07930"}, "Operating Margin": {"2020-09-30": "23.05520", "2020-06-30": "22.53220", "2020-03-31": "20.32520", "2019-12-31": "24.39020", "2019-09-30": "20.62040", "2019-06-30": "24.12820", "2019-03-31": "26.46780", "2018-12-31": "21.14540", "2018-09-30": "25.51870", "2018-06-30": "26.19280", "2018-03-31": "23.71850", "2017-12-31": "23.62750", "2017-09-30": "27.15030", "2017-06-30": "24.34610", "2017-03-31": "25.38700", "2016-12-31": "21.58270", "2016-09-30": "25.08070", "2016-06-30": "19.39800", "2016-03-31": "24.19890", "2015-12-31": "28.25840", "2015-09-30": "26.52120", "2015-06-30": "26.88970", "2015-03-31": "3.14690", "2014-12-31": "18.71600", "2014-09-30": "25.30560", "2014-06-30": "22.08090", "2014-03-31": "20.49000", "2013-12-31": "27.94810", "2013-09-30": "25.09320", "2013-06-30": "19.53320", "2013-03-31": "12.09680", "2012-12-31": "23.04640", "2012-09-30": "22.78820", "2012-06-30": "21.47240", "2012-03-31": "21.26870", "2011-12-31": "19.00240", "2011-09-30": "20.65680", "2011-06-30": "18.87690", "2011-03-31": "22.45400", "2010-12-31": "22.52250", "2010-09-30": "21.79660", "2010-06-30": "20.20320", "2010-03-31": "14.52660", "2009-12-31": "17.99270", "2009-09-30": "16.17280", "2009-06-30": "17.88530", "2009-03-31": "18.54750", "2008-12-31": "17.57810", "2008-09-30": "17.37370", "2008-06-30": "18.85650", "2008-03-31": "16.33910", "2007-12-31": "15.22530", "2007-09-30": "12.83910", "2007-06-30": "17.70890", "2007-03-31": "14.47900", "2006-12-31": "16.54120", "2006-09-30": "16.84440", "2006-06-30": "8.83870", "2006-03-31": "10.55200", "2005-12-31": "12.79790", "2005-09-30": "14.22540", "2005-06-30": "11.98210", "2005-03-31": "12.62980"}, "EBIT Margin": {"2020-09-30": "23.05520", "2020-06-30": "22.53220", "2020-03-31": "20.32520", "2019-12-31": "24.39020", "2019-09-30": "20.62040", "2019-06-30": "24.12820", "2019-03-31": "26.46780", "2018-12-31": "21.14540", "2018-09-30": "25.51870", "2018-06-30": "26.19280", "2018-03-31": "23.71850", "2017-12-31": "23.62750", "2017-09-30": "27.15030", "2017-06-30": "24.34610", "2017-03-31": "25.38700", "2016-12-31": "21.58270", "2016-09-30": "25.08070", "2016-06-30": "19.39800", "2016-03-31": "24.19890", "2015-12-31": "28.25840", "2015-09-30": "26.52120", "2015-06-30": "26.88970", "2015-03-31": "3.14690", "2014-12-31": "18.71600", "2014-09-30": "25.30560", "2014-06-30": "22.08090", "2014-03-31": "20.49000", "2013-12-31": "27.94810", "2013-09-30": "25.09320", "2013-06-30": "19.53320", "2013-03-31": "12.09680", "2012-12-31": "23.04640", "2012-09-30": "22.78820", "2012-06-30": "21.47240", "2012-03-31": "21.26870", "2011-12-31": "19.00240", "2011-09-30": "20.65680", "2011-06-30": "18.87690", "2011-03-31": "22.45400", "2010-12-31": "22.52250", "2010-09-30": "21.79660", "2010-06-30": "20.20320", "2010-03-31": "14.52660", "2009-12-31": "17.99270", "2009-09-30": "16.17280", "2009-06-30": "17.88530", "2009-03-31": "18.54750", "2008-12-31": "17.57810", "2008-09-30": "17.37370", "2008-06-30": "18.85650", "2008-03-31": "16.33910", "2007-12-31": "15.22520", "2007-09-30": "12.83910", "2007-06-30": "17.70890", "2007-03-31": "14.47900", "2006-12-31": "16.54120", "2006-09-30": "16.84440", "2006-06-30": "8.83870", "2006-03-31": "10.55200", "2005-12-31": "12.79790", "2005-09-30": "14.22540", "2005-06-30": "11.98210", "2005-03-31": "12.62980"}, "EBITDA Margin": {"2020-09-30": "", "2020-06-30": "", "2020-03-31": "", "2019-12-31": "", "2019-09-30": "", "2019-06-30": "", "2019-03-31": "", "2018-12-31": "", "2018-09-30": "", "2018-06-30": "", "2018-03-31": "", "2017-12-31": "", "2017-09-30": "", "2017-06-30": "", "2017-03-31": "", "2016-12-31": "", "2016-09-30": "", "2016-06-30": "", "2016-03-31": "", "2015-12-31": "", "2015-09-30": "", "2015-06-30": "", "2015-03-31": "", "2014-12-31": "", "2014-09-30": "", "2014-06-30": "", "2014-03-31": "", "2013-12-31": "", "2013-09-30": "", "2013-06-30": "", "2013-03-31": "", "2012-12-31": "", "2012-09-30": "", "2012-06-30": "", "2012-03-31": "", "2011-12-31": "", "2011-09-30": "", "2011-06-30": "", "2011-03-31": "", "2010-12-31": "", "2010-09-30": "", "2010-06-30": "", "2010-03-31": "", "2009-12-31": "", "2009-09-30": "", "2009-06-30": "", "2009-03-31": "", "2008-12-31": "", "2008-09-30": "", "2008-06-30": "", "2008-03-31": "", "2007-12-31": "", "2007-09-30": "", "2007-06-30": "", "2007-03-31": "", "2006-12-31": "", "2006-09-30": "", "2006-06-30": "", "2006-03-31": "", "2005-12-31": "", "2005-09-30": "", "2005-06-30": "", "2005-03-31": ""}, "Pre-Tax Profit Margin": {"2020-09-30": "25.24750", "2020-06-30": "22.60370", "2020-03-31": "20.17740", "2019-12-31": "23.63980", "2019-09-30": "19.61680", "2019-06-30": "22.52590", "2019-03-31": "30.12510", "2018-12-31": "28.89870", "2018-09-30": "21.68050", "2018-06-30": "28.04280", "2018-03-31": "20.76460", "2017-12-31": "20.78430", "2017-09-30": "24.24870", "2017-06-30": "21.22740", "2017-03-31": "22.18780", "2016-12-31": "-41.82940", "2016-09-30": "21.42090", "2016-06-30": "16.27650", "2016-03-31": "21.54700", "2015-12-31": "25.14420", "2015-09-30": "23.65100", "2015-06-30": "23.79180", "2015-03-31": "1.63170", "2014-12-31": "10.55500", "2014-09-30": "21.88260", "2014-06-30": "18.72830", "2014-03-31": "17.37190", "2013-12-31": "27.71230", "2013-09-30": "21.24220", "2013-06-30": "16.58480", "2013-03-31": "7.93010", "2012-12-31": "20.13250", "2012-09-30": "17.96250", "2012-06-30": "15.33740", "2012-03-31": "17.03980", "2011-12-31": "14.25180", "2011-09-30": "18.00850", "2011-06-30": "15.65110", "2011-03-31": "18.65030", "2010-12-31": "19.04760", "2010-09-30": "18.89040", "2010-06-30": "16.47860", "2010-03-31": "11.54350", "2009-12-31": "6.24240", "2009-09-30": "10.37040", "2009-06-30": "12.82340", "2009-03-31": "15.86590", "2008-12-31": "7.22660", "2008-09-30": "9.69700", "2008-06-30": "18.00490", "2008-03-31": "23.95580", "2007-12-31": "19.91860", "2007-09-30": "82.30260", "2007-06-30": "16.89950", "2007-03-31": "5.48950", "2006-12-31": "23.57270", "2006-09-30": "12.38750", "2006-06-30": "6.74860", "2006-03-31": "7.56610", "2005-12-31": "11.35010", "2005-09-30": "13.92190", "2005-06-30": "11.28250", "2005-03-31": "11.83230"}, "Net Profit Margin": {"2020-09-30": "18.67040", "2020-06-30": "17.23890", "2020-03-31": "15.00370", "2019-12-31": "19.04320", "2019-09-30": "13.68610", "2019-06-30": "16.39960", "2019-03-31": "23.77290", "2018-12-31": "-3.87670", "2018-09-30": "16.90870", "2018-06-30": "15.77410", "2018-03-31": "15.37790", "2017-12-31": "24.01960", "2017-09-30": "17.61660", "2017-06-30": "14.68810", "2017-03-31": "17.33750", "2016-12-31": "-23.32990", "2016-09-30": "14.10120", "2016-06-30": "7.80380", "2016-03-31": "14.58560", "2015-12-31": "17.07040", "2015-09-30": "15.84390", "2015-06-30": "16.48080", "2015-03-31": "1.04900", "2014-12-31": "9.46680", "2014-09-30": "15.03670", "2014-06-30": "11.67630", "2014-03-31": "11.46990", "2013-12-31": "16.74530", "2013-09-30": "14.03730", "2013-06-30": "10.81080", "2013-03-31": "5.64520", "2012-12-31": "11.25830", "2012-09-30": "11.93030", "2012-06-30": "11.41100", "2012-03-31": "10.57210", "2011-12-31": "9.62000", "2011-09-30": "11.65250", "2011-06-30": "10.99160", "2011-03-31": "12.76070", "2010-12-31": "17.50320", "2010-09-30": "13.34210", "2010-06-30": "10.83520", "2010-03-31": "7.91180", "2009-12-31": "5.26320", "2009-09-30": "7.40740", "2009-06-30": "7.76150", "2009-03-31": "10.50280", "2008-12-31": "3.41800", "2008-09-30": "5.85860", "2008-06-30": "12.16550", "2008-03-31": "14.86490", "2007-12-31": "11.83370", "2007-09-30": "55.98390", "2007-06-30": "10.05520", "2007-03-31": "3.25940", "2006-12-31": "14.08140", "2006-09-30": "7.50290", "2006-06-30": "4.04930", "2006-03-31": "4.36550", "2005-12-31": "6.20240", "2005-09-30": "7.45060", "2005-06-30": "5.33810", "2005-03-31": "6.01580"}, "Asset Turnover": {"2020-09-30": "0.09530", "2020-06-30": "0.09600", "2020-03-31": "0.09140", "2019-12-31": "0.07660", "2019-09-30": "0.08440", "2019-06-30": "0.07510", "2019-03-31": "0.07160", "2018-12-31": "0.07230", "2018-09-30": "0.06490", "2018-06-30": "0.06780", "2018-03-31": "0.07290", "2017-12-31": "0.06640", "2017-09-30": "0.06400", "2017-06-30": "0.06780", "2017-03-31": "0.06690", "2016-12-31": "0.06880", "2016-09-30": "0.06270", "2016-06-30": "0.05940", "2016-03-31": "0.06600", "2015-12-31": "0.07310", "2015-09-30": "0.07400", "2015-06-30": "0.06670", "2015-03-31": "0.07010", "2014-12-31": "0.07610", "2014-09-30": "0.06450", "2014-06-30": "0.06590", "2014-03-31": "0.06920", "2013-12-31": "0.06740", "2013-09-30": "0.06450", "2013-06-30": "0.06810", "2013-03-31": "0.08100", "2012-12-31": "0.08270", "2012-09-30": "0.08360", "2012-06-30": "0.09130", "2012-03-31": "0.08910", "2011-12-31": "0.05980", "2011-09-30": "0.07170", "2011-06-30": "0.05890", "2011-03-31": "0.04510", "2010-12-31": "0.04790", "2010-09-30": "0.07310", "2010-06-30": "0.08940", "2010-03-31": "0.07330", "2009-12-31": "0.07620", "2009-09-30": "0.06560", "2009-06-30": "0.07620", "2009-03-31": "0.07190", "2008-12-31": "0.08030", "2008-09-30": "0.09690", "2008-06-30": "0.09160", "2008-03-31": "0.09260", "2007-12-31": "0.22280", "2007-09-30": "0.21730", "2007-06-30": "0.13940", "2007-03-31": "0.14920", "2006-12-31": "0.12040", "2006-09-30": "0.11370", "2006-06-30": "0.12040", "2006-03-31": "0.16890", "2005-12-31": "0.12680", "2005-09-30": "0.19800", "2005-06-30": "0.20490", "2005-03-31": "0.20300"}, "Inventory Turnover Ratio": {"2020-09-30": "", "2020-06-30": "", "2020-03-31": "", "2019-12-31": "", "2019-09-30": "", "2019-06-30": "", "2019-03-31": "", "2018-12-31": "", "2018-09-30": "", "2018-06-30": "", "2018-03-31": "", "2017-12-31": "", "2017-09-30": "", "2017-06-30": "", "2017-03-31": "", "2016-12-31": "", "2016-09-30": "", "2016-06-30": "", "2016-03-31": "", "2015-12-31": "", "2015-09-30": "", "2015-06-30": "", "2015-03-31": "", "2014-12-31": "", "2014-09-30": "", "2014-06-30": "", "2014-03-31": "", "2013-12-31": "", "2013-09-30": "", "2013-06-30": "", "2013-03-31": "", "2012-12-31": "", "2012-09-30": "", "2012-06-30": "", "2012-03-31": "", "2011-12-31": "", "2011-09-30": "", "2011-06-30": "", "2011-03-31": "", "2010-12-31": "", "2010-09-30": "", "2010-06-30": "", "2010-03-31": "", "2009-12-31": "", "2009-09-30": "", "2009-06-30": "", "2009-03-31": "", "2008-12-31": "", "2008-09-30": "", "2008-06-30": "", "2008-03-31": "", "2007-12-31": "", "2007-09-30": "", "2007-06-30": "", "2007-03-31": "", "2006-12-31": "", "2006-09-30": "", "2006-06-30": "", "2006-03-31": "", "2005-12-31": "", "2005-09-30": "", "2005-06-30": "", "2005-03-31": ""}, "Receiveable Turnover": {"2020-09-30": "2.80560", "2020-06-30": "2.67300", "2020-03-31": "2.38200", "2019-12-31": "2.52610", "2019-09-30": "2.74690", "2019-06-30": "2.55660", "2019-03-31": "2.32440", "2018-12-31": "2.95570", "2018-09-30": "2.70790", "2018-06-30": "2.53580", "2018-03-31": "2.36830", "2017-12-31": "2.86520", "2017-09-30": "3.01560", "2017-06-30": "2.53570", "2017-03-31": "2.07490", "2016-12-31": "2.26810", "2016-09-30": "2.66190", "2016-06-30": "2.24810", "2016-03-31": "2.71770", "2015-12-31": "2.74370", "2015-09-30": "3.13310", "2015-06-30": "2.49850", "2015-03-31": "2.49420", "2014-12-31": "2.36250", "2014-09-30": "2.21080", "2014-06-30": "2.18990", "2014-03-31": "2.06910", "2013-12-31": "2.15780", "2013-09-30": "2.16400", "2013-06-30": "2.24860", "2013-03-31": "2.34700", "2012-12-31": "2.26730", "2012-09-30": "2.28130", "2012-06-30": "2.39000", "2012-03-31": "2.45870", "2011-12-31": "2.73380", "2011-09-30": "2.72050", "2011-06-30": "2.43310", "2011-03-31": "2.49240", "2010-12-31": "2.60740", "2010-09-30": "2.45780", "2010-06-30": "2.45430", "2010-03-31": "2.04510", "2009-12-31": "2.71430", "2009-09-30": "2.13720", "2009-06-30": "2.32110", "2009-03-31": "2.52110", "2008-12-31": "3.02060", "2008-09-30": "2.63560", "2008-06-30": "2.31590", "2008-03-31": "2.01680", "2007-12-31": "2.66060", "2007-09-30": "2.37820", "2007-06-30": "1.96130", "2007-03-31": "1.87820", "2006-12-31": "1.91900", "2006-09-30": "1.76390", "2006-06-30": "1.75290", "2006-03-31": "1.64370", "2005-12-31": "1.25020", "2005-09-30": "1.65400", "2005-06-30": "1.94620", "2005-03-31": "1.66790"}, "Days Sales In Receivables": {"2020-09-30": "32.07920", "2020-06-30": "33.66950", "2020-03-31": "37.78270", "2019-12-31": "35.62850", "2019-09-30": "32.76460", "2019-06-30": "35.20260", "2019-03-31": "38.71990", "2018-12-31": "30.44930", "2018-09-30": "33.23650", "2018-06-30": "35.49170", "2018-03-31": "38.00170", "2017-12-31": "31.41180", "2017-09-30": "29.84460", "2017-06-30": "35.49300", "2017-03-31": "43.37460", "2016-12-31": "39.68140", "2016-09-30": "33.81060", "2016-06-30": "40.03340", "2016-03-31": "33.11600", "2015-12-31": "32.80280", "2015-09-30": "28.72560", "2015-06-30": "36.02230", "2015-03-31": "36.08390", "2014-12-31": "38.09580", "2014-09-30": "40.70910", "2014-06-30": "41.09830", "2014-03-31": "43.49670", "2013-12-31": "41.70990", "2013-09-30": "41.59010", "2013-06-30": "40.02460", "2013-03-31": "38.34680", "2012-12-31": "39.69540", "2012-09-30": "39.45040", "2012-06-30": "37.65640", "2012-03-31": "36.60450", "2011-12-31": "32.92160", "2011-09-30": "33.08260", "2011-06-30": "36.98930", "2011-03-31": "36.11040", "2010-12-31": "34.51740", "2010-09-30": "36.61820", "2010-06-30": "36.67040", "2010-03-31": "44.00780", "2009-12-31": "33.15790", "2009-09-30": "42.11110", "2009-06-30": "38.77390", "2009-03-31": "35.69830", "2008-12-31": "29.79490", "2008-09-30": "34.14770", "2008-06-30": "38.86110", "2008-03-31": "44.62560", "2007-12-31": "33.82660", "2007-09-30": "37.84420", "2007-06-30": "45.88770", "2007-03-31": "47.91860", "2006-12-31": "46.89850", "2006-09-30": "51.02240", "2006-06-30": "51.34310", "2006-03-31": "54.75490", "2005-12-31": "71.99030", "2005-09-30": "54.41480", "2005-06-30": "46.24380", "2005-03-31": "53.95960"}, "ROE - Return On Equity": {"2020-09-30": "4.38980", "2020-06-30": "4.18620", "2020-03-31": "3.76070", "2019-12-31": "3.59990", "2019-09-30": "2.81580", "2019-06-30": "3.13460", "2019-03-31": "4.49580", "2018-12-31": "-0.80750", "2018-09-30": "2.90970", "2018-06-30": "2.92310", "2018-03-31": "3.09170", "2017-12-31": "4.16670", "2017-09-30": "2.96430", "2017-06-30": "2.61840", "2017-03-31": "3.13900", "2016-12-31": "-4.18050", "2016-09-30": "2.27670", "2016-06-30": "1.22440", "2016-03-31": "2.31700", "2015-12-31": "2.63860", "2015-09-30": "2.48830", "2015-06-30": "2.30930", "2015-03-31": "0.16230", "2014-12-31": "1.48430", "2014-09-30": "2.01050", "2014-06-30": "1.62720", "2014-03-31": "1.65060", "2013-12-31": "2.28010", "2013-09-30": "1.86590", "2013-06-30": "1.50090", "2013-03-31": "0.80720", "2012-12-31": "1.61260", "2012-09-30": "1.73290", "2012-06-30": "1.85110", "2012-03-31": "1.62760", "2011-12-31": "1.60450", "2011-09-30": "2.18170", "2011-06-30": "1.76360", "2011-03-31": "2.04490", "2010-12-31": "2.83360", "2010-09-30": "1.96930", "2010-06-30": "2.02430", "2010-03-31": "1.21680", "2009-12-31": "0.84950", "2009-09-30": "1.18690", "2009-06-30": "1.50680", "2009-03-31": "2.20810", "2008-12-31": "0.81340", "2008-09-30": "1.21990", "2008-06-30": "2.14200", "2008-03-31": "2.62330", "2007-12-31": "3.55770", "2007-09-30": "20.49700", "2007-06-30": "3.50150", "2007-03-31": "1.27040", "2006-12-31": "4.32530", "2006-09-30": "2.29430", "2006-06-30": "1.41200", "2006-03-31": "3.45000", "2005-12-31": "10.85260", "2005-09-30": "16.10980", "2005-06-30": "20.04760", "2005-03-31": "34.09060"}, "Return On Tangible Equity": {"2020-09-30": "-9.41510", "2020-06-30": "-8.18060", "2020-03-31": "-6.48980", "2019-12-31": "-6.82120", "2019-09-30": "-4.77100", "2019-06-30": "-5.55020", "2019-03-31": "-7.68270", "2018-12-31": "1.36900", "2018-09-30": "-5.26660", "2018-06-30": "-5.12010", "2018-03-31": "-5.43610", "2017-12-31": "-7.71900", "2017-09-30": "-6.77290", "2017-06-30": "-5.28410", "2017-03-31": "-6.00000", "2016-12-31": "8.43550", "2016-09-30": "-4.10400", "2016-06-30": "-2.12770", "2016-03-31": "-6.43590", "2015-12-31": "-8.48140", "2015-09-30": "-7.43530", "2015-06-30": "-7.49150", "2015-03-31": "-0.50000", "2014-12-31": "-4.72270", "2014-09-30": "-6.48390", "2014-06-30": "-4.64580", "2014-03-31": "-4.48800", "2013-12-31": "-5.90450", "2013-09-30": "-4.44180", "2013-06-30": "-3.42680", "2013-03-31": "-2.43480", "2012-12-31": "-4.72970", "2012-09-30": "-4.95820", "2012-06-30": "-5.23320", "2012-03-31": "-4.85830", "2011-12-31": "-4.64310", "2011-09-30": "-6.38550", "2011-06-30": "-4.66190", "2011-03-31": "-4.96390", "2010-12-31": "-6.32970", "2010-09-30": "-6.08640", "2010-06-30": "-7.05790", "2010-03-31": "-4.14940", "2009-12-31": "-2.82450", "2009-09-30": "-3.62850", "2009-06-30": "-4.09890", "2009-03-31": "-5.66270", "2008-12-31": "-1.97520", "2008-09-30": "-2.48460", "2008-06-30": "-7.21950", "2008-03-31": "-7.95910", "2007-12-31": "7.51130", "2007-09-30": "59.01590", "2007-06-30": "14.61110", "2007-03-31": "8.39640", "2006-12-31": "27.52740", "2006-09-30": "26.61370", "2006-06-30": "-99.44330", "2006-03-31": "-2.63160", "2005-12-31": "-1.85490", "2005-09-30": "76.12560", "2005-06-30": "-77.68140", "2005-03-31": "-91.48970"}, "ROA - Return On Assets": {"2020-09-30": "1.78010", "2020-06-30": "1.65530", "2020-03-31": "1.37180", "2019-12-31": "1.45790", "2019-09-30": "1.15560", "2019-06-30": "1.23120", "2019-03-31": "1.70310", "2018-12-31": "-0.28030", "2018-09-30": "1.09730", "2018-06-30": "1.06990", "2018-03-31": "1.12100", "2017-12-31": "1.59570", "2017-09-30": "1.12790", "2017-06-30": "0.99590", "2017-03-31": "1.15940", "2016-12-31": "-1.60420", "2016-09-30": "0.88470", "2016-06-30": "0.46360", "2016-03-31": "0.96230", "2015-12-31": "1.24780", "2015-09-30": "1.17250", "2015-06-30": "1.09050", "2015-03-31": "0.07350", "2014-12-31": "0.71250", "2014-09-30": "0.96910", "2014-06-30": "0.77010", "2014-03-31": "0.79370", "2013-12-31": "1.12110", "2013-09-30": "0.90500", "2013-06-30": "0.73620", "2013-03-31": "0.45710", "2012-12-31": "0.91980", "2012-09-30": "0.99780", "2012-06-30": "1.03060", "2012-03-31": "0.93120", "2011-12-31": "0.56770", "2011-09-30": "0.82850", "2011-06-30": "0.64010", "2011-03-31": "0.57020", "2010-12-31": "0.82680", "2010-09-30": "0.96570", "2010-06-30": "0.95860", "2010-03-31": "0.57040", "2009-12-31": "0.39170", "2009-09-30": "0.47800", "2009-06-30": "0.58320", "2009-03-31": "0.75480", "2008-12-31": "0.27450", "2008-09-30": "0.56760", "2008-06-30": "1.12610", "2008-03-31": "1.37640", "2007-12-31": "2.63690", "2007-09-30": "12.16640", "2007-06-30": "1.40130", "2007-03-31": "0.48620", "2006-12-31": "1.69610", "2006-09-30": "0.85330", "2006-06-30": "0.48730", "2006-03-31": "0.76660", "2005-12-31": "0.83770", "2005-09-30": "1.59910", "2005-06-30": "1.30330", "2005-03-31": "1.43900"}, "ROI - Return On Investment": {"2020-09-30": "2.75430", "2020-06-30": "2.60850", "2020-03-31": "2.42820", "2019-12-31": "2.35090", "2019-09-30": "1.81470", "2019-06-30": "2.02960", "2019-03-31": "3.15780", "2018-12-31": "-0.52350", "2018-09-30": "1.87920", "2018-06-30": "1.87910", "2018-03-31": "1.99320", "2017-12-31": "2.55020", "2017-09-30": "1.82330", "2017-06-30": "1.69100", "2017-03-31": "1.95490", "2016-12-31": "-2.51300", "2016-09-30": "1.38730", "2016-06-30": "0.74090", "2016-03-31": "1.59770", "2015-12-31": "1.85630", "2015-09-30": "1.73350", "2015-06-30": "1.65060", "2015-03-31": "0.11460", "2014-12-31": "1.06290", "2014-09-30": "1.45340", "2014-06-30": "1.17240", "2014-03-31": "1.23740", "2013-12-31": "1.60720", "2013-09-30": "1.29450", "2013-06-30": "1.03410", "2013-03-31": "0.59730", "2012-12-31": "1.19170", "2012-09-30": "1.25760", "2012-06-30": "1.32930", "2012-03-31": "1.17930", "2011-12-31": "1.13350", "2011-09-30": "1.52150", "2011-06-30": "1.25880", "2011-03-31": "1.43310", "2010-12-31": "1.93920", "2010-09-30": "1.44430", "2010-06-30": "1.43830", "2010-03-31": "0.86740", "2009-12-31": "0.61660", "2009-09-30": "0.85620", "2009-06-30": "1.02980", "2009-03-31": "1.44930", "2008-12-31": "0.53010", "2008-09-30": "0.81640", "2008-06-30": "1.61330", "2008-03-31": "1.95570", "2007-12-31": "3.37660", "2007-09-30": "16.41300", "2007-06-30": "1.81600", "2007-03-31": "0.62470", "2006-12-31": "2.13660", "2006-09-30": "1.03800", "2006-06-30": "0.59630", "2006-03-31": "1.05530", "2005-12-31": "1.19240", "2005-09-30": "2.64700", "2005-06-30": "2.21430", "2005-03-31": "2.94590"}, "Book Value Per Share": {"2020-09-30": "36.66600", "2020-06-30": "35.05040", "2020-03-31": "32.84690", "2019-12-31": "34.15630", "2019-09-30": "32.50270", "2019-06-30": "33.56330", "2019-03-31": "33.15610", "2018-12-31": "32.99130", "2018-09-30": "34.16920", "2018-06-30": "33.68940", "2018-03-31": "34.29230", "2017-12-31": "35.11690", "2017-09-30": "34.42480", "2017-06-30": "33.51100", "2017-03-31": "32.40320", "2016-12-31": "32.59720", "2016-09-30": "34.83070", "2016-06-30": "34.53500", "2016-03-31": "34.63160", "2015-12-31": "34.13380", "2015-09-30": "33.80120", "2015-06-30": "33.84110", "2015-03-31": "32.82460", "2014-12-31": "34.32570", "2014-09-30": "36.31270", "2014-06-30": "36.81760", "2014-03-31": "36.58340", "2013-12-31": "36.51460", "2013-09-30": "36.17570", "2013-06-30": "35.06140", "2013-03-31": "31.38840", "2012-12-31": "31.45420", "2012-09-30": "31.09000", "2012-06-30": "29.72880", "2012-03-31": "30.03130", "2011-12-31": "28.72900", "2011-09-30": "28.20430", "2011-06-30": "29.14200", "2011-03-31": "28.57050", "2010-12-31": "26.90250", "2010-09-30": "25.66890", "2010-06-30": "23.15300", "2010-03-31": "23.55330", "2009-12-31": "23.38860", "2009-09-30": "23.55250", "2009-06-30": "22.26170", "2009-03-31": "21.06930", "2008-12-31": "21.31290", "2008-09-30": "23.75620", "2008-06-30": "23.59270", "2008-03-31": "23.10160", "2007-12-31": "15.90190", "2007-09-30": "15.68870", "2007-06-30": "14.19540", "2007-03-31": "12.80810", "2006-12-31": "12.97530", "2006-09-30": "11.78090", "2006-06-30": "10.56080", "2006-03-31": "5.61410", "2005-12-31": "3.04280", "2005-09-30": "2.50570", "2005-06-30": "2.03520", "2005-03-31": "2.13180"}, "Operating Cash Flow Per Share": {"2020-09-30": -0.0658, "2020-06-30": 2.6651, "2020-03-31": "2.27850", "2019-12-31": 2.0316, "2019-09-30": 0.6049, "2019-06-30": 1.1134, "2019-03-31": "2.01760", "2018-12-31": 2.1373, "2018-09-30": 0.0862, "2018-06-30": 1.6878, "2018-03-31": "2.21900", "2017-12-31": 1.7778, "2017-09-30": 0.5316, "2017-06-30": 1.6175, "2017-03-31": "1.43320", "2016-12-31": 1.6944, "2016-09-30": 0.3523, "2016-06-30": 1.0359, "2016-03-31": "1.51450", "2015-12-31": 1.4914, "2015-09-30": 0.3945, "2015-06-30": 1.0207, "2015-03-31": "1.33780", "2014-12-31": 1.3023, "2014-09-30": 0.1299, "2014-06-30": 1.1669, "2014-03-31": "1.05370", "2013-12-31": 1.3934, "2013-09-30": 0.4594, "2013-06-30": 0.6205, "2013-03-31": "0.87820", "2012-12-31": 1.3193, "2012-09-30": 0.2544, "2012-06-30": 1.2249, "2012-03-31": "0.60840", "2011-12-31": 1.3065, "2011-09-30": 0.0279, "2011-06-30": 1.4377, "2011-03-31": "0.94430", "2010-12-31": 0.8712, "2010-09-30": 0.1945, "2010-06-30": 1.1394, "2010-03-31": "-0.07450", "2009-12-31": 1.6525, "2009-09-30": 0.0148, "2009-06-30": 0.6582, "2009-03-31": "0.38730", "2008-12-31": 1.9388, "2008-09-30": -1.9087, "2008-06-30": 0.0782, "2008-03-31": "0.94790", "2007-12-31": 0.3658, "2007-09-30": -0.418, "2007-06-30": 0.6726, "2007-03-31": "0.51380", "2006-12-31": 0.4217, "2006-09-30": 0.3148, "2006-06-30": 0.2378, "2006-03-31": "0.41980", "2005-12-31": 0.2143, "2005-09-30": 0.0017, "2005-06-30": -0.0664, "2005-03-31": "0.93070"}, "Free Cash Flow Per Share": {"2020-09-30": -0.4206, "2020-06-30": 2.4116, "2020-03-31": "2.12260", "2019-12-31": 1.7979, "2019-09-30": 0.4552, "2019-06-30": 0.8559, "2019-03-31": "1.89790", "2018-12-31": 1.9057, "2018-09-30": -0.0753, "2018-06-30": 1.5137, "2018-03-31": "2.12430", "2017-12-31": 1.5287, "2017-09-30": 0.3115, "2017-06-30": 1.449, "2017-03-31": "1.22180", "2016-12-31": 1.4021, "2016-09-30": 0.154, "2016-06-30": 0.8693, "2016-03-31": "1.37790", "2015-12-31": 1.2457, "2015-09-30": 0.2064, "2015-06-30": 0.817, "2015-03-31": "1.19880", "2014-12-31": 1.0302, "2014-09-30": -0.0246, "2014-06-30": 0.9628, "2014-03-31": "0.87520", "2013-12-31": 1.1867, "2013-09-30": 0.259, "2013-06-30": 0.474, "2013-03-31": "0.76030", "2012-12-31": 1.1846, "2012-09-30": 0.1214, "2012-06-30": 1.0786, "2012-03-31": "0.51830", "2011-12-31": 1.0996, "2011-09-30": -0.1211, "2011-06-30": 1.36, "2011-03-31": "0.88910", "2010-12-31": 0.8247, "2010-09-30": 0.1331, "2010-06-30": 1.0951, "2010-03-31": "-0.12570", "2009-12-31": 1.5914, "2009-09-30": -0.0591, "2009-06-30": 0.5928, "2009-03-31": "0.31270", "2008-12-31": 1.8519, "2008-09-30": -1.9648, "2008-06-30": 0.0317, "2008-03-31": "0.86840", "2007-12-31": 0.3376, "2007-09-30": -0.4567, "2007-06-30": 0.6484, "2007-03-31": "0.48690", "2006-12-31": 0.5691, "2006-09-30": 0.2747, "2006-06-30": 0.2017, "2006-03-31": "0.41470", "2005-12-31": 0.1112, "2005-09-30": -0.0424, "2005-06-30": 0.0707, "2005-03-31": "0.87500"}}, "revenue": {"Nasdaq Annual Revenue (Millions of US $)": {"2020": "$5,627", "2019": "$4,262", "2018": "$4,277", "2017": "$3,948", "2016": "$3,704", "2015": "$3,403", "2014": "$3,500", "2013": "$3,211", "2012": "$3,120", "2011": "$3,438", "2010": "$3,191", "2009": "$3,411", "2008": "$3,650", "2007": "$2,436", "2006": "$1,658", "2005": "$880"}, "Nasdaq Quarterly Revenue (Millions of US $)": {"2020-12-31": "$1,463", "2020-09-30": "$1,414", "2020-06-30": "$1,398", "2020-03-31": "$1,353", "2019-12-31": "$1,066", "2019-09-30": "$1,096", "2019-06-30": "$1,061", "2019-03-31": "$1,039", "2018-12-31": "$1,135", "2018-09-30": "$964", "2018-06-30": "$1,027", "2018-03-31": "$1,151", "2017-12-31": "$1,020", "2017-09-30": "$965", "2017-06-30": "$994", "2017-03-31": "$969", "2016-12-31": "$973", "2016-09-30": "$929", "2016-06-30": "$897", "2016-03-31": "$905", "2015-12-31": "$867", "2015-09-30": "$871", "2015-06-30": "$807", "2015-03-31": "$858", "2014-12-31": "$919", "2014-09-30": "$818", "2014-06-30": "$865", "2014-03-31": "$898", "2013-12-31": "$848", "2013-09-30": "$805", "2013-06-30": "$814", "2013-03-31": "$744", "2012-12-31": "$755", "2012-09-30": "$746", "2012-06-30": "$815", "2012-03-31": "$804", "2011-12-31": "$842", "2011-09-30": "$944", "2011-06-30": "$837", "2011-03-31": "$815", "2010-12-31": "$777", "2010-09-30": "$757", "2010-06-30": "$886", "2010-03-31": "$771", "2009-12-31": "$817", "2009-09-30": "$810", "2009-06-30": "$889", "2009-03-31": "$895", "2008-12-31": "$1,024", "2008-09-30": "$990", "2008-06-30": "$822", "2008-03-31": "$814", "2007-12-31": "$664", "2007-09-30": "$652", "2007-06-30": "$558", "2007-03-31": "$562", "2006-12-31": "$448", "2006-09-30": "$403", "2006-06-30": "$411", "2006-03-31": "$396", "2005-12-31": "$260", "2005-09-30": "$220", "2005-06-30": "$220", "2005-03-31": "$180"}}, "gross-profit": {"Nasdaq Annual Gross Profit (Millions of US $)": {"2020": "$2,903", "2019": "$2,535", "2018": "$2,526", "2017": "$2,411", "2016": "$2,276", "2015": "$2,090", "2014": "$2,067", "2013": "$1,895", "2012": "$1,674", "2011": "$1,690", "2010": "$1,516", "2009": "$1,453", "2008": "$1,460", "2007": "$812", "2006": "$687", "2005": "$526"}, "Nasdaq Quarterly Gross Profit (Millions of US $)": {"2020-12-31": "$788", "2020-09-30": "$715", "2020-06-30": "$699", "2020-03-31": "$701", "2019-12-31": "$646", "2019-09-30": "$632", "2019-06-30": "$623", "2019-03-31": "$634", "2018-12-31": "$645", "2018-09-30": "$600", "2018-06-30": "$615", "2018-03-31": "$666", "2017-12-31": "$631", "2017-09-30": "$603", "2017-06-30": "$596", "2017-03-31": "$581", "2016-12-31": "$598", "2016-09-30": "$585", "2016-06-30": "$559", "2016-03-31": "$534", "2015-12-31": "$536", "2015-09-30": "$529", "2015-06-30": "$518", "2015-03-31": "$507", "2014-12-31": "$518", "2014-09-30": "$497", "2014-06-30": "$523", "2014-03-31": "$529", "2013-12-31": "$520", "2013-09-30": "$506", "2013-06-30": "$451", "2013-03-31": "$418", "2012-12-31": "$421", "2012-09-30": "$412", "2012-06-30": "$427", "2012-03-31": "$414", "2011-12-31": "$426", "2011-09-30": "$436", "2011-06-30": "$415", "2011-03-31": "$413", "2010-12-31": "$394", "2010-09-30": "$372", "2010-06-30": "$390", "2010-03-31": "$360", "2009-12-31": "$368", "2009-09-30": "$349", "2009-06-30": "$367", "2009-03-31": "$369", "2008-12-31": "$403", "2008-09-30": "$399", "2008-06-30": "$380", "2008-03-31": "$278", "2007-12-31": "$211", "2007-09-30": "$210", "2007-06-30": "$199", "2007-03-31": "$192", "2006-12-31": "$183", "2006-09-30": "$171", "2006-06-30": "$171", "2006-03-31": "$162", "2005-12-31": "$139", "2005-09-30": "$131", "2005-06-30": "$130", "2005-03-31": "$126"}}, "operating-income": {"Nasdaq Annual Operating Income (Millions of US $)": {"2020": "$1,234", "2019": "$1,017", "2018": "$1,028", "2017": "$991", "2016": "$836", "2015": "$720", "2014": "$754", "2013": "$688", "2012": "$690", "2011": "$696", "2010": "$631", "2009": "$603", "2008": "$640", "2007": "$365", "2006": "$220", "2005": "$114"}, "Nasdaq Quarterly Operating Income (Millions of US $)": {"2020-12-31": "$318", "2020-09-30": "$326", "2020-06-30": "$315", "2020-03-31": "$275", "2019-12-31": "$260", "2019-09-30": "$226", "2019-06-30": "$256", "2019-03-31": "$275", "2018-12-31": "$240", "2018-09-30": "$246", "2018-06-30": "$269", "2018-03-31": "$273", "2017-12-31": "$241", "2017-09-30": "$262", "2017-06-30": "$242", "2017-03-31": "$246", "2016-12-31": "$210", "2016-09-30": "$233", "2016-06-30": "$174", "2016-03-31": "$219", "2015-12-31": "$245", "2015-09-30": "$231", "2015-06-30": "$217", "2015-03-31": "$27", "2014-12-31": "$172", "2014-09-30": "$207", "2014-06-30": "$191", "2014-03-31": "$184", "2013-12-31": "$237", "2013-09-30": "$202", "2013-06-30": "$159", "2013-03-31": "$90", "2012-12-31": "$174", "2012-09-30": "$170", "2012-06-30": "$175", "2012-03-31": "$171", "2011-12-31": "$160", "2011-09-30": "$195", "2011-06-30": "$158", "2011-03-31": "$183", "2010-12-31": "$175", "2010-09-30": "$165", "2010-06-30": "$179", "2010-03-31": "$112", "2009-12-31": "$147", "2009-09-30": "$131", "2009-06-30": "$159", "2009-03-31": "$166", "2008-12-31": "$180", "2008-09-30": "$172", "2008-06-30": "$155", "2008-03-31": "$133", "2007-12-31": "$101", "2007-09-30": "$84", "2007-06-30": "$99", "2007-03-31": "$81", "2006-12-31": "$74", "2006-09-30": "$68", "2006-06-30": "$36", "2006-03-31": "$42", "2005-12-31": "$33", "2005-09-30": "$31", "2005-06-30": "$26", "2005-03-31": "$23"}}, "ebitda": {"Nasdaq Annual EBITDA (Millions of US $)": {"2019": "$1,207", "2018": "$1,238", "2017": "$1,179", "2016": "$1,006", "2015": "$858", "2014": "$891", "2013": "$810", "2012": "$794", "2011": "$811", "2010": "$740", "2009": "$718", "2008": "$733", "2007": "$404", "2006": "$291", "2005": "$181"}, "Nasdaq Quarterly EBITDA (Millions of US $)": {"2020-09-30": "$377", "2020-06-30": "$365", "2020-03-31": "$323", "2019-12-31": "$307", "2019-09-30": "$273", "2019-06-30": "$304", "2019-03-31": "$323", "2018-12-31": "$291", "2018-09-30": "$299", "2018-06-30": "$322", "2018-03-31": "$326", "2017-12-31": "$289", "2017-09-30": "$310", "2017-06-30": "$289", "2017-03-31": "$291", "2016-12-31": "$255", "2016-09-30": "$279", "2016-06-30": "$215", "2016-03-31": "$257", "2015-12-31": "$281", "2015-09-30": "$266", "2015-06-30": "$250", "2015-03-31": "$61", "2014-12-31": "$205", "2014-09-30": "$242", "2014-06-30": "$225", "2014-03-31": "$219", "2013-12-31": "$271", "2013-09-30": "$235", "2013-06-30": "$187", "2013-03-31": "$117", "2012-12-31": "$199", "2012-09-30": "$197", "2012-06-30": "$200", "2012-03-31": "$198", "2011-12-31": "$189", "2011-09-30": "$224", "2011-06-30": "$186", "2011-03-31": "$212", "2010-12-31": "$204", "2010-09-30": "$192", "2010-06-30": "$206", "2010-03-31": "$138", "2009-12-31": "$184", "2009-09-30": "$159", "2009-06-30": "$185", "2009-03-31": "$190", "2008-12-31": "$207", "2008-09-30": "$200", "2008-06-30": "$177", "2008-03-31": "$149", "2007-12-31": "$111", "2007-09-30": "$93", "2007-06-30": "$109", "2007-03-31": "$91", "2006-12-31": "$85", "2006-09-30": "$82", "2006-06-30": "$58", "2006-03-31": "$66", "2005-12-31": "$53", "2005-09-30": "$45", "2005-06-30": "$41", "2005-03-31": "$41"}}, "net-income": {"Nasdaq Annual Net Income (Millions of US $)": {"2020": "$933", "2019": "$774", "2018": "$458", "2017": "$729", "2016": "$106", "2015": "$428", "2014": "$414", "2013": "$385", "2012": "$352", "2011": "$387", "2010": "$394", "2009": "$266", "2008": "$314", "2007": "$518", "2006": "$127", "2005": "$55"}, "Nasdaq Quarterly Net Income (Millions of US $)": {"2020-12-31": "$224", "2020-09-30": "$264", "2020-06-30": "$241", "2020-03-31": "$203", "2019-12-31": "$203", "2019-09-30": "$150", "2019-06-30": "$174", "2019-03-31": "$247", "2018-12-31": "$-44", "2018-09-30": "$163", "2018-06-30": "$162", "2018-03-31": "$177", "2017-12-31": "$245", "2017-09-30": "$170", "2017-06-30": "$146", "2017-03-31": "$168", "2016-12-31": "$-227", "2016-09-30": "$131", "2016-06-30": "$70", "2016-03-31": "$132", "2015-12-31": "$148", "2015-09-30": "$138", "2015-06-30": "$133", "2015-03-31": "$9", "2014-12-31": "$87", "2014-09-30": "$123", "2014-06-30": "$101", "2014-03-31": "$103", "2013-12-31": "$142", "2013-09-30": "$113", "2013-06-30": "$88", "2013-03-31": "$42", "2012-12-31": "$85", "2012-09-30": "$89", "2012-06-30": "$93", "2012-03-31": "$85", "2011-12-31": "$81", "2011-09-30": "$110", "2011-06-30": "$92", "2011-03-31": "$104", "2010-12-31": "$136", "2010-09-30": "$101", "2010-06-30": "$96", "2010-03-31": "$61", "2009-12-31": "$43", "2009-09-30": "$60", "2009-06-30": "$69", "2009-03-31": "$94", "2008-12-31": "$35", "2008-09-30": "$58", "2008-06-30": "$100", "2008-03-31": "$121", "2007-12-31": "$79", "2007-09-30": "$365", "2007-06-30": "$56", "2007-03-31": "$18", "2006-12-31": "$63", "2006-09-30": "$30", "2006-06-30": "$17", "2006-03-31": "$17", "2005-12-31": "$16", "2005-09-30": "$16", "2005-06-30": "$12", "2005-03-31": "$11"}}, "eps-earnings-per-share-diluted": {"Nasdaq Annual EPS": {"2020": "$5.59", "2019": "$4.63", "2018": "$2.73", "2017": "$4.30", "2016": "$0.63", "2015": "$2.50", "2014": "$2.39", "2013": "$2.25", "2012": "$2.04", "2011": "$2.15", "2010": "$1.91", "2009": "$1.25", "2008": "$1.55", "2007": "$3.46", "2006": "$0.95", "2005": "$0.57"}, "Nasdaq Quarterly EPS": {"2020-12-31": "$1.34", "2020-09-30": "$1.58", "2020-06-30": "$1.45", "2020-03-31": "$1.22", "2019-12-31": "$1.21", "2019-09-30": "$0.90", "2019-06-30": "$1.04", "2019-03-31": "$1.48", "2018-12-31": "$-0.26", "2018-09-30": "$0.97", "2018-06-30": "$0.97", "2018-03-31": "$1.05", "2017-12-31": "$1.44", "2017-09-30": "$1.00", "2017-06-30": "$0.87", "2017-03-31": "$0.99", "2016-12-31": "$-1.34", "2016-09-30": "$0.77", "2016-06-30": "$0.42", "2016-03-31": "$0.78", "2015-12-31": "$0.88", "2015-09-30": "$0.80", "2015-06-30": "$0.77", "2015-03-31": "$0.05", "2014-12-31": "$0.50", "2014-09-30": "$0.71", "2014-06-30": "$0.59", "2014-03-31": "$0.59", "2013-12-31": "$0.82", "2013-09-30": "$0.66", "2013-06-30": "$0.52", "2013-03-31": "$0.25", "2012-12-31": "$0.51", "2012-09-30": "$0.52", "2012-06-30": "$0.53", "2012-03-31": "$0.48", "2011-12-31": "$0.46", "2011-09-30": "$0.61", "2011-06-30": "$0.51", "2011-03-31": "$0.57", "2010-12-31": "$0.67", "2010-09-30": "$0.50", "2010-06-30": "$0.46", "2010-03-31": "$0.28", "2009-12-31": "$0.20", "2009-09-30": "$0.28", "2009-06-30": "$0.33", "2009-03-31": "$0.44", "2008-12-31": "$0.12", "2008-09-30": "$0.27", "2008-06-30": "$0.47", "2008-03-31": "$0.69", "2007-12-31": "$0.52", "2007-09-30": "$2.41", "2007-06-30": "$0.39", "2007-03-31": "$0.14", "2006-12-31": "$0.44", "2006-09-30": "$0.22", "2006-06-30": "$0.13", "2006-03-31": "$0.16", "2005-12-31": "$0.15", "2005-09-30": "$0.16", "2005-06-30": "$0.13", "2005-03-31": "$0.13"}}, "shares-outstanding": {"Nasdaq Annual Shares Outstanding (Millions of Shares)": {"2020": "167", "2019": "167", "2018": "168", "2017": "170", "2016": "169", "2015": "171", "2014": "173", "2013": "171", "2012": "173", "2011": "180", "2010": "207", "2009": "215", "2008": "205", "2007": "153", "2006": "144", "2005": "112"}, "Nasdaq Quarterly Shares Outstanding (Millions of Shares)": {"2020-12-31": "167", "2020-09-30": "167", "2020-06-30": "166", "2020-03-31": "167", "2019-12-31": "167", "2019-09-30": "167", "2019-06-30": "167", "2019-03-31": "167", "2018-12-31": "168", "2018-09-30": "167", "2018-06-30": "167", "2018-03-31": "169", "2017-12-31": "170", "2017-09-30": "170", "2017-06-30": "168", "2017-03-31": "170", "2016-12-31": "169", "2016-09-30": "169", "2016-06-30": "168", "2016-03-31": "168", "2015-12-31": "171", "2015-09-30": "171", "2015-06-30": "172", "2015-03-31": "173", "2014-12-31": "173", "2014-09-30": "173", "2014-06-30": "172", "2014-03-31": "174", "2013-12-31": "171", "2013-09-30": "172", "2013-06-30": "170", "2013-03-31": "170", "2012-12-31": "173", "2012-09-30": "171", "2012-06-30": "173", "2012-03-31": "178", "2011-12-31": "180", "2011-09-30": "181", "2011-06-30": "181", "2011-03-31": "181", "2010-12-31": "207", "2010-09-30": "204", "2010-06-30": "209", "2010-03-31": "215", "2009-12-31": "215", "2009-09-30": "215", "2009-06-30": "214", "2009-03-31": "214", "2008-12-31": "205", "2008-09-30": "214", "2008-06-30": "214", "2008-03-31": "176", "2007-12-31": "153", "2007-09-30": "152", "2007-06-30": "152", "2007-03-31": "152", "2006-12-31": "144", "2006-09-30": "151", "2006-06-30": "145", "2006-03-31": "128", "2005-12-31": "112", "2005-09-30": "119", "2005-06-30": "110", "2005-03-31": "93"}}, "total-assets": {"Nasdaq Annual Total Assets (Millions of US $)": {"2019": "$13,924", "2018": "$15,700", "2017": "$15,354", "2016": "$14,150", "2015": "$11,861", "2014": "$12,071", "2013": "$12,577", "2012": "$9,132", "2011": "$14,091", "2010": "$16,207", "2009": "$10,722", "2008": "$12,752", "2007": "$2,979", "2006": "$3,716", "2005": "$2,047"}, "Nasdaq Quarterly Total Assets (Millions of US $)": {"2020-09-30": "$14,831", "2020-06-30": "$14,559", "2020-03-31": "$14,798", "2019-12-31": "$13,924", "2019-09-30": "$12,980", "2019-06-30": "$14,132", "2019-03-31": "$14,503", "2018-12-31": "$15,700", "2018-09-30": "$14,855", "2018-06-30": "$15,141", "2018-03-31": "$15,790", "2017-12-31": "$15,354", "2017-09-30": "$15,072", "2017-06-30": "$14,660", "2017-03-31": "$14,490", "2016-12-31": "$14,150", "2016-09-30": "$14,808", "2016-06-30": "$15,099", "2016-03-31": "$13,717", "2015-12-31": "$11,861", "2015-09-30": "$11,770", "2015-06-30": "$12,104", "2015-03-31": "$12,242", "2014-12-31": "$12,071", "2014-09-30": "$12,692", "2014-06-30": "$13,116", "2014-03-31": "$12,978", "2013-12-31": "$12,577", "2013-09-30": "$12,486", "2013-06-30": "$11,953", "2013-03-31": "$9,188", "2012-12-31": "$9,132", "2012-09-30": "$8,920", "2012-06-30": "$8,927", "2012-03-31": "$9,021", "2011-12-31": "$14,091", "2011-09-30": "$13,157", "2011-06-30": "$14,217", "2011-03-31": "$18,065", "2010-12-31": "$16,207", "2010-09-30": "$10,355", "2010-06-30": "$9,910", "2010-03-31": "$10,519", "2009-12-31": "$10,722", "2009-09-30": "$12,342", "2009-06-30": "$11,660", "2009-03-31": "$12,453", "2008-12-31": "$12,752", "2008-09-30": "$10,219", "2008-06-30": "$8,969", "2008-03-31": "$8,791", "2007-12-31": "$2,979", "2007-09-30": "$3,000", "2007-06-30": "$4,005", "2007-03-31": "$3,767", "2006-12-31": "$3,716", "2006-09-30": "$3,542", "2006-06-30": "$3,415", "2006-03-31": "$2,347", "2005-12-31": "$2,047", "2005-09-30": "$1,113", "2005-06-30": "$1,072", "2005-03-31": "$887"}}, "cash-on-hand": {"Nasdaq Annual Cash on Hand (Millions of US $)": {"2019": "$653", "2018": "$854", "2017": "$634", "2016": "$663", "2015": "$558", "2014": "$650", "2013": "$671", "2012": "$805", "2011": "$819", "2010": "$628", "2009": "$932", "2008": "$742", "2007": "$1,325", "2006": "$1,950", "2005": "$345"}, "Nasdaq Quarterly Cash on Hand (Millions of US $)": {"2020-09-30": "$794", "2020-06-30": "$947", "2020-03-31": "$1,298", "2019-12-31": "$653", "2019-09-30": "$333", "2019-06-30": "$622", "2019-03-31": "$759", "2018-12-31": "$854", "2018-09-30": "$578", "2018-06-30": "$669", "2018-03-31": "$653", "2017-12-31": "$634", "2017-09-30": "$758", "2017-06-30": "$674", "2017-03-31": "$684", "2016-12-31": "$663", "2016-09-30": "$514", "2016-06-30": "$621", "2016-03-31": "$611", "2015-12-31": "$558", "2015-09-30": "$501", "2015-06-30": "$605", "2015-03-31": "$541", "2014-12-31": "$650", "2014-09-30": "$482", "2014-06-30": "$556", "2014-03-31": "$665", "2013-12-31": "$671", "2013-09-30": "$571", "2013-06-30": "$631", "2013-03-31": "$892", "2012-12-31": "$805", "2012-09-30": "$676", "2012-06-30": "$723", "2012-03-31": "$778", "2011-12-31": "$819", "2011-09-30": "$888", "2011-06-30": "$957", "2011-03-31": "$782", "2010-12-31": "$628", "2010-09-30": "$389", "2010-06-30": "$557", "2010-03-31": "$579", "2009-12-31": "$932", "2009-09-30": "$466", "2009-06-30": "$571", "2009-03-31": "$472", "2008-12-31": "$742", "2008-09-30": "$738", "2008-06-30": "$740", "2008-03-31": "$736", "2007-12-31": "$1,325", "2007-09-30": "$1,268", "2007-06-30": "$2,270", "2007-03-31": "$2,025", "2006-12-31": "$1,950", "2006-09-30": "$1,860", "2006-06-30": "$1,704", "2006-03-31": "$596", "2005-12-31": "$345", "2005-09-30": "$545", "2005-06-30": "$550", "2005-03-31": "$346"}}, "long-term-debt": {"Nasdaq Annual Long Term Debt (Millions of US $)": {"2019": "$2,996", "2018": "$2,956", "2017": "$3,727", "2016": "$3,603", "2015": "$2,364", "2014": "$2,297", "2013": "$2,589", "2012": "$1,840", "2011": "$2,072", "2010": "$2,181", "2009": "$1,867", "2008": "$2,299", "2007": "$118", "2006": "$1,493", "2005": "$1,185"}, "Nasdaq Quarterly Long Term Debt (Millions of US $)": {"2020-09-30": "$3,571", "2020-06-30": "$3,482", "2020-03-31": "$2,962", "2019-12-31": "$2,996", "2019-09-30": "$2,939", "2019-06-30": "$3,022", "2019-03-31": "$2,328", "2018-12-31": "$2,956", "2018-09-30": "$3,072", "2018-06-30": "$3,079", "2018-03-31": "$3,155", "2017-12-31": "$3,727", "2017-09-30": "$3,589", "2017-06-30": "$3,058", "2017-03-31": "$3,242", "2016-12-31": "$3,603", "2016-09-30": "$3,689", "2016-06-30": "$3,731", "2016-03-31": "$2,565", "2015-12-31": "$2,364", "2015-09-30": "$2,415", "2015-06-30": "$2,281", "2015-03-31": "$2,306", "2014-12-31": "$2,297", "2014-09-30": "$2,345", "2014-06-30": "$2,408", "2014-03-31": "$2,084", "2013-12-31": "$2,589", "2013-09-30": "$2,673", "2013-06-30": "$2,647", "2013-03-31": "$1,829", "2012-12-31": "$1,840", "2012-09-30": "$1,941", "2012-06-30": "$1,951", "2012-03-31": "$1,962", "2011-12-31": "$2,072", "2011-09-30": "$2,168", "2011-06-30": "$2,069", "2011-03-31": "$2,150", "2010-12-31": "$2,181", "2010-09-30": "$1,846", "2010-06-30": "$1,912", "2010-03-31": "$1,986", "2009-12-31": "$1,867", "2009-09-30": "$1,920", "2009-06-30": "$2,090", "2009-03-31": "$2,229", "2008-12-31": "$2,299", "2008-09-30": "$2,350", "2008-06-30": "$1,545", "2008-03-31": "$1,575", "2007-12-31": "$118", "2007-09-30": "$443", "2007-06-30": "$1,488", "2007-03-31": "$1,490", "2006-12-31": "$1,493", "2006-09-30": "$1,595", "2006-06-30": "$1,613", "2006-03-31": "$1,183", "2005-12-31": "$1,185", "2005-09-30": "$467", "2005-06-30": "$467", "2005-03-31": "$265"}}, "total-liabilities": {"Nasdaq Annual Total Liabilities (Millions of US $)": {"2019": "$8,285", "2018": "$10,251", "2017": "$9,474", "2016": "$8,720", "2015": "$6,252", "2014": "$6,277", "2013": "$6,393", "2012": "$3,923", "2011": "$9,105", "2010": "$11,478", "2009": "$5,778", "2008": "$8,449", "2007": "$771", "2006": "$2,259", "2005": "$1,794"}, "Nasdaq Quarterly Total Liabilities (Millions of US $)": {"2020-09-30": "$8,817", "2020-06-30": "$8,802", "2020-03-31": "$9,400", "2019-12-31": "$8,285", "2019-09-30": "$7,653", "2019-06-30": "$8,581", "2019-03-31": "$9,009", "2018-12-31": "$10,251", "2018-09-30": "$9,253", "2018-06-30": "$9,599", "2018-03-31": "$10,065", "2017-12-31": "$9,474", "2017-09-30": "$9,337", "2017-06-30": "$9,084", "2017-03-31": "$9,138", "2016-12-31": "$8,720", "2016-09-30": "$9,054", "2016-06-30": "$9,382", "2016-03-31": "$8,020", "2015-12-31": "$6,252", "2015-09-30": "$6,224", "2015-06-30": "$6,388", "2015-03-31": "$6,697", "2014-12-31": "$6,277", "2014-09-30": "$6,574", "2014-06-30": "$6,909", "2014-03-31": "$6,738", "2013-12-31": "$6,393", "2013-09-30": "$6,430", "2013-06-30": "$6,090", "2013-03-31": "$3,985", "2012-12-31": "$3,923", "2012-09-30": "$3,784", "2012-06-30": "$3,957", "2012-03-31": "$3,860", "2011-12-31": "$9,105", "2011-09-30": "$8,161", "2011-06-30": "$9,057", "2011-03-31": "$13,028", "2010-12-31": "$11,478", "2010-09-30": "$5,277", "2010-06-30": "$5,217", "2010-03-31": "$5,588", "2009-12-31": "$5,778", "2009-09-30": "$7,371", "2009-06-30": "$7,147", "2009-03-31": "$8,196", "2008-12-31": "$8,449", "2008-09-30": "$5,464", "2008-06-30": "$4,254", "2008-03-31": "$4,179", "2007-12-31": "$771", "2007-09-30": "$1,219", "2007-06-30": "$2,402", "2007-03-31": "$2,325", "2006-12-31": "$2,259", "2006-09-30": "$2,225", "2006-06-30": "$2,236", "2006-03-31": "$1,825", "2005-12-31": "$1,794", "2005-09-30": "$908", "2005-06-30": "$908", "2005-03-31": "$719"}}, "total-share-holder-equity": {"Nasdaq Annual Share Holder Equity (Millions of US $)": {"2019": "$5,639", "2018": "$5,449", "2017": "$5,880", "2016": "$5,430", "2015": "$5,609", "2014": "$5,794", "2013": "$6,184", "2012": "$5,209", "2011": "$4,986", "2010": "$4,729", "2009": "$4,944", "2008": "$4,303", "2007": "$2,208", "2006": "$1,457", "2005": "$253"}, "Nasdaq Quarterly Share Holder Equity (Millions of US $)": {"2020-09-30": "$6,014", "2020-06-30": "$5,757", "2020-03-31": "$5,398", "2019-12-31": "$5,639", "2019-09-30": "$5,327", "2019-06-30": "$5,551", "2019-03-31": "$5,494", "2018-12-31": "$5,449", "2018-09-30": "$5,602", "2018-06-30": "$5,542", "2018-03-31": "$5,725", "2017-12-31": "$5,880", "2017-09-30": "$5,735", "2017-06-30": "$5,576", "2017-03-31": "$5,352", "2016-12-31": "$5,430", "2016-09-30": "$5,754", "2016-06-30": "$5,717", "2016-03-31": "$5,697", "2015-12-31": "$5,609", "2015-09-30": "$5,546", "2015-06-30": "$5,716", "2015-03-31": "$5,545", "2014-12-31": "$5,794", "2014-09-30": "$6,118", "2014-06-30": "$6,207", "2014-03-31": "$6,240", "2013-12-31": "$6,184", "2013-09-30": "$6,056", "2013-06-30": "$5,863", "2013-03-31": "$5,203", "2012-12-31": "$5,209", "2012-09-30": "$5,136", "2012-06-30": "$4,970", "2012-03-31": "$5,161", "2011-12-31": "$4,986", "2011-09-30": "$4,996", "2011-06-30": "$5,160", "2011-03-31": "$5,037", "2010-12-31": "$4,729", "2010-09-30": "$5,078", "2010-06-30": "$4,693", "2010-03-31": "$4,931", "2009-12-31": "$4,944", "2009-09-30": "$4,971", "2009-06-30": "$4,513", "2009-03-31": "$4,257", "2008-12-31": "$4,303", "2008-09-30": "$4,755", "2008-06-30": "$4,715", "2008-03-31": "$4,613", "2007-12-31": "$2,208", "2007-09-30": "$1,781", "2007-06-30": "$1,603", "2007-03-31": "$1,442", "2006-12-31": "$1,457", "2006-09-30": "$1,317", "2006-06-30": "$1,179", "2006-03-31": "$521", "2005-12-31": "$253", "2005-09-30": "$205", "2005-06-30": "$164", "2005-03-31": "$169"}}, "profit-margins": {"current": "16.56%"}, "gross margin": {"2020-12-31": "51.58%", "2020-09-30": "52.78%", "2020-06-30": "54.51%", "2020-03-31": "56.86%", "2019-12-31": "59.48%", "2019-09-30": "58.51%", "2019-06-30": "59.59%", "2019-03-31": "59.88%", "2018-12-31": "59.06%", "2018-09-30": "60.36%", "2018-06-30": "60.41%", "2018-03-31": "60.44%", "2017-12-31": "61.07%", "2017-09-30": "60.96%", "2017-06-30": "61.06%", "2017-03-31": "61.65%", "2016-12-31": "61.45%", "2016-09-30": "61.53%", "2016-06-30": "60.96%", "2016-03-31": "61.36%", "2015-12-31": "61.42%", "2015-09-30": "59.97%", "2015-06-30": "59.96%", "2015-03-31": "59.10%", "2014-12-31": "59.06%", "2014-09-30": "60.34%", "2014-06-30": "60.83%", "2014-03-31": "59.61%", "2013-12-31": "59.02%", "2013-09-30": "57.60%", "2013-06-30": "55.64%", "2013-03-31": "54.84%", "2012-12-31": "53.65%", "2012-09-30": "52.35%", "2012-06-30": "50.01%", "2012-03-31": "49.34%", "2011-12-31": "49.16%", "2011-09-30": "49.16%", "2011-06-30": "50.03%", "2011-03-31": "48.50%", "2010-12-31": "47.51%", "2010-09-30": "46.12%", "2010-06-30": "44.67%", "2010-03-31": "43.93%", "2009-12-31": "42.60%", "2009-09-30": "41.13%", "2009-06-30": "40.49%", "2009-03-31": "41.57%", "2008-12-31": "40.00%", "2008-09-30": "38.54%", "2008-06-30": "36.55%", "2008-03-31": "33.41%", "2007-12-31": "33.33%", "2007-09-30": "35.32%", "2007-06-30": "37.80%", "2007-03-31": "39.31%", "2006-12-31": "41.44%", "2006-09-30": "43.74%", "2006-06-30": "46.85%", "2006-03-31": "51.28%", "2005-12-31": "59.77%"}, "operating margin": {"2020-12-31": "21.93%", "2020-09-30": "22.48%", "2020-06-30": "21.90%", "2020-03-31": "22.22%", "2019-12-31": "23.86%", "2019-09-30": "23.02%", "2019-06-30": "24.22%", "2019-03-31": "24.73%", "2018-12-31": "24.04%", "2018-09-30": "24.72%", "2018-06-30": "25.10%", "2018-03-31": "24.65%", "2017-12-31": "25.10%", "2017-09-30": "24.61%", "2017-06-30": "24.09%", "2017-03-31": "22.90%", "2016-12-31": "22.57%", "2016-09-30": "24.21%", "2016-06-30": "24.55%", "2016-03-31": "26.43%", "2015-12-31": "21.16%", "2015-09-30": "18.73%", "2015-06-30": "18.31%", "2015-03-31": "17.25%", "2014-12-31": "21.54%", "2014-09-30": "23.88%", "2014-06-30": "23.83%", "2014-03-31": "23.24%", "2013-12-31": "21.43%", "2013-09-30": "20.04%", "2013-06-30": "19.39%", "2013-03-31": "19.90%", "2012-12-31": "22.12%", "2012-09-30": "21.08%", "2012-06-30": "20.59%", "2012-03-31": "19.96%", "2011-12-31": "20.24%", "2011-09-30": "21.08%", "2011-06-30": "21.37%", "2011-03-31": "21.70%", "2010-12-31": "19.77%", "2010-09-30": "18.66%", "2010-06-30": "17.33%", "2010-03-31": "16.70%", "2009-12-31": "17.68%", "2009-09-30": "17.58%", "2009-06-30": "17.83%", "2009-03-31": "18.04%", "2008-12-31": "17.53%", "2008-09-30": "17.05%", "2008-06-30": "16.02%", "2008-03-31": "15.51%", "2007-12-31": "14.98%", "2007-09-30": "15.23%", "2007-06-30": "16.34%", "2007-03-31": "14.20%", "2006-12-31": "13.27%", "2006-09-30": "12.18%", "2006-06-30": "11.03%", "2006-03-31": "12.04%", "2005-12-31": "12.84%"}, "ebitda margin": {"2020-09-30": "26.23%", "2020-06-30": "25.81%", "2020-03-31": "26.38%", "2019-12-31": "28.32%", "2019-09-30": "27.50%", "2019-06-30": "28.98%", "2019-03-31": "29.65%", "2018-12-31": "28.95%", "2018-09-30": "29.70%", "2018-06-30": "29.95%", "2018-03-31": "29.39%", "2017-12-31": "29.86%", "2017-09-30": "29.35%", "2017-06-30": "28.82%", "2017-03-31": "27.60%", "2016-12-31": "27.16%", "2016-09-30": "28.68%", "2016-06-30": "28.79%", "2016-03-31": "30.55%", "2015-12-31": "25.21%", "2015-09-30": "22.63%", "2015-06-30": "22.28%", "2015-03-31": "21.18%", "2014-12-31": "25.46%", "2014-09-30": "27.91%", "2014-06-30": "27.81%", "2014-03-31": "27.10%", "2013-12-31": "25.23%", "2013-09-30": "23.67%", "2013-06-30": "22.88%", "2013-03-31": "23.30%", "2012-12-31": "25.45%", "2012-09-30": "24.45%", "2012-06-30": "23.82%", "2012-03-31": "23.26%", "2011-12-31": "23.59%", "2011-09-30": "24.49%", "2011-06-30": "24.92%", "2011-03-31": "25.16%", "2010-12-31": "23.19%", "2010-09-30": "22.28%", "2010-06-30": "20.92%", "2010-03-31": "20.26%", "2009-12-31": "21.05%", "2009-09-30": "20.48%", "2009-06-30": "20.59%", "2009-03-31": "20.75%", "2008-12-31": "20.08%", "2008-09-30": "19.36%", "2008-06-30": "17.95%", "2008-03-31": "17.19%", "2007-12-31": "16.58%", "2007-09-30": "17.03%", "2007-06-30": "18.62%", "2007-03-31": "17.32%", "2006-12-31": "17.55%", "2006-09-30": "17.62%", "2006-06-30": "17.25%", "2006-03-31": "18.70%", "2005-12-31": "20.45%"}, "pre tax profit margin": {"2020-12-31": "21.55%", "2020-09-30": "22.90%", "2020-06-30": "21.49%", "2020-03-31": "21.39%", "2019-12-31": "23.91%", "2019-09-30": "25.28%", "2019-06-30": "25.93%", "2019-03-31": "27.32%", "2018-12-31": "24.88%", "2018-09-30": "22.78%", "2018-06-30": "23.37%", "2018-03-31": "21.69%", "2017-12-31": "22.09%", "2017-09-30": "6.49%", "2017-06-30": "5.64%", "2017-03-31": "4.06%", "2016-12-31": "3.59%", "2016-09-30": "21.07%", "2016-06-30": "21.61%", "2016-03-31": "23.51%", "2015-12-31": "18.51%", "2015-09-30": "14.73%", "2015-06-30": "14.17%", "2015-03-31": "13.06%", "2014-12-31": "16.97%", "2014-09-30": "21.35%", "2014-06-30": "21.19%", "2014-03-31": "20.71%", "2013-12-31": "18.69%", "2013-09-30": "16.58%", "2013-06-30": "15.69%", "2013-03-31": "15.36%", "2012-12-31": "17.56%", "2012-09-30": "16.09%", "2012-06-30": "16.21%", "2012-03-31": "16.28%", "2011-12-31": "16.67%", "2011-09-30": "17.82%", "2011-06-30": "18.02%", "2011-03-31": "18.21%", "2010-12-31": "16.48%", "2010-09-30": "13.28%", "2010-06-30": "11.27%", "2010-03-31": "10.28%", "2009-12-31": "11.46%", "2009-09-30": "11.44%", "2009-06-30": "11.22%", "2009-03-31": "12.33%", "2008-12-31": "14.05%", "2008-09-30": "17.36%", "2008-06-30": "34.28%", "2008-03-31": "35.64%", "2007-12-31": "32.59%", "2007-09-30": "34.59%", "2007-06-30": "14.26%", "2007-03-31": "11.79%", "2006-12-31": "12.91%", "2006-09-30": "9.32%", "2006-06-30": "9.17%", "2006-03-31": "10.49%", "2005-12-31": "12.05%"}, "net profit margin": {"2020-12-31": "16.56%", "2020-09-30": "17.42%", "2020-06-30": "16.22%", "2020-03-31": "15.95%", "2019-12-31": "18.16%", "2019-09-30": "12.17%", "2019-06-30": "12.86%", "2019-03-31": "12.68%", "2018-12-31": "10.71%", "2018-09-30": "17.95%", "2018-06-30": "18.11%", "2018-03-31": "17.87%", "2017-12-31": "18.47%", "2017-09-30": "6.59%", "2017-06-30": "5.64%", "2017-03-31": "3.77%", "2016-12-31": "2.86%", "2016-09-30": "13.37%", "2016-06-30": "13.79%", "2016-03-31": "15.97%", "2015-12-31": "12.58%", "2015-09-30": "10.62%", "2015-06-30": "10.35%", "2015-03-31": "9.25%", "2014-12-31": "11.83%", "2014-09-30": "13.68%", "2014-06-30": "13.44%", "2014-03-31": "13.25%", "2013-12-31": "11.99%", "2013-09-30": "10.52%", "2013-06-30": "9.94%", "2013-03-31": "10.10%", "2012-12-31": "11.28%", "2012-09-30": "10.85%", "2012-06-30": "10.84%", "2012-03-31": "10.74%", "2011-12-31": "11.26%", "2011-09-30": "13.10%", "2011-06-30": "13.59%", "2011-03-31": "13.51%", "2010-12-31": "12.35%", "2010-09-30": "9.32%", "2010-06-30": "7.92%", "2010-03-31": "7.09%", "2009-12-31": "7.80%", "2009-09-30": "7.13%", "2009-06-30": "6.74%", "2009-03-31": "7.69%", "2008-12-31": "8.60%", "2008-09-30": "10.88%", "2008-06-30": "22.53%", "2008-03-31": "23.10%", "2007-12-31": "21.26%", "2007-09-30": "22.61%", "2007-06-30": "8.47%", "2007-03-31": "7.02%", "2006-12-31": "7.66%", "2006-09-30": "5.44%", "2006-06-30": "5.13%", "2006-03-31": "5.57%", "2005-12-31": "6.25%"}, "pe ratio": {"current": "23.20", "2021-02-11": "33.50", "2020-12-31": "31.23", "2020-09-30": "22.39", "2020-06-30": "24.80", "2020-03-31": "21.47", "2019-12-31": "22.73", "2019-09-30": "30.86", "2019-06-30": "29.08", "2019-03-31": "26.91", "2018-12-31": "28.91", "2018-09-30": "18.53", "2018-06-30": "19.44", "2018-03-31": "18.70", "2017-12-31": "16.82", "2017-09-30": "48.03", "2017-06-30": "52.30", "2017-03-31": "77.93", "2016-12-31": "100.38", "2016-09-30": "21.87", "2016-06-30": "20.63", "2016-03-31": "18.79", "2015-12-31": "21.19", "2015-09-30": "22.80", "2015-06-30": "21.69", "2015-03-31": "24.72", "2014-12-31": "17.96", "2014-09-30": "14.02", "2014-06-30": "12.96", "2014-03-31": "12.68", "2013-12-31": "15.68", "2013-09-30": "14.63", "2013-06-30": "16.04", "2013-03-31": "15.65", "2012-12-31": "10.69", "2012-09-30": "10.16", "2012-06-30": "9.41", "2012-03-31": "10.79", "2011-12-31": "9.78", "2011-09-30": "8.30", "2011-06-30": "9.52", "2011-03-31": "9.94", "2010-12-31": "10.50", "2010-09-30": "11.53", "2010-06-30": "12.45", "2010-03-31": "16.55", "2009-12-31": "13.54", "2009-09-30": "14.74", "2009-06-30": "14.92", "2009-03-31": "12.21", "2008-12-31": "13.03", "2008-09-30": "13.25", "2008-06-30": "5.53", "2008-03-31": "8.23", "2007-12-31": "12.22", "2007-09-30": "9.55", "2007-06-30": "21.51", "2007-03-31": "27.31", "2006-12-31": "27.98"}, "price sales": {"2021-02-11": "4.22", "2020-12-31": "3.94", "2020-09-30": "3.90", "2020-06-30": "4.02", "2020-03-31": "3.42", "2019-12-31": "4.12", "2019-09-30": "3.75", "2019-06-30": "3.73", "2019-03-31": "3.41", "2018-12-31": "3.09", "2018-09-30": "3.33", "2018-06-30": "3.54", "2018-03-31": "3.36", "2017-12-31": "3.12", "2017-09-30": "3.17", "2017-06-30": "2.93", "2017-03-31": "2.90", "2016-12-31": "2.83", "2016-09-30": "2.93", "2016-06-30": "2.85", "2016-03-31": "3.00", "2015-12-31": "2.68", "2015-09-30": "2.41", "2015-06-30": "2.24", "2015-03-31": "2.28", "2014-12-31": "2.12", "2014-09-30": "1.91", "2014-06-30": "1.73", "2014-03-31": "1.67", "2013-12-31": "1.87", "2013-09-30": "1.55", "2013-06-30": "1.60", "2013-03-31": "1.58", "2012-12-31": "1.21", "2012-09-30": "1.10", "2012-06-30": "1.02", "2012-03-31": "1.16", "2011-12-31": "1.10", "2011-09-30": "1.09", "2011-06-30": "1.30", "2011-03-31": "1.36", "2010-12-31": "1.33", "2010-09-30": "1.08", "2010-06-30": "0.99", "2010-03-31": "1.18", "2009-12-31": "1.06", "2009-09-30": "1.05", "2009-06-30": "1.01", "2009-03-31": "0.95", "2008-12-31": "1.17", "2008-09-30": "1.50", "2008-06-30": "1.33", "2008-03-31": "1.95", "2007-12-31": "2.64", "2007-09-30": "2.18", "2007-06-30": "1.93", "2007-03-31": "2.04", "2006-12-31": "2.25"}, "price book": {"current": "3.65", "2021-02-11": "3.88", "2020-09-30": "3.33", "2020-06-30": "3.38", "2020-03-31": "2.86", "2019-12-31": "3.08", "2019-09-30": "2.99", "2019-06-30": "2.79", "2019-03-31": "2.56", "2018-12-31": "2.38", "2018-09-30": "2.41", "2018-06-30": "2.59", "2018-03-31": "2.39", "2017-12-31": "2.07", "2017-09-30": "2.12", "2017-06-30": "2.00", "2017-03-31": "2.00", "2016-12-31": "1.91", "2016-09-30": "1.79", "2016-06-30": "1.72", "2016-03-31": "1.75", "2015-12-31": "1.55", "2015-09-30": "1.43", "2015-06-30": "1.30", "2015-03-31": "1.39", "2014-12-31": "1.25", "2014-09-30": "1.04", "2014-06-30": "0.93", "2014-03-31": "0.89", "2013-12-31": "0.96", "2013-09-30": "0.78", "2013-06-30": "0.82", "2013-03-31": "0.90", "2012-12-31": "0.69", "2012-09-30": "0.65", "2012-06-30": "0.66", "2012-03-31": "0.74", "2011-12-31": "0.73", "2011-09-30": "0.70", "2011-06-30": "0.74", "2011-03-31": "0.77", "2010-12-31": "0.75", "2010-09-30": "0.65", "2010-06-30": "0.66", "2010-03-31": "0.77", "2009-12-31": "0.72", "2009-09-30": "0.76", "2009-06-30": "0.82", "2009-03-31": "0.79", "2008-12-31": "0.99", "2008-09-30": "1.10", "2008-06-30": "0.96", "2008-03-31": "1.43", "2007-12-31": "2.66", "2007-09-30": "2.05", "2007-06-30": "1.79", "2007-03-31": "1.96", "2006-12-31": "2.03", "2006-09-30": "2.19", "2006-06-30": "2.42", "2006-03-31": "6.09"}, "price fcf": {"2021-02-11": "", "2020-09-30": "$5.91", "2020-06-30": "$6.79", "2020-03-31": "$5.23", "2019-12-31": "$5.01", "2019-09-30": "$5.11", "2019-06-30": "$4.58", "2019-03-31": "$5.24", "2018-12-31": "$5.47", "2018-09-30": "$5.09", "2018-06-30": "$5.48", "2018-03-31": "$5.41", "2017-12-31": "$4.51", "2017-09-30": "$4.38", "2017-06-30": "$4.23", "2017-03-31": "$3.65", "2016-12-31": "$3.80", "2016-09-30": "$3.65", "2016-06-30": "$3.70", "2016-03-31": "$3.65", "2015-12-31": "$3.47", "2015-09-30": "$3.25", "2015-06-30": "$3.02", "2015-03-31": "$3.17", "2014-12-31": "$2.84", "2014-09-30": "$3.00", "2014-06-30": "$3.28", "2014-03-31": "$2.79", "2013-12-31": "$2.68", "2013-09-30": "$2.68", "2013-06-30": "$2.54", "2013-03-31": "$3.14", "2012-12-31": "$2.90", "2012-09-30": "$2.82", "2012-06-30": "$2.58", "2012-03-31": "$2.86", "2011-12-31": "$3.23", "2011-09-30": "$2.95", "2011-06-30": "$3.21", "2011-03-31": "$2.94", "2010-12-31": "$1.93", "2010-09-30": "$2.69", "2010-06-30": "$2.50", "2010-03-31": "$2.00", "2009-12-31": "$2.44", "2009-09-30": "$2.70", "2009-06-30": "$0.79", "2009-03-31": "$0.23", "2008-12-31": "$0.79", "2008-09-30": "$-0.73", "2008-06-30": "$0.78", "2008-03-31": "$1.40", "2007-12-31": "$1.02", "2007-09-30": "$1.25", "2007-06-30": "$1.98", "2007-03-31": "$1.53", "2006-12-31": "$1.46"}, "net worth": {"value": "$23.48B"}, "current ratio": {"2020-12-31": "1.56", "2020-09-30": "1.16", "2020-06-30": "1.11", "2020-03-31": "0.97", "2019-12-31": "1.02", "2019-09-30": "0.95", "2019-06-30": "0.96", "2019-03-31": "0.84", "2018-12-31": "0.97", "2018-09-30": "0.94", "2018-06-30": "0.93", "2018-03-31": "0.93", "2017-12-31": "1.05", "2017-09-30": "1.15", "2017-06-30": "0.99", "2017-03-31": "1.01", "2016-12-31": "1.12", "2016-09-30": "1.07", "2016-06-30": "1.07", "2016-03-31": "1.07", "2015-12-31": "1.12", "2015-09-30": "1.11", "2015-06-30": "1.10", "2015-03-31": "1.07", "2014-12-31": "1.14", "2014-09-30": "1.11", "2014-06-30": "1.09", "2014-03-31": "0.98", "2013-12-31": "1.13", "2013-09-30": "1.14", "2013-06-30": "1.08", "2013-03-31": "1.44", "2012-12-31": "1.47", "2012-09-30": "1.65", "2012-06-30": "1.43", "2012-03-31": "1.64", "2011-12-31": "1.09", "2011-09-30": "1.14", "2011-06-30": "1.09", "2011-03-31": "1.04", "2010-12-31": "1.03", "2010-09-30": "1.22", "2010-06-30": "1.24", "2010-03-31": "1.25", "2009-12-31": "1.18", "2009-09-30": "1.12", "2009-06-30": "1.11", "2009-03-31": "1.07", "2008-12-31": "1.07", "2008-09-30": "1.32", "2008-06-30": "1.36", "2008-03-31": "1.37", "2007-12-31": "4.09", "2007-09-30": "3.26", "2007-06-30": "4.20", "2007-03-31": "4.37", "2006-12-31": "5.02", "2006-09-30": "6.11", "2006-06-30": "5.83", "2006-03-31": "2.48", "2005-12-31": "1.84", "2005-09-30": "3.01", "2005-06-30": "2.76", "2005-03-31": "1.80"}, "quick ratio": {"2020-12-31": "0.00", "2020-09-30": "0.00", "2020-06-30": "0.00", "2020-03-31": "0.00", "2019-12-31": "0.00", "2019-09-30": "0.89", "2019-06-30": "0.00", "2019-03-31": "0.00", "2018-12-31": "0.00", "2018-09-30": "0.00", "2018-06-30": "0.00", "2018-03-31": "0.00", "2017-12-31": "0.00", "2017-09-30": "0.00", "2017-06-30": "0.00", "2017-03-31": "0.00", "2016-12-31": "0.00", "2016-09-30": "0.00", "2016-06-30": "0.00", "2016-03-31": "0.00", "2015-12-31": "0.00", "2015-09-30": "0.00", "2015-06-30": "0.00", "2015-03-31": "0.00", "2014-12-31": "0.00", "2014-09-30": "0.00", "2014-06-30": "0.00", "2014-03-31": "0.00", "2013-12-31": "0.00", "2013-09-30": "0.00", "2013-06-30": "0.00", "2013-03-31": "0.00", "2012-12-31": "0.00", "2012-09-30": "0.00", "2012-06-30": "0.00", "2012-03-31": "0.00", "2011-12-31": "0.00", "2011-09-30": "0.00", "2011-06-30": "0.00", "2011-03-31": "0.00", "2010-12-31": "0.00", "2010-09-30": "1.07", "2010-06-30": "1.11", "2010-03-31": "1.15", "2009-12-31": "0.00", "2009-09-30": "1.07", "2009-06-30": "1.05", "2009-03-31": "1.02", "2008-12-31": "0.00", "2008-09-30": "1.21", "2008-06-30": "1.27", "2008-03-31": "1.28", "2007-12-31": "0.00", "2007-09-30": "0.00", "2007-06-30": "0.00", "2007-03-31": "0.00", "2006-12-31": "0.00", "2006-09-30": "0.00", "2006-06-30": "0.00", "2006-03-31": "0.00", "2005-12-31": "0.00", "2005-09-30": "0.00", "2005-06-30": "0.00", "2005-03-31": "0.00"}, "debt equity ratio": {"current": "0.86", "2020-12-31": "1.79", "2020-09-30": "1.47", "2020-06-30": "1.53", "2020-03-31": "1.74", "2019-12-31": "1.47", "2019-09-30": "1.44", "2019-06-30": "1.55", "2019-03-31": "1.64", "2018-12-31": "1.88", "2018-09-30": "1.65", "2018-06-30": "1.73", "2018-03-31": "1.76", "2017-12-31": "1.61", "2017-09-30": "1.63", "2017-06-30": "1.63", "2017-03-31": "1.71", "2016-12-31": "1.61", "2016-09-30": "1.57", "2016-06-30": "1.64", "2016-03-31": "1.41", "2015-12-31": "1.12", "2015-09-30": "1.12", "2015-06-30": "1.12", "2015-03-31": "1.21", "2014-12-31": "1.08", "2014-09-30": "1.08", "2014-06-30": "1.11", "2014-03-31": "1.08", "2013-12-31": "1.03", "2013-09-30": "1.06", "2013-06-30": "1.04", "2013-03-31": "0.77", "2012-12-31": "0.75", "2012-09-30": "0.74", "2012-06-30": "0.80", "2012-03-31": "0.75", "2011-12-31": "1.83", "2011-09-30": "1.63", "2011-06-30": "1.76", "2011-03-31": "2.59", "2010-12-31": "2.43", "2010-09-30": "1.04", "2010-06-30": "1.11", "2010-03-31": "1.13", "2009-12-31": "1.17", "2009-09-30": "1.48", "2009-06-30": "1.58", "2009-03-31": "1.93", "2008-12-31": "1.96", "2008-09-30": "1.15", "2008-06-30": "0.90", "2008-03-31": "0.91", "2007-12-31": "0.35", "2007-09-30": "0.69", "2007-06-30": "1.50", "2007-03-31": "1.61", "2006-12-31": "1.55", "2006-09-30": "1.69", "2006-06-30": "1.90", "2006-03-31": "3.50", "2005-12-31": "7.09", "2005-09-30": "4.43", "2005-06-30": "5.55", "2005-03-31": "4.27"}, "return on equity": {"2020-12-31": "15.79%", "2020-09-30": "15.98%", "2020-06-30": "14.41%", "2020-03-31": "13.32%", "2019-12-31": "14.07%", "2019-09-30": "9.66%", "2019-06-30": "9.78%", "2019-03-31": "9.56%", "2018-12-31": "8.21%", "2018-09-30": "13.13%", "2018-06-30": "13.18%", "2018-03-31": "12.88%", "2017-12-31": "12.94%", "2017-09-30": "4.65%", "2017-06-30": "3.94%", "2017-03-31": "2.55%", "2016-12-31": "1.88%", "2016-09-30": "8.45%", "2016-06-30": "8.65%", "2016-03-31": "9.77%", "2015-12-31": "7.64%", "2015-09-30": "6.50%", "2015-06-30": "6.08%", "2015-03-31": "5.41%", "2014-12-31": "6.80%", "2014-09-30": "7.58%", "2014-06-30": "7.44%", "2014-03-31": "7.33%", "2013-12-31": "6.61%", "2013-09-30": "5.88%", "2013-06-30": "5.68%", "2013-03-31": "6.02%", "2012-12-31": "6.88%", "2012-09-30": "6.87%", "2012-06-30": "7.34%", "2012-03-31": "7.25%", "2011-12-31": "7.67%", "2011-09-30": "8.87%", "2011-06-30": "8.66%", "2011-03-31": "8.95%", "2010-12-31": "8.11%", "2010-09-30": "6.13%", "2010-06-30": "5.32%", "2010-03-31": "4.81%", "2009-12-31": "5.69%", "2009-09-30": "5.72%", "2009-06-30": "5.74%", "2009-03-31": "6.37%", "2008-12-31": "6.83%", "2008-09-30": "8.79%", "2008-06-30": "19.97%", "2008-03-31": "24.34%", "2007-12-31": "29.46%", "2007-09-30": "31.96%", "2007-06-30": "11.48%", "2007-03-31": "9.49%", "2006-12-31": "11.35%", "2006-09-30": "9.79%", "2006-06-30": "12.23%", "2006-03-31": "21.35%", "2005-12-31": "27.81%"}, "return on assets": {"2020-12-31": "6.00%", "2020-09-30": "6.27%", "2020-06-30": "5.67%", "2020-03-31": "5.23%", "2019-12-31": "5.57%", "2019-09-30": "3.68%", "2019-06-30": "3.65%", "2019-03-31": "3.51%", "2018-12-31": "2.98%", "2018-09-30": "4.89%", "2018-06-30": "4.92%", "2018-03-31": "4.85%", "2017-12-31": "4.89%", "2017-09-30": "1.76%", "2017-06-30": "1.50%", "2017-03-31": "0.97%", "2016-12-31": "0.73%", "2016-09-30": "3.47%", "2016-06-30": "3.72%", "2016-03-31": "4.46%", "2015-12-31": "3.57%", "2015-09-30": "3.05%", "2015-06-30": "2.87%", "2015-03-31": "2.55%", "2014-12-31": "3.26%", "2014-09-30": "3.65%", "2014-06-30": "3.59%", "2014-03-31": "3.57%", "2013-12-31": "3.33%", "2013-09-30": "3.07%", "2013-06-30": "3.10%", "2013-03-31": "3.42%", "2012-12-31": "3.91%", "2012-09-30": "3.40%", "2012-06-30": "3.27%", "2012-03-31": "2.92%", "2011-12-31": "2.60%", "2011-09-30": "2.87%", "2011-06-30": "2.94%", "2011-03-31": "3.21%", "2010-12-31": "3.35%", "2010-09-30": "2.90%", "2010-06-30": "2.39%", "2010-03-31": "2.06%", "2009-12-31": "2.26%", "2009-09-30": "2.10%", "2009-06-30": "2.17%", "2009-03-31": "2.59%", "2008-12-31": "3.08%", "2008-09-30": "4.63%", "2008-06-30": "11.21%", "2008-03-31": "13.23%", "2007-12-31": "15.07%", "2007-09-30": "13.86%", "2007-06-30": "4.44%", "2007-03-31": "3.55%", "2006-12-31": "3.90%", "2006-09-30": "2.82%", "2006-06-30": "2.96%", "2006-03-31": "3.71%", "2005-12-31": "4.30%"}, "return on investments": {"2020-12-31": "12.60%", "2020-09-30": "13.13%", "2020-06-30": "12.48%", "2020-03-31": "12.02%", "2019-12-31": "12.22%", "2019-09-30": "12.06%", "2019-06-30": "12.15%", "2019-03-31": "12.29%", "2018-12-31": "11.89%", "2018-09-30": "11.50%", "2018-06-30": "11.47%", "2018-03-31": "11.17%", "2017-12-31": "10.96%", "2017-09-30": "10.79%", "2017-06-30": "10.43%", "2017-03-31": "9.45%", "2016-12-31": "9.24%", "2016-09-30": "9.92%", "2016-06-30": "10.33%", "2016-03-31": "11.33%", "2015-12-31": "9.06%", "2015-09-30": "8.11%", "2015-06-30": "7.69%", "2015-03-31": "7.23%", "2014-12-31": "9.00%", "2014-09-30": "9.59%", "2014-06-30": "9.45%", "2014-03-31": "9.11%", "2013-12-31": "8.33%", "2013-09-30": "7.98%", "2013-06-30": "8.00%", "2013-03-31": "8.68%", "2012-12-31": "9.80%", "2012-09-30": "9.60%", "2012-06-30": "9.92%", "2012-03-31": "9.58%", "2011-12-31": "9.72%", "2011-09-30": "9.98%", "2011-06-30": "9.64%", "2011-03-31": "10.16%", "2010-12-31": "9.23%", "2010-09-30": "8.85%", "2010-06-30": "8.36%", "2010-03-31": "8.07%", "2009-12-31": "9.00%", "2009-09-30": "9.57%", "2009-06-30": "10.11%", "2009-03-31": "10.18%", "2008-12-31": "9.79%", "2008-09-30": "10.26%", "2008-06-30": "11.13%", "2008-03-31": "12.06%", "2007-12-31": "13.81%", "2007-09-30": "12.07%", "2007-06-30": "10.84%", "2007-03-31": "8.94%", "2006-12-31": "8.50%", "2006-09-30": "8.09%", "2006-06-30": "8.60%", "2006-03-31": "11.87%", "2005-12-31": "14.23%"}, "return on tangible equity": {"2020-09-30": "-30.74%", "2020-06-30": "-26.14%", "2020-03-31": "-23.58%", "2019-12-31": "-24.83%", "2019-09-30": "-16.59%", "2019-06-30": "-17.06%", "2019-03-31": "-16.65%", "2018-12-31": "-14.39%", "2018-09-30": "-23.55%", "2018-06-30": "-24.92%", "2018-03-31": "-25.22%", "2017-12-31": "-25.93%", "2017-09-30": "-9.55%", "2017-06-30": "-7.62%", "2017-03-31": "-4.74%", "2016-12-31": "-3.78%", "2016-09-30": "-18.72%", "2016-06-30": "-21.83%", "2016-03-31": "-29.73%", "2015-12-31": "-23.90%", "2015-09-30": "-20.28%", "2015-06-30": "-19.34%", "2015-03-31": "-16.64%", "2014-12-31": "-20.23%", "2014-09-30": "-21.43%", "2014-06-30": "-19.53%", "2014-03-31": "-18.21%", "2013-12-31": "-16.69%", "2013-09-30": "-15.23%", "2013-06-30": "-15.46%", "2013-03-31": "-17.52%", "2012-12-31": "-19.95%", "2012-09-30": "-19.87%", "2012-06-30": "-21.34%", "2012-03-31": "-20.70%", "2011-12-31": "-20.76%", "2011-09-30": "-22.52%", "2011-06-30": "-22.24%", "2011-03-31": "-24.34%", "2010-12-31": "-24.05%", "2010-09-30": "-20.33%", "2010-06-30": "-17.61%", "2010-03-31": "-14.99%", "2009-12-31": "-16.54%", "2009-09-30": "-15.36%", "2009-06-30": "-13.79%", "2009-03-31": "-16.02%", "2008-12-31": "-17.88%", "2008-09-30": "-34.04%", "2008-06-30": "-211.95%", "2008-03-31": "470.45%", "2007-12-31": "91.44%", "2007-09-30": "138.58%", "2007-06-30": "70.69%", "2007-03-31": "94.12%", "2006-12-31": "-141.90%", "2006-09-30": "-21.18%", "2006-06-30": "-16.48%", "2006-03-31": "-15.22%", "2005-12-31": "-23.58%"}, "dividend yield history": {"last payout": "$1.96", "last yield": "1.37%"}}