{"ticker": "NKTR", "price": {"title": "Nektar Therapeutics Historical Annual Stock Price Data", "value": 20.18, "historical": {"2021": {"Average Stock Price": "18.4592", "Year Open": "17.6600", "Year High": "20.6900", "Year Low": "16.5600", "Year Close": "20.1800", "Annual % Change": "18.71%"}, "2020": {"Average Stock Price": "19.8952", "Year Open": "20.9600", "Year High": "27.9600", "Year Low": "14.4700", "Year Close": "17.0000", "Annual % Change": "-21.24%"}, "2019": {"Average Stock Price": "29.0393", "Year Open": "34.2200", "Year High": "46.3500", "Year Low": "15.8700", "Year Close": "21.5850", "Annual % Change": "-34.33%"}, "2018": {"Average Stock Price": "64.8573", "Year Open": "57.6500", "Year High": "108.4400", "Year Low": "30.4300", "Year Close": "32.8700", "Annual % Change": "-44.96%"}, "2017": {"Average Stock Price": "23.6689", "Year Open": "12.6900", "Year High": "60.5000", "Year Low": "11.7500", "Year Close": "59.7200", "Annual % Change": "386.72%"}, "2016": {"Average Stock Price": "14.6323", "Year Open": "16.2000", "Year High": "19.6800", "Year Low": "11.0000", "Year Close": "12.2700", "Annual % Change": "-27.18%"}, "2015": {"Average Stock Price": "12.6614", "Year Open": "15.1650", "Year High": "17.4100", "Year Low": "9.5000", "Year Close": "16.8500", "Annual % Change": "8.71%"}, "2014": {"Average Stock Price": "13.0060", "Year Open": "11.8700", "Year High": "17.0500", "Year Low": "10.5300", "Year Close": "15.5000", "Annual % Change": "36.56%"}, "2013": {"Average Stock Price": "10.6668", "Year Open": "7.5400", "Year High": "13.9600", "Year Low": "7.5400", "Year Close": "11.3500", "Annual % Change": "53.17%"}, "2012": {"Average Stock Price": "7.8108", "Year Open": "5.7600", "Year High": "10.8300", "Year Low": "5.6800", "Year Close": "7.4100", "Annual % Change": "32.44%"}, "2011": {"Average Stock Price": "7.5754", "Year Open": "12.5300", "Year High": "12.5300", "Year Low": "4.2200", "Year Close": "5.5950", "Annual % Change": "-56.46%"}, "2010": {"Average Stock Price": "13.4286", "Year Open": "9.6800", "Year High": "15.8800", "Year Low": "9.3900", "Year Close": "12.8500", "Annual % Change": "37.88%"}, "2009": {"Average Stock Price": "6.9010", "Year Open": "5.7900", "Year High": "10.4700", "Year Low": "4.0300", "Year Close": "9.3200", "Annual % Change": "67.63%"}, "2008": {"Average Stock Price": "5.0190", "Year Open": "6.6000", "Year High": "7.5000", "Year Low": "2.8300", "Year Close": "5.5600", "Annual % Change": "-17.14%"}, "2007": {"Average Stock Price": "9.9415", "Year Open": "15.2400", "Year High": "15.2400", "Year Low": "5.2200", "Year Close": "6.7100", "Annual % Change": "-55.88%"}, "2006": {"Average Stock Price": "17.8389", "Year Open": "16.4400", "Year High": "22.7500", "Year Low": "13.1000", "Year Close": "15.2100", "Annual % Change": "-7.59%"}, "2005": {"Average Stock Price": "16.7294", "Year Open": "19.7600", "Year High": "19.8000", "Year Low": "13.4100", "Year Close": "16.4600", "Annual % Change": "-18.68%"}, "2004": {"Average Stock Price": "17.5096", "Year Open": "14.3000", "Year High": "23.2400", "Year Low": "9.6900", "Year Close": "20.2400", "Annual % Change": "48.71%"}, "2003": {"Average Stock Price": "9.8080", "Year Open": "8.5600", "Year High": "14.9410", "Year Low": "4.4600", "Year Close": "13.6100", "Annual % Change": "68.44%"}, "2002": {"Average Stock Price": "8.7516", "Year Open": "18.2200", "Year High": "18.2200", "Year Low": "4.1300", "Year Close": "8.0800", "Annual % Change": "-56.44%"}, "2001": {"Average Stock Price": "22.9463", "Year Open": "44.5000", "Year High": "48.2500", "Year Low": "11.0100", "Year Close": "18.5500", "Annual % Change": "-63.27%"}, "2000": {"Average Stock Price": "43.1314", "Year Open": "20.8450", "Year High": "63.3100", "Year Low": "20.8450", "Year Close": "50.5000", "Annual % Change": "137.31%"}, "1999": {"Average Stock Price": "14.5148", "Year Open": "17.0000", "Year High": "21.8450", "Year Low": "11.5000", "Year Close": "21.2800", "Annual % Change": "28.97%"}, "1998": {"Average Stock Price": "14.1301", "Year Open": "12.8450", "Year High": "17.1250", "Year Low": "10.7500", "Year Close": "16.5000", "Annual % Change": "26.92%"}, "1997": {"Average Stock Price": "11.8156", "Year Open": "7.6250", "Year High": "18.2500", "Year Low": "7.6250", "Year Close": "13.0000", "Annual % Change": "71.96%"}, "1996": {"Average Stock Price": "7.5270", "Year Open": "5.1250", "Year High": "10.3100", "Year Low": "5.0000", "Year Close": "7.5600", "Annual % Change": "55.08%"}, "1995": {"Average Stock Price": "4.7988", "Year Open": "4.5000", "Year High": "7.1900", "Year Low": "3.5000", "Year Close": "4.8750", "Annual % Change": "5.41%"}}}, "market cap": {"value": "$3.62B"}, "income statement": {"Revenue": {"2019-12-31": "114.61700", "2018-12-31": "1193.32300", "2017-12-31": "307.71100", "2016-12-31": "165.43600", "2015-12-31": "230.78400", "2014-12-31": "200.70700", "2013-12-31": "148.92100", "2012-12-31": "81.19100", "2011-12-31": "71.48000", "2010-12-31": "159.03900", "2009-12-31": "71.93100", "2008-12-31": "90.18500", "2007-12-31": "273.02700", "2006-12-31": "217.71800", "2005-12-31": "126.27900"}, "Cost Of Goods Sold": {"2019-12-31": "21.37400", "2018-12-31": "24.41200", "2017-12-31": "30.54700", "2016-12-31": "30.21500", "2015-12-31": "34.10200", "2014-12-31": "28.53300", "2013-12-31": "38.50900", "2012-12-31": "30.42800", "2011-12-31": "21.89100", "2010-12-31": "25.66700", "2009-12-31": "30.94800", "2008-12-31": "35.03700", "2007-12-31": "147.51700", "2006-12-31": "118.08900", "2005-12-31": "35.99600"}, "Gross Profit": {"2019-12-31": "93.24300", "2018-12-31": "1168.91100", "2017-12-31": "277.16400", "2016-12-31": "135.22100", "2015-12-31": "196.68200", "2014-12-31": "172.17400", "2013-12-31": "110.41200", "2012-12-31": "50.76300", "2011-12-31": "49.58900", "2010-12-31": "133.37200", "2009-12-31": "40.98300", "2008-12-31": "55.14800", "2007-12-31": "125.51000", "2006-12-31": "99.62900", "2005-12-31": "90.28300"}, "Research And Development Expenses": {"2019-12-31": "434.56600", "2018-12-31": "399.53600", "2017-12-31": "268.46100", "2016-12-31": "203.80100", "2015-12-31": "182.78700", "2014-12-31": "147.73400", "2013-12-31": "190.01000", "2012-12-31": "148.67500", "2011-12-31": "126.76600", "2010-12-31": "108.06500", "2009-12-31": "95.10900", "2008-12-31": "154.41700", "2007-12-31": "153.57500", "2006-12-31": "149.38100", "2005-12-31": "151.65900"}, "SG&A Expenses": {"2019-12-31": "98.71200", "2018-12-31": "81.44300", "2017-12-31": "52.36400", "2016-12-31": "44.27500", "2015-12-31": "43.26600", "2014-12-31": "40.92500", "2013-12-31": "40.53200", "2012-12-31": "41.61400", "2011-12-31": "46.76000", "2010-12-31": "40.98600", "2009-12-31": "41.00600", "2008-12-31": "51.49700", "2007-12-31": "58.86500", "2006-12-31": "82.35800", "2005-12-31": "43.85200"}, "Other Operating Income Or Expenses": {"2019-12-31": "", "2018-12-31": "", "2017-12-31": "-15.98100", "2016-12-31": "", "2015-12-31": "", "2014-12-31": "", "2013-12-31": "", "2012-12-31": "-1.67500", "2011-12-31": "", "2010-12-31": "-12.57600", "2009-12-31": "", "2008-12-31": "68.11400", "2007-12-31": "50.78200", "2006-12-31": "-27.12000", "2005-12-31": "-65.34000"}, "Operating Expenses": {"2019-12-31": "554.65200", "2018-12-31": "505.39100", "2017-12-31": "367.35300", "2016-12-31": "278.29100", "2015-12-31": "260.15500", "2014-12-31": "217.19200", "2013-12-31": "269.05100", "2012-12-31": "222.39200", "2011-12-31": "195.41700", "2010-12-31": "187.29400", "2009-12-31": "167.06300", "2008-12-31": "172.83700", "2007-12-31": "309.17500", "2006-12-31": "376.94800", "2005-12-31": "308.91200"}, "Operating Income": {"2019-12-31": "-440.03500", "2018-12-31": "687.93200", "2017-12-31": "-59.64200", "2016-12-31": "-112.85500", "2015-12-31": "-29.37100", "2014-12-31": "-16.48500", "2013-12-31": "-120.13000", "2012-12-31": "-141.20100", "2011-12-31": "-123.93700", "2010-12-31": "-28.25500", "2009-12-31": "-95.13200", "2008-12-31": "-82.65200", "2007-12-31": "-36.14800", "2006-12-31": "-159.23000", "2005-12-31": "-182.63300"}, "Total Non-Operating Income/Expense": {"2019-12-31": "-0.01900", "2018-12-31": "-5.20700", "2017-12-31": "-36.43400", "2016-12-31": "-39.79300", "2015-12-31": "-51.30000", "2014-12-31": "-37.94300", "2013-12-31": "-39.63800", "2012-12-31": "-30.24800", "2011-12-31": "-9.02300", "2010-12-31": "-8.80200", "2009-12-31": "-7.64000", "2008-12-31": "47.51000", "2007-12-31": "4.69600", "2006-12-31": "5.29700", "2005-12-31": "-2.61500"}, "Pre-Tax Income": {"2019-12-31": "-440.05400", "2018-12-31": "682.72500", "2017-12-31": "-96.07600", "2016-12-31": "-152.64800", "2015-12-31": "-80.67100", "2014-12-31": "-54.42800", "2013-12-31": "-159.76800", "2012-12-31": "-171.44900", "2011-12-31": "-132.96000", "2010-12-31": "-37.05700", "2009-12-31": "-102.77200", "2008-12-31": "-35.14200", "2007-12-31": "-31.45200", "2006-12-31": "-153.93300", "2005-12-31": "-185.24800"}, "Income Taxes": {"2019-12-31": "0.61300", "2018-12-31": "1.41200", "2017-12-31": "0.61600", "2016-12-31": "0.87600", "2015-12-31": "0.50600", "2014-12-31": "-0.51200", "2013-12-31": "2.24500", "2012-12-31": "0.40600", "2011-12-31": "1.01800", "2010-12-31": "0.88100", "2009-12-31": "-0.25300", "2008-12-31": "-0.80600", "2007-12-31": "1.30900", "2006-12-31": "0.82800", "2005-12-31": "-0.13700"}, "Income After Taxes": {"2019-12-31": "-440.66700", "2018-12-31": "681.31300", "2017-12-31": "-96.69200", "2016-12-31": "-153.52400", "2015-12-31": "-81.17700", "2014-12-31": "-53.91600", "2013-12-31": "-162.01300", "2012-12-31": "-171.85500", "2011-12-31": "-133.97800", "2010-12-31": "-37.93800", "2009-12-31": "-102.51900", "2008-12-31": "-34.33600", "2007-12-31": "-32.76100", "2006-12-31": "-154.76100", "2005-12-31": "-185.11100"}, "Other Income": {"2019-12-31": "", "2018-12-31": "", "2017-12-31": "", "2016-12-31": "", "2015-12-31": "", "2014-12-31": "", "2013-12-31": "", "2012-12-31": "", "2011-12-31": "", "2010-12-31": "", "2009-12-31": "", "2008-12-31": "", "2007-12-31": "", "2006-12-31": "", "2005-12-31": ""}, "Income From Continuous Operations": {"2019-12-31": "-440.66700", "2018-12-31": "681.31300", "2017-12-31": "-96.69200", "2016-12-31": "-153.52400", "2015-12-31": "-81.17700", "2014-12-31": "-53.91600", "2013-12-31": "-162.01300", "2012-12-31": "-171.85500", "2011-12-31": "-133.97800", "2010-12-31": "-37.93800", "2009-12-31": "-102.51900", "2008-12-31": "-34.33600", "2007-12-31": "-32.76100", "2006-12-31": "-154.76100", "2005-12-31": "-185.11100"}, "Income From Discontinued Operations": {"2019-12-31": "", "2018-12-31": "", "2017-12-31": "", "2016-12-31": "", "2015-12-31": "", "2014-12-31": "", "2013-12-31": "", "2012-12-31": "", "2011-12-31": "", "2010-12-31": "", "2009-12-31": "", "2008-12-31": "", "2007-12-31": "", "2006-12-31": "", "2005-12-31": ""}, "Net Income": {"2019-12-31": "-440.66700", "2018-12-31": "681.31300", "2017-12-31": "-96.69200", "2016-12-31": "-153.52400", "2015-12-31": "-81.17700", "2014-12-31": "-53.91600", "2013-12-31": "-162.01300", "2012-12-31": "-171.85500", "2011-12-31": "-133.97800", "2010-12-31": "-37.93800", "2009-12-31": "-102.51900", "2008-12-31": "-34.33600", "2007-12-31": "-32.76100", "2006-12-31": "-154.76100", "2005-12-31": "-185.11100"}, "EBITDA": {"2019-12-31": "-426.87900", "2018-12-31": "698.80200", "2017-12-31": "-44.90100", "2016-12-31": "-97.50400", "2015-12-31": "-16.51600", "2014-12-31": "-3.55800", "2013-12-31": "-105.85500", "2012-12-31": "-126.69300", "2011-12-31": "-108.98600", "2010-12-31": "-11.70400", "2009-12-31": "-80.25100", "2008-12-31": "-60.16300", "2007-12-31": "-7.11990", "2006-12-31": "-125.72100", "2005-12-31": "-158.25600"}, "EBIT": {"2019-12-31": "-440.03500", "2018-12-31": "687.93200", "2017-12-31": "-59.64200", "2016-12-31": "-112.85500", "2015-12-31": "-29.37100", "2014-12-31": "-16.48500", "2013-12-31": "-120.13000", "2012-12-31": "-141.20100", "2011-12-31": "-123.93700", "2010-12-31": "-28.25500", "2009-12-31": "-95.13200", "2008-12-31": "-82.65200", "2007-12-31": "-36.14800", "2006-12-31": "-159.23000", "2005-12-31": "-182.63300"}, "Basic Shares Outstanding": {"2019-12-31": "174.99300", "2018-12-31": "169.60000", "2017-12-31": "155.95300", "2016-12-31": "139.59600", "2015-12-31": "132.45800", "2014-12-31": "126.87300", "2013-12-31": "115.73200", "2012-12-31": "114.82000", "2011-12-31": "112.94200", "2010-12-31": "94.07900", "2009-12-31": "92.77200", "2008-12-31": "92.40700", "2007-12-31": "91.87600", "2006-12-31": "89.78900", "2005-12-31": "85.91500"}, "Shares Outstanding": {"2019-12-31": "174.99300", "2018-12-31": "180.11900", "2017-12-31": "155.95300", "2016-12-31": "139.59600", "2015-12-31": "132.45800", "2014-12-31": "126.87300", "2013-12-31": "115.73200", "2012-12-31": "114.82000", "2011-12-31": "112.94200", "2010-12-31": "94.07900", "2009-12-31": "92.77200", "2008-12-31": "92.40700", "2007-12-31": "91.87600", "2006-12-31": "89.78900", "2005-12-31": "85.91500"}, "Basic EPS": {"2019-12-31": "-2.52000", "2018-12-31": "4.02000", "2017-12-31": "-0.62000", "2016-12-31": "-1.10000", "2015-12-31": "-0.61000", "2014-12-31": "-0.42000", "2013-12-31": "-1.40000", "2012-12-31": "-1.50000", "2011-12-31": "-1.19000", "2010-12-31": "-0.40000", "2009-12-31": "-1.11000", "2008-12-31": "-0.37000", "2007-12-31": "-0.36000", "2006-12-31": "-1.72000", "2005-12-31": "-2.15000"}, "EPS - Earnings Per Share": {"2019-12-31": "-2.52000", "2018-12-31": "3.78000", "2017-12-31": "-0.62000", "2016-12-31": "-1.10000", "2015-12-31": "-0.61000", "2014-12-31": "-0.42000", "2013-12-31": "-1.40000", "2012-12-31": "-1.50000", "2011-12-31": "-1.19000", "2010-12-31": "-0.40000", "2009-12-31": "-1.11000", "2008-12-31": "-0.37000", "2007-12-31": "-0.36000", "2006-12-31": "-1.72000", "2005-12-31": "-2.15000"}}, "income statement, quarterly": {"Revenue": {"2020-09-30": "30.03300", "2020-06-30": "48.84700", "2020-03-31": "50.57300", "2019-12-31": "33.86200", "2019-09-30": "29.21800", "2019-06-30": "23.31500", "2019-03-31": "28.22200", "2018-12-31": "39.82600", "2018-09-30": "27.76200", "2018-06-30": "1087.71700", "2018-03-31": "38.01800", "2017-12-31": "95.46600", "2017-09-30": "152.92800", "2017-06-30": "34.58900", "2017-03-31": "24.72800", "2016-12-31": "37.45000", "2016-09-30": "36.33600", "2016-06-30": "32.76800", "2016-03-31": "58.88200", "2015-12-31": "39.37000", "2015-09-30": "59.95200", "2015-06-30": "22.66100", "2015-03-31": "108.80100", "2014-12-31": "19.55200", "2014-09-30": "132.87100", "2014-06-30": "28.51300", "2014-03-31": "19.77100", "2013-12-31": "31.14600", "2013-09-30": "60.90900", "2013-06-30": "33.86200", "2013-03-31": "23.00400", "2012-12-31": "21.14600", "2012-09-30": "18.41200", "2012-06-30": "23.68400", "2012-03-31": "17.94900", "2011-12-31": "15.78200", "2011-09-30": "27.06800", "2011-06-30": "17.33100", "2011-03-31": "11.29900", "2010-12-31": "45.31400", "2010-09-30": "37.92500", "2010-06-30": "42.56300", "2010-03-31": "33.23700", "2009-12-31": "39.00900", "2009-09-30": "10.22300", "2009-06-30": "12.98800", "2009-03-31": "9.71100", "2008-12-31": "28.35300", "2008-09-30": "21.43900", "2008-06-30": "20.40100", "2008-03-31": "19.99200", "2007-12-31": "65.77300", "2007-09-30": "56.32100", "2007-06-30": "65.91700", "2007-03-31": "85.01600", "2006-12-31": "69.90400", "2006-09-30": "58.63200", "2006-06-30": "60.22300", "2006-03-31": "28.95900", "2005-12-31": "32.88100", "2005-09-30": "36.35400", "2005-06-30": "28.55000", "2005-03-31": "28.49400"}, "Cost Of Goods Sold": {"2020-09-30": "5.57000", "2020-06-30": "5.77300", "2020-03-31": "3.81100", "2019-12-31": "5.98900", "2019-09-30": "4.92700", "2019-06-30": "5.01800", "2019-03-31": "5.44000", "2018-12-31": "7.46100", "2018-09-30": "4.78300", "2018-06-30": "5.52200", "2018-03-31": "6.64600", "2017-12-31": "9.75300", "2017-09-30": "5.67400", "2017-06-30": "8.98900", "2017-03-31": "6.13100", "2016-12-31": "6.60400", "2016-09-30": "7.03300", "2016-06-30": "7.70800", "2016-03-31": "8.87000", "2015-12-31": "8.36400", "2015-09-30": "6.76000", "2015-06-30": "10.53400", "2015-03-31": "8.44400", "2014-12-31": "6.29800", "2014-09-30": "9.22000", "2014-06-30": "5.10800", "2014-03-31": "7.90700", "2013-12-31": "8.96000", "2013-09-30": "12.87700", "2013-06-30": "5.01100", "2013-03-31": "11.66100", "2012-12-31": "7.29000", "2012-09-30": "7.22800", "2012-06-30": "7.20300", "2012-03-31": "8.70700", "2011-12-31": "5.45000", "2011-09-30": "5.03800", "2011-06-30": "8.14000", "2011-03-31": "3.26300", "2010-12-31": "10.23700", "2010-09-30": "6.24500", "2010-06-30": "4.88900", "2010-03-31": "4.29600", "2009-12-31": "8.80900", "2009-09-30": "6.13400", "2009-06-30": "10.37900", "2009-03-31": "5.62600", "2008-12-31": "10.19600", "2008-09-30": "5.34900", "2008-06-30": "6.93100", "2008-03-31": "12.56100", "2007-12-31": "24.04800", "2007-09-30": "27.45700", "2007-06-30": "39.49000", "2007-03-31": "56.52200", "2006-12-31": "41.14200", "2006-09-30": "31.17900", "2006-06-30": "36.77300", "2006-03-31": "8.99500", "2005-12-31": "11.14800", "2005-09-30": "9.20000", "2005-06-30": "8.09900", "2005-03-31": "7.54900"}, "Gross Profit": {"2020-09-30": "24.46300", "2020-06-30": "43.07400", "2020-03-31": "46.76200", "2019-12-31": "27.87300", "2019-09-30": "24.29100", "2019-06-30": "18.29700", "2019-03-31": "22.78200", "2018-12-31": "32.36500", "2018-09-30": "22.97900", "2018-06-30": "1082.19500", "2018-03-31": "31.37200", "2017-12-31": "85.71300", "2017-09-30": "147.25400", "2017-06-30": "25.60000", "2017-03-31": "18.59700", "2016-12-31": "30.84600", "2016-09-30": "29.30300", "2016-06-30": "25.06000", "2016-03-31": "50.01200", "2015-12-31": "31.00600", "2015-09-30": "53.19200", "2015-06-30": "12.12700", "2015-03-31": "100.35700", "2014-12-31": "13.25400", "2014-09-30": "123.65100", "2014-06-30": "23.40500", "2014-03-31": "11.86400", "2013-12-31": "22.18600", "2013-09-30": "48.03200", "2013-06-30": "28.85100", "2013-03-31": "11.34300", "2012-12-31": "13.85600", "2012-09-30": "11.18400", "2012-06-30": "16.48100", "2012-03-31": "9.24200", "2011-12-31": "10.33200", "2011-09-30": "22.03000", "2011-06-30": "9.19100", "2011-03-31": "8.03600", "2010-12-31": "35.07700", "2010-09-30": "31.68000", "2010-06-30": "37.67400", "2010-03-31": "28.94100", "2009-12-31": "30.20000", "2009-09-30": "4.08900", "2009-06-30": "2.60900", "2009-03-31": "4.08500", "2008-12-31": "18.15700", "2008-09-30": "16.09000", "2008-06-30": "13.47000", "2008-03-31": "7.43100", "2007-12-31": "41.72500", "2007-09-30": "28.86400", "2007-06-30": "26.42700", "2007-03-31": "28.49400", "2006-12-31": "28.76200", "2006-09-30": "27.45300", "2006-06-30": "23.45000", "2006-03-31": "19.96400", "2005-12-31": "21.73300", "2005-09-30": "27.15400", "2005-06-30": "20.45100", "2005-03-31": "20.94500"}, "Research And Development Expenses": {"2020-09-30": "100.53100", "2020-06-30": "96.43600", "2020-03-31": "108.98700", "2019-12-31": "110.36900", "2019-09-30": "99.04800", "2019-06-30": "106.68600", "2019-03-31": "118.46300", "2018-12-31": "108.88300", "2018-09-30": "102.89500", "2018-06-30": "88.33400", "2018-03-31": "99.42400", "2017-12-31": "81.42900", "2017-09-30": "65.71400", "2017-06-30": "60.26000", "2017-03-31": "61.05800", "2016-12-31": "50.23200", "2016-09-30": "51.95100", "2016-06-30": "52.35000", "2016-03-31": "49.26800", "2015-12-31": "47.13500", "2015-09-30": "43.22900", "2015-06-30": "45.41200", "2015-03-31": "47.01100", "2014-12-31": "38.49400", "2014-09-30": "34.20000", "2014-06-30": "36.70200", "2014-03-31": "38.33800", "2013-12-31": "48.24800", "2013-09-30": "43.91400", "2013-06-30": "52.23000", "2013-03-31": "45.61800", "2012-12-31": "46.37300", "2012-09-30": "34.01600", "2012-06-30": "33.20100", "2012-03-31": "35.08500", "2011-12-31": "33.30200", "2011-09-30": "31.01800", "2011-06-30": "32.27000", "2011-03-31": "30.17600", "2010-12-31": "31.45500", "2010-09-30": "27.72400", "2010-06-30": "25.60000", "2010-03-31": "23.28600", "2009-12-31": "24.71300", "2009-09-30": "23.03100", "2009-06-30": "24.00200", "2009-03-31": "23.36300", "2008-12-31": "45.27900", "2008-09-30": "38.26500", "2008-06-30": "33.50000", "2008-03-31": "37.37300", "2007-12-31": "39.31000", "2007-09-30": "35.77300", "2007-06-30": "41.00000", "2007-03-31": "37.49200", "2006-12-31": "41.36500", "2006-09-30": "36.00500", "2006-06-30": "40.61000", "2006-03-31": "31.40100", "2005-12-31": "42.33800", "2005-09-30": "38.59100", "2005-06-30": "35.78500", "2005-03-31": "34.94500"}, "SG&A Expenses": {"2020-09-30": "26.98200", "2020-06-30": "24.34700", "2020-03-31": "26.21700", "2019-12-31": "27.14200", "2019-09-30": "23.98300", "2019-06-30": "22.58100", "2019-03-31": "25.00600", "2018-12-31": "23.77700", "2018-09-30": "18.71800", "2018-06-30": "20.26100", "2018-03-31": "18.68700", "2017-12-31": "12.33700", "2017-09-30": "12.05500", "2017-06-30": "15.99600", "2017-03-31": "11.97600", "2016-12-31": "12.75900", "2016-09-30": "10.25300", "2016-06-30": "11.03500", "2016-03-31": "10.22800", "2015-12-31": "13.23500", "2015-09-30": "9.54400", "2015-06-30": "10.18400", "2015-03-31": "10.30300", "2014-12-31": "12.24800", "2014-09-30": "9.13000", "2014-06-30": "9.61900", "2014-03-31": "9.92800", "2013-12-31": "9.83400", "2013-09-30": "10.64300", "2013-06-30": "9.22600", "2013-03-31": "10.82900", "2012-12-31": "10.86400", "2012-09-30": "10.06800", "2012-06-30": "10.26800", "2012-03-31": "10.41400", "2011-12-31": "11.49800", "2011-09-30": "12.35000", "2011-06-30": "11.18500", "2011-03-31": "11.72700", "2010-12-31": "11.58500", "2010-09-30": "10.18100", "2010-06-30": "10.20700", "2010-03-31": "9.01300", "2009-12-31": "10.98200", "2009-09-30": "9.91700", "2009-06-30": "9.08700", "2009-03-31": "11.02000", "2008-12-31": "13.83600", "2008-09-30": "12.38600", "2008-06-30": "13.32800", "2008-03-31": "11.94700", "2007-12-31": "16.52600", "2007-09-30": "12.42600", "2007-06-30": "13.17800", "2007-03-31": "16.73500", "2006-12-31": "21.48000", "2006-09-30": "13.42200", "2006-06-30": "27.08300", "2006-03-31": "20.37300", "2005-12-31": "13.65900", "2005-09-30": "10.94800", "2005-06-30": "10.13500", "2005-03-31": "9.11000"}, "Other Operating Income Or Expenses": {"2020-09-30": "", "2020-06-30": "", "2020-03-31": "-45.18900", "2019-12-31": "", "2019-09-30": "", "2019-06-30": "", "2019-03-31": "", "2018-12-31": "", "2018-09-30": "", "2018-06-30": "", "2018-03-31": "", "2017-12-31": "", "2017-09-30": "", "2017-06-30": "", "2017-03-31": "", "2016-12-31": "", "2016-09-30": "", "2016-06-30": "", "2016-03-31": "", "2015-12-31": "", "2015-09-30": "", "2015-06-30": "", "2015-03-31": "", "2014-12-31": "", "2014-09-30": "", "2014-06-30": "", "2014-03-31": "", "2013-12-31": "", "2013-09-30": "", "2013-06-30": "", "2013-03-31": "", "2012-12-31": "", "2012-09-30": "", "2012-06-30": "", "2012-03-31": "-1.67500", "2011-12-31": "", "2011-09-30": "", "2011-06-30": "", "2011-03-31": "", "2010-12-31": "", "2010-09-30": "", "2010-06-30": "", "2010-03-31": "", "2009-12-31": "", "2009-09-30": "", "2009-06-30": "", "2009-03-31": "", "2008-12-31": "", "2008-09-30": "", "2008-06-30": "", "2008-03-31": "", "2007-12-31": "", "2007-09-30": "", "2007-06-30": "", "2007-03-31": "", "2006-12-31": "-9.41000", "2006-09-30": "", "2006-06-30": "-17.71000", "2006-03-31": "", "2005-12-31": "", "2005-09-30": "", "2005-06-30": "", "2005-03-31": ""}, "Operating Expenses": {"2020-09-30": "133.08300", "2020-06-30": "126.55600", "2020-03-31": "184.20400", "2019-12-31": "143.50000", "2019-09-30": "127.95800", "2019-06-30": "134.28500", "2019-03-31": "148.90900", "2018-12-31": "140.12100", "2018-09-30": "126.39600", "2018-06-30": "114.11700", "2018-03-31": "124.75700", "2017-12-31": "119.50000", "2017-09-30": "83.44300", "2017-06-30": "85.24500", "2017-03-31": "79.16500", "2016-12-31": "69.59500", "2016-09-30": "69.23700", "2016-06-30": "71.09300", "2016-03-31": "68.36600", "2015-12-31": "68.73400", "2015-09-30": "59.53300", "2015-06-30": "66.13000", "2015-03-31": "65.75800", "2014-12-31": "57.04000", "2014-09-30": "52.55000", "2014-06-30": "51.42900", "2014-03-31": "56.17300", "2013-12-31": "67.04200", "2013-09-30": "67.43400", "2013-06-30": "66.46700", "2013-03-31": "68.10800", "2012-12-31": "64.52700", "2012-09-30": "51.31200", "2012-06-30": "50.67200", "2012-03-31": "55.88100", "2011-12-31": "50.25000", "2011-09-30": "48.40600", "2011-06-30": "51.59500", "2011-03-31": "45.16600", "2010-12-31": "65.85300", "2010-09-30": "44.15000", "2010-06-30": "40.69600", "2010-03-31": "36.59500", "2009-12-31": "44.50400", "2009-09-30": "39.08200", "2009-06-30": "43.46800", "2009-03-31": "40.00900", "2008-12-31": "1.19700", "2008-09-30": "56.00000", "2008-06-30": "53.75900", "2008-03-31": "61.88100", "2007-12-31": "28.39200", "2007-09-30": "75.89300", "2007-06-30": "93.90500", "2007-03-31": "110.98500", "2006-12-31": "110.06600", "2006-09-30": "81.31400", "2006-06-30": "123.43500", "2006-03-31": "62.13300", "2005-12-31": "141.60500", "2005-09-30": "59.72100", "2005-06-30": "55.00000", "2005-03-31": "52.58600"}, "Operating Income": {"2020-09-30": "-103.05000", "2020-06-30": "-77.70900", "2020-03-31": "-133.63100", "2019-12-31": "-109.63800", "2019-09-30": "-98.74000", "2019-06-30": "-110.97000", "2019-03-31": "-120.68700", "2018-12-31": "-100.29500", "2018-09-30": "-98.63400", "2018-06-30": "973.60000", "2018-03-31": "-86.73900", "2017-12-31": "-24.03400", "2017-09-30": "69.48500", "2017-06-30": "-50.65600", "2017-03-31": "-54.43700", "2016-12-31": "-32.14500", "2016-09-30": "-32.90100", "2016-06-30": "-38.32500", "2016-03-31": "-9.48400", "2015-12-31": "-29.36400", "2015-09-30": "0.41900", "2015-06-30": "-43.46900", "2015-03-31": "43.04300", "2014-12-31": "-37.48800", "2014-09-30": "80.32100", "2014-06-30": "-22.91600", "2014-03-31": "-36.40200", "2013-12-31": "-35.89600", "2013-09-30": "-6.52500", "2013-06-30": "-32.60500", "2013-03-31": "-45.10400", "2012-12-31": "-43.38100", "2012-09-30": "-32.90000", "2012-06-30": "-26.98800", "2012-03-31": "-37.93200", "2011-12-31": "-34.46800", "2011-09-30": "-21.33800", "2011-06-30": "-34.26400", "2011-03-31": "-33.86700", "2010-12-31": "-20.53900", "2010-09-30": "-6.22500", "2010-06-30": "1.86700", "2010-03-31": "-3.35800", "2009-12-31": "-5.49500", "2009-09-30": "-28.85900", "2009-06-30": "-30.48000", "2009-03-31": "-30.29800", "2008-12-31": "27.15600", "2008-09-30": "-34.56100", "2008-06-30": "-33.35800", "2008-03-31": "-41.88900", "2007-12-31": "37.38110", "2007-09-30": "-19.57200", "2007-06-30": "-27.98800", "2007-03-31": "-25.96900", "2006-12-31": "-40.16200", "2006-09-30": "-22.68200", "2006-06-30": "-63.21200", "2006-03-31": "-33.17400", "2005-12-31": "-108.72400", "2005-09-30": "-23.36700", "2005-06-30": "-26.45000", "2005-03-31": "-24.09200"}, "Total Non-Operating Income/Expense": {"2020-09-30": "-5.51500", "2020-06-30": "-2.14700", "2020-03-31": "-4.82000", "2019-12-31": "-2.24800", "2019-09-30": "0.25400", "2019-06-30": "0.78300", "2019-03-31": "1.19200", "2018-12-31": "0.24500", "2018-09-30": "1.59100", "2018-06-30": "1.74500", "2018-03-31": "-8.78800", "2017-12-31": "-9.61000", "2017-09-30": "-8.41200", "2017-06-30": "-9.11600", "2017-03-31": "-9.29600", "2016-12-31": "-9.61100", "2016-09-30": "-10.18400", "2016-06-30": "-10.15100", "2016-03-31": "-9.84700", "2015-12-31": "-24.73600", "2015-09-30": "-8.53000", "2015-06-30": "-9.02400", "2015-03-31": "-9.01000", "2014-12-31": "-9.34100", "2014-09-30": "-9.46800", "2014-06-30": "-9.52600", "2014-03-31": "-9.60800", "2013-12-31": "-10.12800", "2013-09-30": "-9.82500", "2013-06-30": "-9.93800", "2013-03-31": "-9.74700", "2012-12-31": "-9.57800", "2012-09-30": "-10.42500", "2012-06-30": "-7.20400", "2012-03-31": "-3.04100", "2011-12-31": "-2.30900", "2011-09-30": "-2.63800", "2011-06-30": "-2.05700", "2011-03-31": "-2.01900", "2010-12-31": "-1.77700", "2010-09-30": "-2.20800", "2010-06-30": "-2.35300", "2010-03-31": "-2.46400", "2009-12-31": "-1.95500", "2009-09-30": "-2.24800", "2009-06-30": "-1.79500", "2009-03-31": "-1.64200", "2008-12-31": "48.28400", "2008-09-30": "-2.20100", "2008-06-30": "0.03000", "2008-03-31": "1.39700", "2007-12-31": "2.47000", "2007-09-30": "0.95200", "2007-06-30": "0.72800", "2007-03-31": "0.54600", "2006-12-31": "2.13500", "2006-09-30": "3.07800", "2006-06-30": "0.38100", "2006-03-31": "-0.29700", "2005-12-31": "0.34800", "2005-09-30": "-0.42800", "2005-06-30": "-0.46200", "2005-03-31": "-2.07300"}, "Pre-Tax Income": {"2020-09-30": "-108.56500", "2020-06-30": "-79.85600", "2020-03-31": "-138.45100", "2019-12-31": "-111.88600", "2019-09-30": "-98.48600", "2019-06-30": "-110.18700", "2019-03-31": "-119.49500", "2018-12-31": "-100.05000", "2018-09-30": "-97.04300", "2018-06-30": "975.34500", "2018-03-31": "-95.52700", "2017-12-31": "-33.64400", "2017-09-30": "61.07300", "2017-06-30": "-59.77200", "2017-03-31": "-63.73300", "2016-12-31": "-41.75600", "2016-09-30": "-43.08500", "2016-06-30": "-48.47600", "2016-03-31": "-19.33100", "2015-12-31": "-54.10000", "2015-09-30": "-8.11100", "2015-06-30": "-52.49300", "2015-03-31": "34.03300", "2014-12-31": "-46.82900", "2014-09-30": "70.85300", "2014-06-30": "-32.44200", "2014-03-31": "-46.01000", "2013-12-31": "-46.02400", "2013-09-30": "-16.35000", "2013-06-30": "-42.54300", "2013-03-31": "-54.85100", "2012-12-31": "-52.95900", "2012-09-30": "-43.32500", "2012-06-30": "-34.19200", "2012-03-31": "-40.97300", "2011-12-31": "-36.77700", "2011-09-30": "-23.97600", "2011-06-30": "-36.32100", "2011-03-31": "-35.88600", "2010-12-31": "-22.31600", "2010-09-30": "-8.43300", "2010-06-30": "-0.48600", "2010-03-31": "-5.82200", "2009-12-31": "-7.45000", "2009-09-30": "-31.10700", "2009-06-30": "-32.27500", "2009-03-31": "-31.94000", "2008-12-31": "75.44000", "2008-09-30": "-36.76200", "2008-06-30": "-33.32800", "2008-03-31": "-40.49200", "2007-12-31": "39.85100", "2007-09-30": "-18.62000", "2007-06-30": "-27.26000", "2007-03-31": "-25.42300", "2006-12-31": "-38.02700", "2006-09-30": "-19.60400", "2006-06-30": "-62.83100", "2006-03-31": "-33.47100", "2005-12-31": "-108.37600", "2005-09-30": "-23.79500", "2005-06-30": "-26.91200", "2005-03-31": "-26.16500"}, "Income Taxes": {"2020-09-30": "0.02100", "2020-06-30": "0.14400", "2020-03-31": "0.20000", "2019-12-31": "0.27800", "2019-09-30": "0.09900", "2019-06-30": "0.09900", "2019-03-31": "0.13700", "2018-12-31": "-1.83800", "2018-09-30": "-0.90000", "2018-06-30": "3.88500", "2018-03-31": "0.26500", "2017-12-31": "0.18200", "2017-09-30": "0.20200", "2017-06-30": "0.09900", "2017-03-31": "0.13300", "2016-12-31": "0.44300", "2016-09-30": "0.13900", "2016-06-30": "0.12700", "2016-03-31": "0.16700", "2015-12-31": "0.03700", "2015-09-30": "0.09200", "2015-06-30": "0.16400", "2015-03-31": "0.21300", "2014-12-31": "-1.14600", "2014-09-30": "0.24800", "2014-06-30": "0.19500", "2014-03-31": "0.19100", "2013-12-31": "1.63500", "2013-09-30": "0.19300", "2013-06-30": "0.20500", "2013-03-31": "0.21200", "2012-12-31": "-0.03300", "2012-09-30": "0.22200", "2012-06-30": "0.09300", "2012-03-31": "0.12400", "2011-12-31": "0.71800", "2011-09-30": "0.09200", "2011-06-30": "0.06000", "2011-03-31": "0.14800", "2010-12-31": "0.26400", "2010-09-30": "0.27800", "2010-06-30": "0.03100", "2010-03-31": "0.30800", "2009-12-31": "0.22600", "2009-09-30": "-0.14000", "2009-06-30": "-0.20600", "2009-03-31": "-0.13300", "2008-12-31": "-1.34200", "2008-09-30": "0.27600", "2008-06-30": "0.04700", "2008-03-31": "0.21300", "2007-12-31": "0.80900", "2007-09-30": "", "2007-06-30": "0.25000", "2007-03-31": "0.25000", "2006-12-31": "", "2006-09-30": "", "2006-06-30": "", "2006-03-31": "", "2005-12-31": "", "2005-09-30": "", "2005-06-30": "", "2005-03-31": ""}, "Income After Taxes": {"2020-09-30": "-108.58600", "2020-06-30": "-80.00000", "2020-03-31": "-138.65100", "2019-12-31": "-112.16400", "2019-09-30": "-98.58500", "2019-06-30": "-110.28600", "2019-03-31": "-119.63200", "2018-12-31": "-98.21200", "2018-09-30": "-96.14300", "2018-06-30": "971.46000", "2018-03-31": "-95.79200", "2017-12-31": "-33.82600", "2017-09-30": "60.87100", "2017-06-30": "-59.87100", "2017-03-31": "-63.86600", "2016-12-31": "-42.19900", "2016-09-30": "-43.22400", "2016-06-30": "-48.60300", "2016-03-31": "-19.49800", "2015-12-31": "-54.13700", "2015-09-30": "-8.20300", "2015-06-30": "-52.65700", "2015-03-31": "33.82000", "2014-12-31": "-45.68300", "2014-09-30": "70.60500", "2014-06-30": "-32.63700", "2014-03-31": "-46.20100", "2013-12-31": "-47.65900", "2013-09-30": "-16.54300", "2013-06-30": "-42.74800", "2013-03-31": "-55.06300", "2012-12-31": "-52.92600", "2012-09-30": "-43.54700", "2012-06-30": "-34.28500", "2012-03-31": "-41.09700", "2011-12-31": "-37.49500", "2011-09-30": "-24.06800", "2011-06-30": "-36.38100", "2011-03-31": "-36.03400", "2010-12-31": "-22.58000", "2010-09-30": "-8.71100", "2010-06-30": "-0.51700", "2010-03-31": "-6.13000", "2009-12-31": "-7.67600", "2009-09-30": "-30.96700", "2009-06-30": "-32.06900", "2009-03-31": "-31.80700", "2008-12-31": "76.78200", "2008-09-30": "-37.03800", "2008-06-30": "-33.37500", "2008-03-31": "-40.70500", "2007-12-31": "39.04200", "2007-09-30": "-18.62000", "2007-06-30": "-27.51000", "2007-03-31": "-25.67300", "2006-12-31": "-38.85500", "2006-09-30": "-19.60400", "2006-06-30": "-62.83100", "2006-03-31": "-33.47100", "2005-12-31": "-108.23900", "2005-09-30": "-23.79500", "2005-06-30": "-26.91200", "2005-03-31": "-26.16500"}, "Other Income": {"2020-09-30": "", "2020-06-30": "", "2020-03-31": "", "2019-12-31": "", "2019-09-30": "", "2019-06-30": "", "2019-03-31": "", "2018-12-31": "", "2018-09-30": "", "2018-06-30": "", "2018-03-31": "", "2017-12-31": "", "2017-09-30": "", "2017-06-30": "", "2017-03-31": "", "2016-12-31": "", "2016-09-30": "", "2016-06-30": "", "2016-03-31": "", "2015-12-31": "", "2015-09-30": "", "2015-06-30": "", "2015-03-31": "", "2014-12-31": "", "2014-09-30": "", "2014-06-30": "", "2014-03-31": "", "2013-12-31": "", "2013-09-30": "", "2013-06-30": "", "2013-03-31": "", "2012-12-31": "", "2012-09-30": "", "2012-06-30": "", "2012-03-31": "", "2011-12-31": "", "2011-09-30": "", "2011-06-30": "", "2011-03-31": "", "2010-12-31": "", "2010-09-30": "", "2010-06-30": "", "2010-03-31": "", "2009-12-31": "", "2009-09-30": "", "2009-06-30": "", "2009-03-31": "", "2008-12-31": "", "2008-09-30": "", "2008-06-30": "", "2008-03-31": "", "2007-12-31": "", "2007-09-30": "", "2007-06-30": "", "2007-03-31": "", "2006-12-31": "", "2006-09-30": "", "2006-06-30": "", "2006-03-31": "", "2005-12-31": "", "2005-09-30": "", "2005-06-30": "", "2005-03-31": ""}, "Income From Continuous Operations": {"2020-09-30": "-108.58600", "2020-06-30": "-80.00000", "2020-03-31": "-138.65100", "2019-12-31": "-112.16400", "2019-09-30": "-98.58500", "2019-06-30": "-110.28600", "2019-03-31": "-119.63200", "2018-12-31": "-98.21200", "2018-09-30": "-96.14300", "2018-06-30": "971.46000", "2018-03-31": "-95.79200", "2017-12-31": "-33.82600", "2017-09-30": "60.87100", "2017-06-30": "-59.87100", "2017-03-31": "-63.86600", "2016-12-31": "-42.19900", "2016-09-30": "-43.22400", "2016-06-30": "-48.60300", "2016-03-31": "-19.49800", "2015-12-31": "-54.13700", "2015-09-30": "-8.20300", "2015-06-30": "-52.65700", "2015-03-31": "33.82000", "2014-12-31": "-45.68300", "2014-09-30": "70.60500", "2014-06-30": "-32.63700", "2014-03-31": "-46.20100", "2013-12-31": "-47.65900", "2013-09-30": "-16.54300", "2013-06-30": "-42.74800", "2013-03-31": "-55.06300", "2012-12-31": "-52.92600", "2012-09-30": "-43.54700", "2012-06-30": "-34.28500", "2012-03-31": "-41.09700", "2011-12-31": "-37.49500", "2011-09-30": "-24.06800", "2011-06-30": "-36.38100", "2011-03-31": "-36.03400", "2010-12-31": "-22.58000", "2010-09-30": "-8.71100", "2010-06-30": "-0.51700", "2010-03-31": "-6.13000", "2009-12-31": "-7.67600", "2009-09-30": "-30.96700", "2009-06-30": "-32.06900", "2009-03-31": "-31.80700", "2008-12-31": "76.78200", "2008-09-30": "-37.03800", "2008-06-30": "-33.37500", "2008-03-31": "-40.70500", "2007-12-31": "39.04200", "2007-09-30": "-18.62000", "2007-06-30": "-27.51000", "2007-03-31": "-25.67300", "2006-12-31": "-38.85500", "2006-09-30": "-19.60400", "2006-06-30": "-62.83100", "2006-03-31": "-33.47100", "2005-12-31": "-108.23900", "2005-09-30": "-23.79500", "2005-06-30": "-26.91200", "2005-03-31": "-26.16500"}, "Income From Discontinued Operations": {"2020-09-30": "", "2020-06-30": "", "2020-03-31": "", "2019-12-31": "", "2019-09-30": "", "2019-06-30": "", "2019-03-31": "", "2018-12-31": "", "2018-09-30": "", "2018-06-30": "", "2018-03-31": "", "2017-12-31": "", "2017-09-30": "", "2017-06-30": "", "2017-03-31": "", "2016-12-31": "", "2016-09-30": "", "2016-06-30": "", "2016-03-31": "", "2015-12-31": "", "2015-09-30": "", "2015-06-30": "", "2015-03-31": "", "2014-12-31": "", "2014-09-30": "", "2014-06-30": "", "2014-03-31": "", "2013-12-31": "", "2013-09-30": "", "2013-06-30": "", "2013-03-31": "", "2012-12-31": "", "2012-09-30": "", "2012-06-30": "", "2012-03-31": "", "2011-12-31": "", "2011-09-30": "", "2011-06-30": "", "2011-03-31": "", "2010-12-31": "", "2010-09-30": "", "2010-06-30": "", "2010-03-31": "", "2009-12-31": "", "2009-09-30": "", "2009-06-30": "", "2009-03-31": "", "2008-12-31": "", "2008-09-30": "", "2008-06-30": "", "2008-03-31": "", "2007-12-31": "", "2007-09-30": "", "2007-06-30": "", "2007-03-31": "", "2006-12-31": "", "2006-09-30": "", "2006-06-30": "", "2006-03-31": "", "2005-12-31": "", "2005-09-30": "", "2005-06-30": "", "2005-03-31": ""}, "Net Income": {"2020-09-30": "-108.58600", "2020-06-30": "-80.00000", "2020-03-31": "-138.65100", "2019-12-31": "-112.16400", "2019-09-30": "-98.58500", "2019-06-30": "-110.28600", "2019-03-31": "-119.63200", "2018-12-31": "-98.21200", "2018-09-30": "-96.14300", "2018-06-30": "971.46000", "2018-03-31": "-95.79200", "2017-12-31": "-33.82600", "2017-09-30": "60.87100", "2017-06-30": "-59.87100", "2017-03-31": "-63.86600", "2016-12-31": "-42.19900", "2016-09-30": "-43.22400", "2016-06-30": "-48.60300", "2016-03-31": "-19.49800", "2015-12-31": "-54.13700", "2015-09-30": "-8.20300", "2015-06-30": "-52.65700", "2015-03-31": "33.82000", "2014-12-31": "-45.68300", "2014-09-30": "70.60500", "2014-06-30": "-32.63700", "2014-03-31": "-46.20100", "2013-12-31": "-47.65900", "2013-09-30": "-16.54300", "2013-06-30": "-42.74800", "2013-03-31": "-55.06300", "2012-12-31": "-52.92600", "2012-09-30": "-43.54700", "2012-06-30": "-34.28500", "2012-03-31": "-41.09700", "2011-12-31": "-37.49500", "2011-09-30": "-24.06800", "2011-06-30": "-36.38100", "2011-03-31": "-36.03400", "2010-12-31": "-22.58000", "2010-09-30": "-8.71100", "2010-06-30": "-0.51700", "2010-03-31": "-6.13000", "2009-12-31": "-7.67600", "2009-09-30": "-30.96700", "2009-06-30": "-32.06900", "2009-03-31": "-31.80700", "2008-12-31": "76.78200", "2008-09-30": "-37.03800", "2008-06-30": "-33.37500", "2008-03-31": "-40.70500", "2007-12-31": "39.04200", "2007-09-30": "-18.62000", "2007-06-30": "-27.51000", "2007-03-31": "-25.67300", "2006-12-31": "-38.85500", "2006-09-30": "-19.60400", "2006-06-30": "-62.83100", "2006-03-31": "-33.47100", "2005-12-31": "-108.23900", "2005-09-30": "-23.79500", "2005-06-30": "-26.91200", "2005-03-31": "-26.16500"}, "EBITDA": {"2020-09-30": "-99.02300", "2020-06-30": "-75.30100", "2020-03-31": "-129.12900", "2019-12-31": "-106.06400", "2019-09-30": "-88.96100", "2019-06-30": "-114.24400", "2019-03-31": "-117.61000", "2018-12-31": "-97.22400", "2018-09-30": "-95.95000", "2018-06-30": "976.17400", "2018-03-31": "-84.19800", "2017-12-31": "-21.37400", "2017-09-30": "73.27900", "2017-06-30": "-46.40200", "2017-03-31": "-50.40400", "2016-12-31": "-28.29600", "2016-09-30": "-29.03300", "2016-06-30": "-34.40600", "2016-03-31": "-5.76900", "2015-12-31": "-25.61800", "2015-09-30": "3.69500", "2015-06-30": "-40.60900", "2015-03-31": "46.01600", "2014-12-31": "-34.29400", "2014-09-30": "83.53500", "2014-06-30": "-19.66100", "2014-03-31": "-33.13800", "2013-12-31": "-32.50300", "2013-09-30": "-2.92400", "2013-06-30": "-28.95200", "2013-03-31": "-41.47600", "2012-12-31": "-39.68300", "2012-09-30": "-29.04200", "2012-06-30": "-23.54600", "2012-03-31": "-34.42200", "2011-12-31": "-30.94100", "2011-09-30": "-17.56300", "2011-06-30": "-30.47100", "2011-03-31": "-30.01100", "2010-12-31": "-16.48700", "2010-09-30": "-2.06000", "2010-06-30": "6.05200", "2010-03-31": "0.79100", "2009-12-31": "-1.69000", "2009-09-30": "-25.14200", "2009-06-30": "-26.73600", "2009-03-31": "-26.68300", "2008-12-31": "31.03500", "2008-09-30": "-27.77100", "2008-06-30": "-27.45500", "2008-03-31": "-35.97200", "2007-12-31": "44.10110", "2007-09-30": "-12.07700", "2007-06-30": "-20.52700", "2007-03-31": "-18.61700", "2006-12-31": "-31.69700", "2006-09-30": "-15.75000", "2006-06-30": "-53.49000", "2006-03-31": "-24.78400", "2005-12-31": "-102.38500", "2005-09-30": "-16.18100", "2005-06-30": "-20.77500", "2005-03-31": "-18.91500"}, "EBIT": {"2020-09-30": "-103.05000", "2020-06-30": "-77.70900", "2020-03-31": "-133.63100", "2019-12-31": "-109.63800", "2019-09-30": "-98.74000", "2019-06-30": "-110.97000", "2019-03-31": "-120.68700", "2018-12-31": "-100.29510", "2018-09-30": "-98.63400", "2018-06-30": "973.60000", "2018-03-31": "-86.73900", "2017-12-31": "-24.03400", "2017-09-30": "69.48500", "2017-06-30": "-50.65600", "2017-03-31": "-54.43700", "2016-12-31": "-32.14500", "2016-09-30": "-32.90100", "2016-06-30": "-38.32500", "2016-03-31": "-9.48400", "2015-12-31": "-29.36400", "2015-09-30": "0.41900", "2015-06-30": "-43.46900", "2015-03-31": "43.04300", "2014-12-31": "-37.48800", "2014-09-30": "80.32100", "2014-06-30": "-22.91600", "2014-03-31": "-36.40200", "2013-12-31": "-35.89600", "2013-09-30": "-6.52500", "2013-06-30": "-32.60500", "2013-03-31": "-45.10400", "2012-12-31": "-43.38100", "2012-09-30": "-32.90000", "2012-06-30": "-26.98800", "2012-03-31": "-37.93200", "2011-12-31": "-34.46800", "2011-09-30": "-21.33800", "2011-06-30": "-34.26400", "2011-03-31": "-33.86700", "2010-12-31": "-20.53900", "2010-09-30": "-6.22500", "2010-06-30": "1.86700", "2010-03-31": "-3.35800", "2009-12-31": "-5.49500", "2009-09-30": "-28.85900", "2009-06-30": "-30.48000", "2009-03-31": "-30.29800", "2008-12-31": "27.15600", "2008-09-30": "-34.56100", "2008-06-30": "-33.35800", "2008-03-31": "-41.88900", "2007-12-31": "37.38110", "2007-09-30": "-19.57200", "2007-06-30": "-27.98800", "2007-03-31": "-25.96900", "2006-12-31": "-40.16200", "2006-09-30": "-22.68200", "2006-06-30": "-63.21200", "2006-03-31": "-33.17400", "2005-12-31": "-108.72400", "2005-09-30": "-23.36700", "2005-06-30": "-26.45000", "2005-03-31": "-24.09200"}, "Basic Shares Outstanding": {"2020-09-30": "179.09000", "2020-06-30": "178.32700", "2020-03-31": "177.18500", "2019-12-31": "174.99300", "2019-09-30": "175.40200", "2019-06-30": "174.54900", "2019-03-31": "173.85900", "2018-12-31": "169.60000", "2018-09-30": "172.69800", "2018-06-30": "171.37800", "2018-03-31": "160.88400", "2017-12-31": "155.95300", "2017-09-30": "156.41100", "2017-06-30": "155.35200", "2017-03-31": "153.66600", "2016-12-31": "139.59600", "2016-09-30": "137.09400", "2016-06-30": "136.35000", "2016-03-31": "135.79300", "2015-12-31": "132.45800", "2015-09-30": "132.63100", "2015-06-30": "131.64300", "2015-03-31": "131.35900", "2014-12-31": "126.87300", "2014-09-30": "127.50400", "2014-06-30": "127.04000", "2014-03-31": "123.54300", "2013-12-31": "115.73200", "2013-09-30": "115.81200", "2013-06-30": "115.54400", "2013-03-31": "115.30900", "2012-12-31": "114.82000", "2012-09-30": "114.91500", "2012-06-30": "114.64900", "2012-03-31": "114.53100", "2011-12-31": "112.94200", "2011-09-30": "114.41300", "2011-06-30": "114.15300", "2011-03-31": "108.67700", "2010-12-31": "94.07900", "2010-09-30": "94.21300", "2010-06-30": "94.06500", "2010-03-31": "93.63100", "2009-12-31": "92.77200", "2009-09-30": "92.78900", "2009-06-30": "92.55600", "2009-03-31": "92.51600", "2008-12-31": "92.40700", "2008-09-30": "92.42500", "2008-06-30": "92.40000", "2008-03-31": "92.33000", "2007-12-31": "91.87600", "2007-09-30": "92.02800", "2007-06-30": "91.80400", "2007-03-31": "91.45400", "2006-12-31": "89.78900", "2006-09-30": "90.01700", "2006-06-30": "89.69700", "2006-03-31": "88.92600", "2005-12-31": "85.91500", "2005-09-30": "86.22800", "2005-06-30": "85.04000", "2005-03-31": "84.70800"}, "Shares Outstanding": {"2020-09-30": "179.09000", "2020-06-30": "178.32700", "2020-03-31": "177.18500", "2019-12-31": "174.99300", "2019-09-30": "175.40200", "2019-06-30": "174.54900", "2019-03-31": "173.85900", "2018-12-31": "180.11900", "2018-09-30": "172.69800", "2018-06-30": "182.29100", "2018-03-31": "160.88400", "2017-12-31": "155.95300", "2017-09-30": "162.64100", "2017-06-30": "155.35200", "2017-03-31": "153.66600", "2016-12-31": "139.59600", "2016-09-30": "137.09400", "2016-06-30": "136.35000", "2016-03-31": "135.79300", "2015-12-31": "132.45800", "2015-09-30": "132.63100", "2015-06-30": "131.64300", "2015-03-31": "135.66700", "2014-12-31": "126.87300", "2014-09-30": "132.17700", "2014-06-30": "127.04000", "2014-03-31": "123.54300", "2013-12-31": "115.73200", "2013-09-30": "115.81200", "2013-06-30": "115.54400", "2013-03-31": "115.30900", "2012-12-31": "114.82000", "2012-09-30": "114.91500", "2012-06-30": "114.64900", "2012-03-31": "114.53100", "2011-12-31": "112.94200", "2011-09-30": "114.41300", "2011-06-30": "114.15300", "2011-03-31": "108.67700", "2010-12-31": "94.07900", "2010-09-30": "94.21300", "2010-06-30": "94.06500", "2010-03-31": "93.63100", "2009-12-31": "92.77200", "2009-09-30": "92.78900", "2009-06-30": "92.55600", "2009-03-31": "92.51600", "2008-12-31": "92.40700", "2008-09-30": "92.42500", "2008-06-30": "92.40000", "2008-03-31": "92.33000", "2007-12-31": "91.87600", "2007-09-30": "92.02800", "2007-06-30": "91.80400", "2007-03-31": "91.45400", "2006-12-31": "89.78900", "2006-09-30": "90.01700", "2006-06-30": "89.69700", "2006-03-31": "88.92600", "2005-12-31": "85.91500", "2005-09-30": "86.22800", "2005-06-30": "85.04000", "2005-03-31": "84.70800"}, "Basic EPS": {"2020-09-30": "-0.61000", "2020-06-30": "-0.45000", "2020-03-31": "-0.78000", "2019-12-31": "-0.64000", "2019-09-30": "-0.56000", "2019-06-30": "-0.63000", "2019-03-31": "-0.69000", "2018-12-31": "-0.49000", "2018-09-30": "-0.56000", "2018-06-30": "5.67000", "2018-03-31": "-0.60000", "2017-12-31": "-0.20000", "2017-09-30": "0.39000", "2017-06-30": "-0.39000", "2017-03-31": "-0.42000", "2016-12-31": "-0.28000", "2016-09-30": "-0.32000", "2016-06-30": "-0.36000", "2016-03-31": "-0.14000", "2015-12-31": "-0.41000", "2015-09-30": "-0.06000", "2015-06-30": "-0.40000", "2015-03-31": "0.26000", "2014-12-31": "-0.34000", "2014-09-30": "0.55000", "2014-06-30": "-0.26000", "2014-03-31": "-0.37000", "2013-12-31": "-0.41000", "2013-09-30": "-0.14000", "2013-06-30": "-0.37000", "2013-03-31": "-0.48000", "2012-12-31": "-0.46000", "2012-09-30": "-0.38000", "2012-06-30": "-0.30000", "2012-03-31": "-0.36000", "2011-12-31": "-0.33000", "2011-09-30": "-0.21000", "2011-06-30": "-0.32000", "2011-03-31": "-0.33000", "2010-12-31": "-0.23000", "2010-09-30": "-0.09000", "2010-06-30": "-0.01000", "2010-03-31": "-0.07000", "2009-12-31": "-0.09000", "2009-09-30": "-0.33000", "2009-06-30": "-0.35000", "2009-03-31": "-0.34000", "2008-12-31": "0.83000", "2008-09-30": "-0.40000", "2008-06-30": "-0.36000", "2008-03-31": "-0.44000", "2007-12-31": "0.42000", "2007-09-30": "-0.20000", "2007-06-30": "-0.30000", "2007-03-31": "-0.28000", "2006-12-31": "-0.42000", "2006-09-30": "-0.22000", "2006-06-30": "-0.70000", "2006-03-31": "-0.38000", "2005-12-31": "-1.24000", "2005-09-30": "-0.28000", "2005-06-30": "-0.32000", "2005-03-31": "-0.31000"}, "EPS - Earnings Per Share": {"2020-09-30": "-0.61000", "2020-06-30": "-0.45000", "2020-03-31": "-0.78000", "2019-12-31": "-0.64000", "2019-09-30": "-0.56000", "2019-06-30": "-0.63000", "2019-03-31": "-0.69000", "2018-12-31": "-0.39000", "2018-09-30": "-0.56000", "2018-06-30": "5.33000", "2018-03-31": "-0.60000", "2017-12-31": "-0.18000", "2017-09-30": "0.37000", "2017-06-30": "-0.39000", "2017-03-31": "-0.42000", "2016-12-31": "-0.28000", "2016-09-30": "-0.32000", "2016-06-30": "-0.36000", "2016-03-31": "-0.14000", "2015-12-31": "-0.40000", "2015-09-30": "-0.06000", "2015-06-30": "-0.40000", "2015-03-31": "0.25000", "2014-12-31": "-0.32000", "2014-09-30": "0.53000", "2014-06-30": "-0.26000", "2014-03-31": "-0.37000", "2013-12-31": "-0.41000", "2013-09-30": "-0.14000", "2013-06-30": "-0.37000", "2013-03-31": "-0.48000", "2012-12-31": "-0.46000", "2012-09-30": "-0.38000", "2012-06-30": "-0.30000", "2012-03-31": "-0.36000", "2011-12-31": "-0.33000", "2011-09-30": "-0.21000", "2011-06-30": "-0.32000", "2011-03-31": "-0.33000", "2010-12-31": "-0.23000", "2010-09-30": "-0.09000", "2010-06-30": "-0.01000", "2010-03-31": "-0.07000", "2009-12-31": "-0.09000", "2009-09-30": "-0.33000", "2009-06-30": "-0.35000", "2009-03-31": "-0.34000", "2008-12-31": "0.83000", "2008-09-30": "-0.40000", "2008-06-30": "-0.36000", "2008-03-31": "-0.44000", "2007-12-31": "0.42000", "2007-09-30": "-0.20000", "2007-06-30": "-0.30000", "2007-03-31": "-0.28000", "2006-12-31": "-0.42000", "2006-09-30": "-0.22000", "2006-06-30": "-0.70000", "2006-03-31": "-0.38000", "2005-12-31": "-1.24000", "2005-09-30": "-0.28000", "2005-06-30": "-0.32000", "2005-03-31": "-0.31000"}}, "balance sheet": {"Cash On Hand": {"2019-12-31": "1324.86200", "2018-12-31": "1335.35000", "2017-12-31": "296.13200", "2016-12-31": "389.10200", "2015-12-31": "308.94400", "2014-12-31": "262.82400", "2013-12-31": "237.02600", "2012-12-31": "277.19400", "2011-12-31": "241.16800", "2010-12-31": "315.93200", "2009-12-31": "396.21100", "2008-12-31": "378.99400", "2007-12-31": "482.35300", "2006-12-31": "458.64000", "2005-12-31": "476.20100"}, "Receivables": {"2019-12-31": "36.80200", "2018-12-31": "43.21300", "2017-12-31": "5.01400", "2016-12-31": "15.67800", "2015-12-31": "19.94700", "2014-12-31": "3.60700", "2013-12-31": "2.22900", "2012-12-31": "5.80500", "2011-12-31": "4.93800", "2010-12-31": "25.10200", "2009-12-31": "4.80100", "2008-12-31": "11.16100", "2007-12-31": "21.63700", "2006-12-31": "47.14800", "2005-12-31": "12.49400"}, "Inventory": {"2019-12-31": "12.66500", "2018-12-31": "11.38100", "2017-12-31": "10.72600", "2016-12-31": "11.10900", "2015-12-31": "11.34600", "2014-12-31": "12.95200", "2013-12-31": "13.45200", "2012-12-31": "18.26900", "2011-12-31": "12.65600", "2010-12-31": "7.26600", "2009-12-31": "6.47100", "2008-12-31": "9.31900", "2007-12-31": "12.18700", "2006-12-31": "14.65600", "2005-12-31": "18.62700"}, "Pre-Paid Expenses": {"2019-12-31": "", "2018-12-31": "", "2017-12-31": "", "2016-12-31": "", "2015-12-31": "", "2014-12-31": "", "2013-12-31": "", "2012-12-31": "", "2011-12-31": "", "2010-12-31": "", "2009-12-31": "", "2008-12-31": "", "2007-12-31": "", "2006-12-31": "", "2005-12-31": ""}, "Other Current Assets": {"2019-12-31": "47.22100", "2018-12-31": "47.74300", "2017-12-31": "14.94800", "2016-12-31": "10.06300", "2015-12-31": "9.81400", "2014-12-31": "8.81700", "2013-12-31": "5.17500", "2012-12-31": "13.36300", "2011-12-31": "17.94400", "2010-12-31": "5.67900", "2009-12-31": "6.18300", "2008-12-31": "6.74600", "2007-12-31": "7.10600", "2006-12-31": "14.59500", "2005-12-31": "12.52100"}, "Total Current Assets": {"2019-12-31": "1421.55000", "2018-12-31": "1437.68700", "2017-12-31": "326.82000", "2016-12-31": "425.95200", "2015-12-31": "350.05100", "2014-12-31": "288.20000", "2013-12-31": "257.88200", "2012-12-31": "314.63100", "2011-12-31": "276.70600", "2010-12-31": "353.97900", "2009-12-31": "413.66600", "2008-12-31": "406.22000", "2007-12-31": "523.28300", "2006-12-31": "535.03900", "2005-12-31": "519.84300"}, "Property, Plant, And Equipment": {"2019-12-31": "64.99900", "2018-12-31": "48.85100", "2017-12-31": "47.46300", "2016-12-31": "65.60100", "2015-12-31": "71.33600", "2014-12-31": "70.36800", "2013-12-31": "66.97400", "2012-12-31": "72.21500", "2011-12-31": "78.57600", "2010-12-31": "89.77300", "2009-12-31": "78.26300", "2008-12-31": "73.57800", "2007-12-31": "114.42000", "2006-12-31": "133.81200", "2005-12-31": "142.12700"}, "Long-Term Investments": {"2019-12-31": "279.11900", "2018-12-31": "582.88900", "2017-12-31": "57.08800", "2016-12-31": "", "2015-12-31": "", "2014-12-31": "", "2013-12-31": "", "2012-12-31": "", "2011-12-31": "173.76800", "2010-12-31": "", "2009-12-31": "", "2008-12-31": "", "2007-12-31": "", "2006-12-31": "8.33700", "2005-12-31": "90.22200"}, "Goodwill And Intangible Assets": {"2019-12-31": "76.50100", "2018-12-31": "76.50100", "2017-12-31": "76.50100", "2016-12-31": "76.50100", "2015-12-31": "76.50100", "2014-12-31": "76.50100", "2013-12-31": "76.50100", "2012-12-31": "76.50100", "2011-12-31": "76.50100", "2010-12-31": "76.50100", "2009-12-31": "76.50100", "2008-12-31": "76.50100", "2007-12-31": "78.43100", "2006-12-31": "82.05700", "2005-12-31": "91.88300"}, "Other Long-Term Assets": {"2019-12-31": "1.01000", "2018-12-31": "4.24400", "2017-12-31": "0.99400", "2016-12-31": "0.81700", "2015-12-31": "0.75400", "2014-12-31": "6.55200", "2013-12-31": "33.17000", "2012-12-31": "34.44300", "2011-12-31": "0.99900", "2010-12-31": "0.97200", "2009-12-31": "7.08800", "2008-12-31": "4.23700", "2007-12-31": "8.96900", "2006-12-31": "8.93200", "2005-12-31": "14.47900"}, "Total Long-Term Assets": {"2019-12-31": "555.80600", "2018-12-31": "712.48500", "2017-12-31": "182.04600", "2016-12-31": "142.91900", "2015-12-31": "148.59100", "2014-12-31": "153.42100", "2013-12-31": "176.64500", "2012-12-31": "183.15900", "2011-12-31": "329.84400", "2010-12-31": "167.24600", "2009-12-31": "161.85200", "2008-12-31": "154.31600", "2007-12-31": "201.82000", "2006-12-31": "233.13800", "2005-12-31": "338.71100"}, "Total Assets": {"2019-12-31": "1977.35600", "2018-12-31": "2150.17200", "2017-12-31": "508.86600", "2016-12-31": "568.87100", "2015-12-31": "498.64200", "2014-12-31": "441.62100", "2013-12-31": "434.52700", "2012-12-31": "497.79000", "2011-12-31": "606.55000", "2010-12-31": "521.22500", "2009-12-31": "575.51800", "2008-12-31": "560.53600", "2007-12-31": "725.10300", "2006-12-31": "768.17700", "2005-12-31": "858.55400"}, "Total Current Liabilities": {"2019-12-31": "353.89300", "2018-12-31": "82.00200", "2017-12-31": "56.16300", "2016-12-31": "72.22200", "2015-12-31": "61.24600", "2014-12-31": "64.04700", "2013-12-31": "98.22100", "2012-12-31": "78.53700", "2011-12-31": "275.53200", "2010-12-31": "64.10800", "2009-12-31": "153.01600", "2008-12-31": "68.37400", "2007-12-31": "98.09200", "2006-12-31": "165.58200", "2005-12-31": "69.59500"}, "Long Term Debt": {"2019-12-31": "", "2018-12-31": "246.95000", "2017-12-31": "245.20700", "2016-12-31": "243.46400", "2015-12-31": "242.77200", "2014-12-31": "129.13900", "2013-12-31": "133.04900", "2012-12-31": "136.60700", "2011-12-31": "14.58200", "2010-12-31": "231.96900", "2009-12-31": "233.75500", "2008-12-31": "235.30200", "2007-12-31": "336.63200", "2006-12-31": "334.75900", "2005-12-31": "438.12300"}, "Other Non-Current Liabilities": {"2019-12-31": "72.78800", "2018-12-31": "92.90100", "2017-12-31": "100.64700", "2016-12-31": "113.17300", "2015-12-31": "125.76900", "2014-12-31": "135.19200", "2013-12-31": "210.77600", "2012-12-31": "139.07700", "2011-12-31": "7.15900", "2010-12-31": "5.57100", "2009-12-31": "4.54400", "2008-12-31": "5.23800", "2007-12-31": "5.91100", "2006-12-31": "17.07900", "2005-12-31": "15.65100"}, "Total Long Term Liabilities": {"2019-12-31": "218.07200", "2018-12-31": "350.59500", "2017-12-31": "364.87500", "2016-12-31": "408.52400", "2015-12-31": "430.96700", "2014-12-31": "341.24200", "2013-12-31": "426.20900", "2012-12-31": "372.23500", "2011-12-31": "133.20700", "2010-12-31": "366.45500", "2009-12-31": "320.13500", "2008-12-31": "302.00800", "2007-12-31": "412.57200", "2006-12-31": "375.53500", "2005-12-31": "462.14800"}, "Total Liabilities": {"2019-12-31": "571.96500", "2018-12-31": "432.59700", "2017-12-31": "421.03800", "2016-12-31": "480.74600", "2015-12-31": "492.21300", "2014-12-31": "405.28900", "2013-12-31": "524.43000", "2012-12-31": "450.77200", "2011-12-31": "408.73900", "2010-12-31": "430.56300", "2009-12-31": "473.15100", "2008-12-31": "370.38200", "2007-12-31": "510.66400", "2006-12-31": "541.11700", "2005-12-31": "531.74300"}, "Common Stock Net": {"2019-12-31": "0.01700", "2018-12-31": "0.01700", "2017-12-31": "0.01500", "2016-12-31": "0.01500", "2015-12-31": "0.01300", "2014-12-31": "0.01300", "2013-12-31": "0.01100", "2012-12-31": "0.01100", "2011-12-31": "0.01100", "2010-12-31": "0.00900", "2009-12-31": "0.00900", "2008-12-31": "0.00900", "2007-12-31": "0.00900", "2006-12-31": "0.00900", "2005-12-31": "0.00900"}, "Retained Earnings (Accumulated Deficit)": {"2019-12-31": "-1864.71800", "2018-12-31": "-1424.05100", "2017-12-31": "-2117.94100", "2016-12-31": "-2021.01000", "2015-12-31": "-1867.48600", "2014-12-31": "-1786.30900", "2013-12-31": "-1732.39300", "2012-12-31": "-1570.38000", "2011-12-31": "-1398.52500", "2010-12-31": "-1264.54700", "2009-12-31": "-1226.60900", "2008-12-31": "-1124.09000", "2007-12-31": "-1089.75400", "2006-12-31": "-1056.99300", "2005-12-31": "-902.23200"}, "Comprehensive Income": {"2019-12-31": "-1.00500", "2018-12-31": "-6.31600", "2017-12-31": "-2.11100", "2016-12-31": "-2.36300", "2015-12-31": "-2.17000", "2014-12-31": "-1.56700", "2013-12-31": "-1.18100", "2012-12-31": "-0.35700", "2011-12-31": "-1.10300", "2010-12-31": "0.96800", "2009-12-31": "1.02500", "2008-12-31": "1.43900", "2007-12-31": "1.64300", "2006-12-31": "0.06200", "2005-12-31": "-1.70700"}, "Other Share Holders Equity": {"2019-12-31": "", "2018-12-31": "", "2017-12-31": "", "2016-12-31": "", "2015-12-31": "", "2014-12-31": "", "2013-12-31": "", "2012-12-31": "", "2011-12-31": "", "2010-12-31": "", "2009-12-31": "", "2008-12-31": "", "2007-12-31": "", "2006-12-31": "", "2005-12-31": ""}, "Share Holder Equity": {"2019-12-31": "1405.39100", "2018-12-31": "1717.57500", "2017-12-31": "87.82800", "2016-12-31": "88.12500", "2015-12-31": "6.42900", "2014-12-31": "36.33200", "2013-12-31": "-89.90300", "2012-12-31": "47.01800", "2011-12-31": "197.81100", "2010-12-31": "90.66200", "2009-12-31": "102.36700", "2008-12-31": "190.15400", "2007-12-31": "214.43900", "2006-12-31": "227.06000", "2005-12-31": "326.81100"}, "Total Liabilities And Share Holders Equity": {"2019-12-31": "1977.35600", "2018-12-31": "2150.17200", "2017-12-31": "508.86600", "2016-12-31": "568.87100", "2015-12-31": "498.64200", "2014-12-31": "441.62100", "2013-12-31": "434.52700", "2012-12-31": "497.79000", "2011-12-31": "606.55000", "2010-12-31": "521.22500", "2009-12-31": "575.51800", "2008-12-31": "560.53600", "2007-12-31": "725.10300", "2006-12-31": "768.17700", "2005-12-31": "858.55400"}}, "balance sheet, quarterly": {"Cash On Hand": {"2020-09-30": "956.00600", "2020-06-30": "1038.39700", "2020-03-31": "1345.88200", "2019-12-31": "1324.86200", "2019-09-30": "1495.67200", "2019-06-30": "1515.37900", "2019-03-31": "1388.66500", "2018-12-31": "1335.35000", "2018-09-30": "1420.41000", "2018-06-30": "1823.80800", "2018-03-31": "296.65900", "2017-12-31": "296.13200", "2017-09-30": "352.56700", "2017-06-30": "265.54700", "2017-03-31": "358.52300", "2016-12-31": "389.10200", "2016-09-30": "253.51100", "2016-06-30": "274.85400", "2016-03-31": "288.32500", "2015-12-31": "308.94400", "2015-09-30": "267.81900", "2015-06-30": "279.66000", "2015-03-31": "325.80500", "2014-12-31": "262.82400", "2014-09-30": "261.64300", "2014-06-30": "276.43600", "2014-03-31": "284.07100", "2013-12-31": "237.02600", "2013-09-30": "183.55000", "2013-06-30": "201.88500", "2013-03-31": "236.19500", "2012-12-31": "277.19400", "2012-09-30": "319.27700", "2012-06-30": "432.87400", "2012-03-31": "382.10900", "2011-12-31": "241.16800", "2011-09-30": "266.48700", "2011-06-30": "362.90600", "2011-03-31": "518.64200", "2010-12-31": "315.93200", "2010-09-30": "303.30200", "2010-06-30": "338.22000", "2010-03-31": "361.95800", "2009-12-31": "396.21100", "2009-09-30": "275.67800", "2009-06-30": "294.30300", "2009-03-31": "325.29900", "2008-12-31": "378.99400", "2008-09-30": "344.51600", "2008-06-30": "373.90700", "2008-03-31": "412.63000", "2007-12-31": "482.35300", "2007-09-30": "452.64400", "2007-06-30": "406.78900", "2007-03-31": "398.32700", "2006-12-31": "458.64000", "2006-09-30": "481.60800", "2006-06-30": "475.92000", "2006-03-31": "479.51600", "2005-12-31": "476.20100", "2005-09-30": "620.32800", "2005-06-30": "378.50700", "2005-03-31": "401.30300"}, "Receivables": {"2020-09-30": "42.92500", "2020-06-30": "47.24500", "2020-03-31": "42.03100", "2019-12-31": "36.80200", "2019-09-30": "41.20500", "2019-06-30": "37.29900", "2019-03-31": "42.89400", "2018-12-31": "43.21300", "2018-09-30": "31.93700", "2018-06-30": "35.31500", "2018-03-31": "15.60700", "2017-12-31": "5.01400", "2017-09-30": "3.31400", "2017-06-30": "4.11400", "2017-03-31": "1.56500", "2016-12-31": "15.67800", "2016-09-30": "14.24900", "2016-06-30": "27.77700", "2016-03-31": "39.67700", "2015-12-31": "19.94700", "2015-09-30": "2.96600", "2015-06-30": "3.68000", "2015-03-31": "2.88500", "2014-12-31": "3.60700", "2014-09-30": "46.07400", "2014-06-30": "3.04700", "2014-03-31": "1.85500", "2013-12-31": "2.22900", "2013-09-30": "4.55700", "2013-06-30": "6.04100", "2013-03-31": "3.64700", "2012-12-31": "5.80500", "2012-09-30": "3.91100", "2012-06-30": "11.36100", "2012-03-31": "10.80300", "2011-12-31": "4.93800", "2011-09-30": "12.91400", "2011-06-30": "8.46000", "2011-03-31": "2.16000", "2010-12-31": "25.10200", "2010-09-30": "5.55300", "2010-06-30": "9.44600", "2010-03-31": "7.70900", "2009-12-31": "4.80100", "2009-09-30": "6.33000", "2009-06-30": "8.47300", "2009-03-31": "5.79600", "2008-12-31": "11.16100", "2008-09-30": "8.51500", "2008-06-30": "12.06700", "2008-03-31": "14.04000", "2007-12-31": "21.63700", "2007-09-30": "36.80500", "2007-06-30": "49.82900", "2007-03-31": "64.74700", "2006-12-31": "47.14800", "2006-09-30": "31.84900", "2006-06-30": "44.64000", "2006-03-31": "17.43200", "2005-12-31": "12.49400", "2005-09-30": "14.55100", "2005-06-30": "10.44800", "2005-03-31": "6.33300"}, "Inventory": {"2020-09-30": "12.89200", "2020-06-30": "12.58400", "2020-03-31": "14.32000", "2019-12-31": "12.66500", "2019-09-30": "13.72000", "2019-06-30": "13.18800", "2019-03-31": "11.77800", "2018-12-31": "11.38100", "2018-09-30": "13.29600", "2018-06-30": "11.88400", "2018-03-31": "10.67500", "2017-12-31": "10.72600", "2017-09-30": "13.65400", "2017-06-30": "11.00800", "2017-03-31": "13.01600", "2016-12-31": "11.10900", "2016-09-30": "10.75400", "2016-06-30": "10.26200", "2016-03-31": "11.25000", "2015-12-31": "11.34600", "2015-09-30": "10.35200", "2015-06-30": "10.12400", "2015-03-31": "12.51100", "2014-12-31": "12.95200", "2014-09-30": "11.69500", "2014-06-30": "14.11100", "2014-03-31": "12.87200", "2013-12-31": "13.45200", "2013-09-30": "15.07600", "2013-06-30": "20.47900", "2013-03-31": "18.38100", "2012-12-31": "18.26900", "2012-09-30": "16.75400", "2012-06-30": "14.71500", "2012-03-31": "14.10800", "2011-12-31": "12.65600", "2011-09-30": "10.65400", "2011-06-30": "9.79700", "2011-03-31": "11.71200", "2010-12-31": "7.26600", "2010-09-30": "11.46000", "2010-06-30": "9.77700", "2010-03-31": "8.70300", "2009-12-31": "6.47100", "2009-09-30": "8.93000", "2009-06-30": "10.11000", "2009-03-31": "13.39200", "2008-12-31": "9.31900", "2008-09-30": "9.86100", "2008-06-30": "10.16600", "2008-03-31": "11.02700", "2007-12-31": "12.18700", "2007-09-30": "17.17500", "2007-06-30": "17.22800", "2007-03-31": "16.77000", "2006-12-31": "14.65600", "2006-09-30": "15.79500", "2006-06-30": "16.24700", "2006-03-31": "33.18000", "2005-12-31": "18.62700", "2005-09-30": "13.15200", "2005-06-30": "12.78100", "2005-03-31": "10.68300"}, "Pre-Paid Expenses": {"2020-09-30": "", "2020-06-30": "", "2020-03-31": "", "2019-12-31": "", "2019-09-30": "", "2019-06-30": "", "2019-03-31": "", "2018-12-31": "", "2018-09-30": "", "2018-06-30": "", "2018-03-31": "", "2017-12-31": "", "2017-09-30": "", "2017-06-30": "", "2017-03-31": "", "2016-12-31": "", "2016-09-30": "", "2016-06-30": "", "2016-03-31": "", "2015-12-31": "", "2015-09-30": "", "2015-06-30": "", "2015-03-31": "", "2014-12-31": "", "2014-09-30": "", "2014-06-30": "", "2014-03-31": "", "2013-12-31": "", "2013-09-30": "", "2013-06-30": "", "2013-03-31": "", "2012-12-31": "", "2012-09-30": "", "2012-06-30": "", "2012-03-31": "", "2011-12-31": "", "2011-09-30": "", "2011-06-30": "", "2011-03-31": "", "2010-12-31": "", "2010-09-30": "", "2010-06-30": "", "2010-03-31": "", "2009-12-31": "", "2009-09-30": "", "2009-06-30": "", "2009-03-31": "", "2008-12-31": "", "2008-09-30": "", "2008-06-30": "", "2008-03-31": "", "2007-12-31": "", "2007-09-30": "", "2007-06-30": "", "2007-03-31": "", "2006-12-31": "", "2006-09-30": "", "2006-06-30": "", "2006-03-31": "", "2005-12-31": "", "2005-09-30": "", "2005-06-30": "", "2005-03-31": ""}, "Other Current Assets": {"2020-09-30": "32.03300", "2020-06-30": "53.74200", "2020-03-31": "27.09100", "2019-12-31": "47.22100", "2019-09-30": "28.22700", "2019-06-30": "30.95100", "2019-03-31": "46.77700", "2018-12-31": "47.74300", "2018-09-30": "39.53900", "2018-06-30": "34.94000", "2018-03-31": "13.07400", "2017-12-31": "14.94800", "2017-09-30": "13.26000", "2017-06-30": "7.49600", "2017-03-31": "7.88100", "2016-12-31": "10.06300", "2016-09-30": "4.00800", "2016-06-30": "5.42700", "2016-03-31": "5.59300", "2015-12-31": "9.81400", "2015-09-30": "5.21400", "2015-06-30": "8.78200", "2015-03-31": "6.09200", "2014-12-31": "8.81700", "2014-09-30": "4.70800", "2014-06-30": "4.62900", "2014-03-31": "5.97200", "2013-12-31": "5.17500", "2013-09-30": "4.75900", "2013-06-30": "6.01800", "2013-03-31": "8.81300", "2012-12-31": "13.36300", "2012-09-30": "7.00300", "2012-06-30": "9.34100", "2012-03-31": "13.63400", "2011-12-31": "17.94400", "2011-09-30": "7.56500", "2011-06-30": "7.93200", "2011-03-31": "6.85900", "2010-12-31": "5.67900", "2010-09-30": "6.11900", "2010-06-30": "6.36300", "2010-03-31": "7.10100", "2009-12-31": "6.18300", "2009-09-30": "7.27500", "2009-06-30": "5.31700", "2009-03-31": "6.10800", "2008-12-31": "6.74600", "2008-09-30": "47.39500", "2008-06-30": "13.98800", "2008-03-31": "5.82600", "2007-12-31": "7.10600", "2007-09-30": "8.14700", "2007-06-30": "9.52000", "2007-03-31": "11.73300", "2006-12-31": "14.59500", "2006-09-30": "17.18000", "2006-06-30": "35.91900", "2006-03-31": "19.23800", "2005-12-31": "12.52100", "2005-09-30": "10.17800", "2005-06-30": "9.54600", "2005-03-31": "10.52800"}, "Total Current Assets": {"2020-09-30": "1043.85600", "2020-06-30": "1151.96800", "2020-03-31": "1429.32400", "2019-12-31": "1421.55000", "2019-09-30": "1578.82400", "2019-06-30": "1596.81700", "2019-03-31": "1490.11400", "2018-12-31": "1437.68700", "2018-09-30": "1505.18200", "2018-06-30": "1905.94700", "2018-03-31": "336.01500", "2017-12-31": "326.82000", "2017-09-30": "382.79500", "2017-06-30": "288.16500", "2017-03-31": "380.98500", "2016-12-31": "425.95200", "2016-09-30": "282.52200", "2016-06-30": "318.32000", "2016-03-31": "344.84500", "2015-12-31": "350.05100", "2015-09-30": "286.35100", "2015-06-30": "302.24600", "2015-03-31": "347.29300", "2014-12-31": "288.20000", "2014-09-30": "324.12000", "2014-06-30": "298.22300", "2014-03-31": "304.77000", "2013-12-31": "257.88200", "2013-09-30": "207.94200", "2013-06-30": "234.42300", "2013-03-31": "267.03600", "2012-12-31": "314.63100", "2012-09-30": "346.94500", "2012-06-30": "468.29100", "2012-03-31": "420.65400", "2011-12-31": "276.70600", "2011-09-30": "297.62000", "2011-06-30": "389.09500", "2011-03-31": "539.37300", "2010-12-31": "353.97900", "2010-09-30": "326.43400", "2010-06-30": "363.80600", "2010-03-31": "385.47100", "2009-12-31": "413.66600", "2009-09-30": "298.21300", "2009-06-30": "318.20300", "2009-03-31": "350.59500", "2008-12-31": "406.22000", "2008-09-30": "410.28700", "2008-06-30": "410.12800", "2008-03-31": "443.52300", "2007-12-31": "523.28300", "2007-09-30": "514.77100", "2007-06-30": "483.36600", "2007-03-31": "491.57700", "2006-12-31": "535.03900", "2006-09-30": "546.43200", "2006-06-30": "572.72600", "2006-03-31": "549.36600", "2005-12-31": "519.84300", "2005-09-30": "658.20900", "2005-06-30": "411.28200", "2005-03-31": "428.84700"}, "Property, Plant, And Equipment": {"2020-09-30": "60.18900", "2020-06-30": "61.37200", "2020-03-31": "62.30700", "2019-12-31": "65.66500", "2019-09-30": "64.61400", "2019-06-30": "65.45300", "2019-03-31": "58.15800", "2018-12-31": "48.85100", "2018-09-30": "44.88100", "2018-06-30": "45.00000", "2018-03-31": "46.32800", "2017-12-31": "47.46300", "2017-09-30": "62.39600", "2017-06-30": "64.92900", "2017-03-31": "66.64200", "2016-12-31": "65.60100", "2016-09-30": "65.55300", "2016-06-30": "67.77400", "2016-03-31": "69.85200", "2015-12-31": "71.33600", "2015-09-30": "72.53200", "2015-06-30": "72.15800", "2015-03-31": "69.26700", "2014-12-31": "70.36800", "2014-09-30": "69.27500", "2014-06-30": "71.07000", "2014-03-31": "72.96800", "2013-12-31": "66.97400", "2013-09-30": "65.08200", "2013-06-30": "67.84900", "2013-03-31": "70.11200", "2012-12-31": "72.21500", "2012-09-30": "73.25600", "2012-06-30": "73.71300", "2012-03-31": "75.55700", "2011-12-31": "78.57600", "2011-09-30": "81.64900", "2011-06-30": "85.38100", "2011-03-31": "87.62800", "2010-12-31": "89.77300", "2010-09-30": "97.68600", "2010-06-30": "88.22300", "2010-03-31": "82.65000", "2009-12-31": "78.26300", "2009-09-30": "74.62400", "2009-06-30": "75.02400", "2009-03-31": "75.02000", "2008-12-31": "73.57800", "2008-09-30": "73.64100", "2008-06-30": "114.22900", "2008-03-31": "114.38100", "2007-12-31": "114.42000", "2007-09-30": "135.31700", "2007-06-30": "131.02400", "2007-03-31": "132.34500", "2006-12-31": "133.81200", "2006-09-30": "136.58000", "2006-06-30": "139.15200", "2006-03-31": "140.30100", "2005-12-31": "142.12700", "2005-09-30": "144.71600", "2005-06-30": "146.37100", "2005-03-31": "147.72600"}, "Long-Term Investments": {"2020-09-30": "197.71500", "2020-06-30": "172.16600", "2020-03-31": "185.90000", "2019-12-31": "279.11900", "2019-09-30": "231.08200", "2019-06-30": "276.30500", "2019-03-31": "455.86700", "2018-12-31": "582.88900", "2018-09-30": "619.14000", "2018-06-30": "282.27700", "2018-03-31": "37.15700", "2017-12-31": "57.08800", "2017-09-30": "59.59600", "2017-06-30": "45.16000", "2017-03-31": "3.49300", "2016-12-31": "", "2016-09-30": "", "2016-06-30": "", "2016-03-31": "", "2015-12-31": "", "2015-09-30": "", "2015-06-30": "", "2015-03-31": "", "2014-12-31": "", "2014-09-30": "", "2014-06-30": "", "2014-03-31": "", "2013-12-31": "", "2013-09-30": "", "2013-06-30": "", "2013-03-31": "", "2012-12-31": "", "2012-09-30": "35.02200", "2012-06-30": "44.24500", "2012-03-31": "116.73200", "2011-12-31": "173.76800", "2011-09-30": "191.47800", "2011-06-30": "118.94100", "2011-03-31": "", "2010-12-31": "", "2010-09-30": "", "2010-06-30": "", "2010-03-31": "", "2009-12-31": "", "2009-09-30": "", "2009-06-30": "", "2009-03-31": "", "2008-12-31": "", "2008-09-30": "", "2008-06-30": "", "2008-03-31": "", "2007-12-31": "", "2007-09-30": "", "2007-06-30": "", "2007-03-31": "", "2006-12-31": "8.33700", "2006-09-30": "9.34200", "2006-06-30": "15.21900", "2006-03-31": "48.60100", "2005-12-31": "90.22200", "2005-09-30": "", "2005-06-30": "", "2005-03-31": ""}, "Goodwill And Intangible Assets": {"2020-09-30": "76.50100", "2020-06-30": "76.50100", "2020-03-31": "76.50100", "2019-12-31": "76.50100", "2019-09-30": "76.50100", "2019-06-30": "76.50100", "2019-03-31": "76.50100", "2018-12-31": "76.50100", "2018-09-30": "76.50100", "2018-06-30": "76.50100", "2018-03-31": "76.50100", "2017-12-31": "76.50100", "2017-09-30": "76.50100", "2017-06-30": "76.50100", "2017-03-31": "76.50100", "2016-12-31": "76.50100", "2016-09-30": "76.50100", "2016-06-30": "76.50100", "2016-03-31": "76.50100", "2015-12-31": "76.50100", "2015-09-30": "76.50100", "2015-06-30": "76.50100", "2015-03-31": "76.50100", "2014-12-31": "76.50100", "2014-09-30": "76.50100", "2014-06-30": "76.50100", "2014-03-31": "76.50100", "2013-12-31": "76.50100", "2013-09-30": "76.50100", "2013-06-30": "76.50100", "2013-03-31": "76.50100", "2012-12-31": "76.50100", "2012-09-30": "76.50100", "2012-06-30": "76.50100", "2012-03-31": "76.50100", "2011-12-31": "76.50100", "2011-09-30": "76.50100", "2011-06-30": "76.50100", "2011-03-31": "76.50100", "2010-12-31": "76.50100", "2010-09-30": "76.50100", "2010-06-30": "76.50100", "2010-03-31": "76.50100", "2009-12-31": "76.50100", "2009-09-30": "76.50100", "2009-06-30": "76.50100", "2009-03-31": "76.50100", "2008-12-31": "76.50100", "2008-09-30": "80.40200", "2008-06-30": "80.63800", "2008-03-31": "80.87500", "2007-12-31": "78.43100", "2007-09-30": "81.34800", "2007-06-30": "81.58400", "2007-03-31": "81.82100", "2006-12-31": "82.05700", "2006-09-30": "88.26200", "2006-06-30": "88.97000", "2006-03-31": "90.37500", "2005-12-31": "91.88300", "2005-09-30": "133.06100", "2005-06-30": "134.18800", "2005-03-31": "135.31400"}, "Other Long-Term Assets": {"2020-09-30": "1.42000", "2020-06-30": "1.41300", "2020-03-31": "", "2019-12-31": "0.34400", "2019-09-30": "2.38500", "2019-06-30": "2.40000", "2019-03-31": "2.36700", "2018-12-31": "4.24400", "2018-09-30": "3.39400", "2018-06-30": "3.36200", "2018-03-31": "0.78900", "2017-12-31": "0.99400", "2017-09-30": "0.76700", "2017-06-30": "1.10400", "2017-03-31": "0.86500", "2016-12-31": "0.81700", "2016-09-30": "0.51900", "2016-06-30": "0.50400", "2016-03-31": "0.68100", "2015-12-31": "0.75400", "2015-09-30": "13.86200", "2015-06-30": "5.76200", "2015-03-31": "6.15100", "2014-12-31": "6.55200", "2014-09-30": "7.00600", "2014-06-30": "32.34300", "2014-03-31": "32.77400", "2013-12-31": "33.17000", "2013-09-30": "33.51000", "2013-06-30": "34.03600", "2013-03-31": "34.25200", "2012-12-31": "34.44300", "2012-09-30": "9.72800", "2012-06-30": "5.69300", "2012-03-31": "5.34500", "2011-12-31": "0.99900", "2011-09-30": "0.84500", "2011-06-30": "0.93600", "2011-03-31": "0.97600", "2010-12-31": "0.97200", "2010-09-30": "1.85500", "2010-06-30": "2.10800", "2010-03-31": "3.88700", "2009-12-31": "7.08800", "2009-09-30": "3.31300", "2009-06-30": "3.27000", "2009-03-31": "3.82300", "2008-12-31": "4.23700", "2008-09-30": "4.02200", "2008-06-30": "4.49800", "2008-03-31": "5.05700", "2007-12-31": "8.96900", "2007-09-30": "6.84900", "2007-06-30": "7.49100", "2007-03-31": "7.99700", "2006-12-31": "8.93200", "2006-09-30": "9.40400", "2006-06-30": "11.07800", "2006-03-31": "12.89500", "2005-12-31": "14.47900", "2005-09-30": "10.92400", "2005-06-30": "2.21400", "2005-03-31": "2.30500"}, "Total Long-Term Assets": {"2020-09-30": "464.81000", "2020-06-30": "442.91000", "2020-03-31": "458.60900", "2019-12-31": "555.80600", "2019-09-30": "509.47000", "2019-06-30": "502.83600", "2019-03-31": "676.36800", "2018-12-31": "712.48500", "2018-09-30": "743.91600", "2018-06-30": "407.14000", "2018-03-31": "160.77500", "2017-12-31": "182.04600", "2017-09-30": "199.26000", "2017-06-30": "187.69400", "2017-03-31": "147.50100", "2016-12-31": "142.91900", "2016-09-30": "142.57300", "2016-06-30": "144.77900", "2016-03-31": "147.03400", "2015-12-31": "148.59100", "2015-09-30": "162.89500", "2015-06-30": "154.42100", "2015-03-31": "151.91900", "2014-12-31": "153.42100", "2014-09-30": "152.78200", "2014-06-30": "179.91400", "2014-03-31": "182.24300", "2013-12-31": "176.64500", "2013-09-30": "175.09300", "2013-06-30": "178.38600", "2013-03-31": "180.86500", "2012-12-31": "183.15900", "2012-09-30": "194.50700", "2012-06-30": "200.15200", "2012-03-31": "274.13500", "2011-12-31": "329.84400", "2011-09-30": "350.47300", "2011-06-30": "281.75900", "2011-03-31": "165.10500", "2010-12-31": "167.24600", "2010-09-30": "176.04200", "2010-06-30": "166.83200", "2010-03-31": "163.03800", "2009-12-31": "161.85200", "2009-09-30": "154.43800", "2009-06-30": "154.79500", "2009-03-31": "155.34400", "2008-12-31": "154.31600", "2008-09-30": "158.06500", "2008-06-30": "199.36500", "2008-03-31": "200.31300", "2007-12-31": "201.82000", "2007-09-30": "223.51400", "2007-06-30": "220.09900", "2007-03-31": "222.16300", "2006-12-31": "233.13800", "2006-09-30": "243.58800", "2006-06-30": "254.41900", "2006-03-31": "292.17200", "2005-12-31": "338.71100", "2005-09-30": "288.70100", "2005-06-30": "282.77300", "2005-03-31": "285.34500"}, "Total Assets": {"2020-09-30": "1508.66600", "2020-06-30": "1594.87800", "2020-03-31": "1887.93300", "2019-12-31": "1977.35600", "2019-09-30": "2088.29400", "2019-06-30": "2099.65300", "2019-03-31": "2166.48200", "2018-12-31": "2150.17200", "2018-09-30": "2249.09800", "2018-06-30": "2313.08700", "2018-03-31": "496.79000", "2017-12-31": "508.86600", "2017-09-30": "582.05500", "2017-06-30": "475.85900", "2017-03-31": "528.48600", "2016-12-31": "568.87100", "2016-09-30": "425.09500", "2016-06-30": "463.09900", "2016-03-31": "491.87900", "2015-12-31": "498.64200", "2015-09-30": "449.24600", "2015-06-30": "456.66700", "2015-03-31": "499.21200", "2014-12-31": "441.62100", "2014-09-30": "476.90200", "2014-06-30": "478.13700", "2014-03-31": "487.01300", "2013-12-31": "434.52700", "2013-09-30": "383.03500", "2013-06-30": "412.80900", "2013-03-31": "447.90100", "2012-12-31": "497.79000", "2012-09-30": "541.45200", "2012-06-30": "668.44300", "2012-03-31": "694.78900", "2011-12-31": "606.55000", "2011-09-30": "648.09300", "2011-06-30": "670.85400", "2011-03-31": "704.47800", "2010-12-31": "521.22500", "2010-09-30": "502.47600", "2010-06-30": "530.63800", "2010-03-31": "548.50900", "2009-12-31": "575.51800", "2009-09-30": "452.65100", "2009-06-30": "472.99800", "2009-03-31": "505.93900", "2008-12-31": "560.53600", "2008-09-30": "568.35200", "2008-06-30": "609.49300", "2008-03-31": "643.83600", "2007-12-31": "725.10300", "2007-09-30": "738.28500", "2007-06-30": "703.46500", "2007-03-31": "713.74000", "2006-12-31": "768.17700", "2006-09-30": "790.02000", "2006-06-30": "827.14500", "2006-03-31": "841.53800", "2005-12-31": "858.55400", "2005-09-30": "946.91000", "2005-06-30": "694.05500", "2005-03-31": "714.19200"}, "Total Current Liabilities": {"2020-09-30": "126.50000", "2020-06-30": "123.95800", "2020-03-31": "377.47100", "2019-12-31": "353.89300", "2019-09-30": "125.35000", "2019-06-30": "113.37000", "2019-03-31": "99.71800", "2018-12-31": "82.00200", "2018-09-30": "108.08300", "2018-06-30": "96.89700", "2018-03-31": "80.69700", "2017-12-31": "56.16300", "2017-09-30": "92.54400", "2017-06-30": "72.61300", "2017-03-31": "78.51500", "2016-12-31": "72.22200", "2016-09-30": "76.30500", "2016-06-30": "79.28200", "2016-03-31": "65.94500", "2015-12-31": "61.24600", "2015-09-30": "208.09800", "2015-06-30": "81.07700", "2015-03-31": "75.44400", "2014-12-31": "64.04700", "2014-09-30": "80.54900", "2014-06-30": "84.35500", "2014-03-31": "79.31300", "2013-12-31": "98.22100", "2013-09-30": "80.91300", "2013-06-30": "90.27700", "2013-03-31": "83.22100", "2012-12-31": "78.53700", "2012-09-30": "69.47000", "2012-06-30": "276.86100", "2012-03-31": "270.75300", "2011-12-31": "275.53200", "2011-09-30": "279.04200", "2011-06-30": "61.27400", "2011-03-31": "58.88000", "2010-12-31": "64.10800", "2010-09-30": "84.83200", "2010-06-30": "107.46600", "2010-03-31": "125.64500", "2009-12-31": "153.01600", "2009-09-30": "49.35700", "2009-06-30": "45.31600", "2009-03-31": "46.63700", "2008-12-31": "68.37400", "2008-09-30": "48.52200", "2008-06-30": "58.76000", "2008-03-31": "57.64500", "2007-12-31": "98.09200", "2007-09-30": "156.67900", "2007-06-30": "121.32700", "2007-03-31": "111.47600", "2006-12-31": "165.58200", "2006-09-30": "95.32900", "2006-06-30": "114.83700", "2006-03-31": "110.30100", "2005-12-31": "69.59500", "2005-09-30": "47.82500", "2005-06-30": "54.54400", "2005-03-31": "51.49100"}, "Long Term Debt": {"2020-09-30": "", "2020-06-30": "", "2020-03-31": "", "2019-12-31": "", "2019-09-30": "248.25700", "2019-06-30": "247.82100", "2019-03-31": "247.38600", "2018-12-31": "246.95000", "2018-09-30": "246.51400", "2018-06-30": "246.07800", "2018-03-31": "245.64300", "2017-12-31": "245.20700", "2017-09-30": "244.77100", "2017-06-30": "245.39200", "2017-03-31": "245.50900", "2016-12-31": "243.46400", "2016-09-30": "245.14700", "2016-06-30": "245.32300", "2016-03-31": "245.45500", "2015-12-31": "242.77200", "2015-09-30": "1.33500", "2015-06-30": "127.88900", "2015-03-31": "129.38600", "2014-12-31": "129.13900", "2014-09-30": "130.33900", "2014-06-30": "131.02500", "2014-03-31": "132.05000", "2013-12-31": "133.04900", "2013-09-30": "134.00700", "2013-06-30": "134.90100", "2013-03-31": "135.76600", "2012-12-31": "136.60700", "2012-09-30": "137.41400", "2012-06-30": "13.17400", "2012-03-31": "13.89000", "2011-12-31": "14.58200", "2011-09-30": "15.25000", "2011-06-30": "230.81800", "2011-03-31": "231.40300", "2010-12-31": "231.96900", "2010-09-30": "232.35700", "2010-06-30": "232.84200", "2010-03-31": "233.30700", "2009-12-31": "233.75500", "2009-09-30": "234.18300", "2009-06-30": "234.57100", "2009-03-31": "234.94400", "2008-12-31": "235.30200", "2008-09-30": "335.68900", "2008-06-30": "336.01600", "2008-03-31": "336.33000", "2007-12-31": "336.63200", "2007-09-30": "336.98700", "2007-06-30": "334.32800", "2007-03-31": "334.54800", "2006-12-31": "334.75900", "2006-09-30": "401.44100", "2006-06-30": "401.60200", "2006-03-31": "401.75600", "2005-12-31": "438.12300", "2005-09-30": "438.07200", "2005-06-30": "194.48500", "2005-03-31": "194.59900"}, "Other Non-Current Liabilities": {"2020-09-30": "69.66900", "2020-06-30": "70.52300", "2020-03-31": "69.18500", "2019-12-31": "72.78800", "2019-09-30": "74.09800", "2019-06-30": "78.45600", "2019-03-31": "81.50300", "2018-12-31": "92.90100", "2018-09-30": "92.96900", "2018-06-30": "95.91800", "2018-03-31": "99.35900", "2017-12-31": "100.64700", "2017-09-30": "104.35300", "2017-06-30": "105.48900", "2017-03-31": "108.04700", "2016-12-31": "113.17300", "2016-09-30": "114.40800", "2016-06-30": "117.61000", "2016-03-31": "121.16700", "2015-12-31": "125.76900", "2015-09-30": "131.81900", "2015-06-30": "138.63900", "2015-03-31": "138.65900", "2014-12-31": "135.19200", "2014-09-30": "135.89400", "2014-06-30": "209.19900", "2014-03-31": "208.91000", "2013-12-31": "210.77600", "2013-09-30": "134.38400", "2013-06-30": "132.69700", "2013-03-31": "131.43100", "2012-12-31": "139.07700", "2012-09-30": "137.47400", "2012-06-30": "137.90900", "2012-03-31": "136.60900", "2011-12-31": "7.15900", "2011-09-30": "6.46200", "2011-06-30": "5.84000", "2011-03-31": "6.20500", "2010-12-31": "5.57100", "2010-09-30": "4.93600", "2010-06-30": "4.30200", "2010-03-31": "4.65600", "2009-12-31": "4.54400", "2009-09-30": "4.45800", "2009-06-30": "4.35400", "2009-03-31": "5.27000", "2008-12-31": "5.23800", "2008-09-30": "11.15900", "2008-06-30": "4.79500", "2008-03-31": "13.99000", "2007-12-31": "5.91100", "2007-09-30": "15.46900", "2007-06-30": "15.83400", "2007-03-31": "16.82100", "2006-12-31": "17.07900", "2006-09-30": "18.28900", "2006-06-30": "19.94400", "2006-03-31": "22.67500", "2005-12-31": "15.65100", "2005-09-30": "26.90900", "2005-06-30": "23.70200", "2005-03-31": "24.09200"}, "Total Long Term Liabilities": {"2020-09-30": "211.18500", "2020-06-30": "214.68000", "2020-03-31": "214.03600", "2019-12-31": "218.07200", "2019-09-30": "474.23300", "2019-06-30": "429.12800", "2019-03-31": "433.25300", "2018-12-31": "350.59500", "2018-09-30": "350.89300", "2018-06-30": "355.77600", "2018-03-31": "357.81000", "2017-12-31": "364.87500", "2017-09-30": "405.34900", "2017-06-30": "399.86000", "2017-03-31": "405.22200", "2016-12-31": "408.52400", "2016-09-30": "416.64300", "2016-06-30": "423.06800", "2016-03-31": "426.20900", "2015-12-31": "430.96700", "2015-09-30": "202.09500", "2015-06-30": "340.49100", "2015-03-31": "346.46300", "2014-12-31": "341.24200", "2014-09-30": "349.13500", "2014-06-30": "429.14200", "2014-03-31": "417.50900", "2013-12-31": "426.20900", "2013-09-30": "352.37200", "2013-06-30": "363.08100", "2013-03-31": "367.30000", "2012-12-31": "372.23500", "2012-09-30": "376.65000", "2012-06-30": "259.29800", "2012-03-31": "261.54900", "2011-12-31": "133.20700", "2011-09-30": "138.25400", "2011-06-30": "358.30400", "2011-03-31": "364.36000", "2010-12-31": "366.45500", "2010-09-30": "310.69700", "2010-06-30": "313.64300", "2010-03-31": "318.11000", "2009-12-31": "320.13500", "2009-09-30": "297.19400", "2009-06-30": "297.08400", "2009-03-31": "300.02800", "2008-12-31": "302.00800", "2008-09-30": "411.19800", "2008-06-30": "407.03200", "2008-03-31": "410.43200", "2007-12-31": "412.57200", "2007-09-30": "410.70300", "2007-06-30": "393.45800", "2007-03-31": "391.64100", "2006-12-31": "375.53500", "2006-09-30": "443.00800", "2006-06-30": "447.04700", "2006-03-31": "424.43100", "2005-12-31": "462.14800", "2005-09-30": "464.98100", "2005-06-30": "218.18700", "2005-03-31": "218.69100"}, "Total Liabilities": {"2020-09-30": "337.68500", "2020-06-30": "338.63800", "2020-03-31": "591.50700", "2019-12-31": "571.96500", "2019-09-30": "599.58300", "2019-06-30": "542.49800", "2019-03-31": "532.97100", "2018-12-31": "432.59700", "2018-09-30": "458.97600", "2018-06-30": "452.67300", "2018-03-31": "438.50700", "2017-12-31": "421.03800", "2017-09-30": "497.89300", "2017-06-30": "472.47300", "2017-03-31": "483.73700", "2016-12-31": "480.74600", "2016-09-30": "492.94800", "2016-06-30": "502.35000", "2016-03-31": "492.15400", "2015-12-31": "492.21300", "2015-09-30": "410.19300", "2015-06-30": "421.56800", "2015-03-31": "421.90700", "2014-12-31": "405.28900", "2014-09-30": "429.68400", "2014-06-30": "513.49700", "2014-03-31": "496.82200", "2013-12-31": "524.43000", "2013-09-30": "433.28500", "2013-06-30": "453.35800", "2013-03-31": "450.52100", "2012-12-31": "450.77200", "2012-09-30": "446.12000", "2012-06-30": "536.15900", "2012-03-31": "532.30200", "2011-12-31": "408.73900", "2011-09-30": "417.29600", "2011-06-30": "419.57800", "2011-03-31": "423.24000", "2010-12-31": "430.56300", "2010-09-30": "395.52900", "2010-06-30": "421.10900", "2010-03-31": "443.75500", "2009-12-31": "473.15100", "2009-09-30": "346.55100", "2009-06-30": "342.40000", "2009-03-31": "346.66500", "2008-12-31": "370.38200", "2008-09-30": "459.72000", "2008-06-30": "465.79200", "2008-03-31": "468.07700", "2007-12-31": "510.66400", "2007-09-30": "567.38200", "2007-06-30": "514.78500", "2007-03-31": "503.11700", "2006-12-31": "541.11700", "2006-09-30": "538.33700", "2006-06-30": "561.88400", "2006-03-31": "534.73200", "2005-12-31": "531.74300", "2005-09-30": "512.80600", "2005-06-30": "272.73100", "2005-03-31": "270.18200"}, "Common Stock Net": {"2020-09-30": "0.01800", "2020-06-30": "0.01800", "2020-03-31": "0.01700", "2019-12-31": "0.01700", "2019-09-30": "0.01700", "2019-06-30": "0.01700", "2019-03-31": "0.01700", "2018-12-31": "0.01700", "2018-09-30": "0.01700", "2018-06-30": "0.01700", "2018-03-31": "0.01600", "2017-12-31": "0.01500", "2017-09-30": "0.01500", "2017-06-30": "0.01500", "2017-03-31": "0.01500", "2016-12-31": "0.01500", "2016-09-30": "0.01300", "2016-06-30": "0.01300", "2016-03-31": "0.01300", "2015-12-31": "0.01300", "2015-09-30": "0.01300", "2015-06-30": "0.01300", "2015-03-31": "0.01300", "2014-12-31": "0.01300", "2014-09-30": "0.01200", "2014-06-30": "0.01200", "2014-03-31": "0.01200", "2013-12-31": "0.01100", "2013-09-30": "0.01100", "2013-06-30": "0.01100", "2013-03-31": "0.01100", "2012-12-31": "0.01100", "2012-09-30": "0.01100", "2012-06-30": "0.01100", "2012-03-31": "0.01100", "2011-12-31": "0.01100", "2011-09-30": "0.01100", "2011-06-30": "0.01100", "2011-03-31": "0.01100", "2010-12-31": "0.00900", "2010-09-30": "0.00900", "2010-06-30": "0.00900", "2010-03-31": "0.00900", "2009-12-31": "0.00900", "2009-09-30": "0.00900", "2009-06-30": "0.00900", "2009-03-31": "0.00900", "2008-12-31": "0.00900", "2008-09-30": "0.00900", "2008-06-30": "0.00900", "2008-03-31": "0.00900", "2007-12-31": "0.00900", "2007-09-30": "0.00900", "2007-06-30": "0.00900", "2007-03-31": "0.00900", "2006-12-31": "0.00900", "2006-09-30": "0.00900", "2006-06-30": "0.00900", "2006-03-31": "0.00900", "2005-12-31": "0.00900", "2005-09-30": "0.00900", "2005-06-30": "0.00900", "2005-03-31": "0.00800"}, "Retained Earnings (Accumulated Deficit)": {"2020-09-30": "-2191.95500", "2020-06-30": "-2083.36900", "2020-03-31": "-2003.36900", "2019-12-31": "-1864.71800", "2019-09-30": "-1751.28000", "2019-06-30": "-1652.47200", "2019-03-31": "-1542.56300", "2018-12-31": "-1424.05100", "2018-09-30": "-1325.83900", "2018-06-30": "-1229.69600", "2018-03-31": "-2201.15600", "2017-12-31": "-2117.94100", "2017-09-30": "-2084.11500", "2017-06-30": "-2144.98600", "2017-03-31": "-2085.11500", "2016-12-31": "-2021.01000", "2016-09-30": "-1978.81100", "2016-06-30": "-1935.58700", "2016-03-31": "-1886.98400", "2015-12-31": "-1867.48600", "2015-09-30": "-1813.34900", "2015-06-30": "-1805.14600", "2015-03-31": "-1752.48900", "2014-12-31": "-1786.30900", "2014-09-30": "-1740.62600", "2014-06-30": "-1811.23100", "2014-03-31": "-1778.59400", "2013-12-31": "-1732.39300", "2013-09-30": "-1684.73400", "2013-06-30": "-1668.19100", "2013-03-31": "-1625.44300", "2012-12-31": "-1570.38000", "2012-09-30": "-1517.45400", "2012-06-30": "-1473.90700", "2012-03-31": "-1439.62200", "2011-12-31": "-1398.52500", "2011-09-30": "-1361.03000", "2011-06-30": "-1336.96200", "2011-03-31": "-1300.58100", "2010-12-31": "-1264.54700", "2010-09-30": "-1241.96700", "2010-06-30": "-1233.25600", "2010-03-31": "-1232.73900", "2009-12-31": "-1226.60900", "2009-09-30": "-1218.93300", "2009-06-30": "-1187.96600", "2009-03-31": "-1155.89700", "2008-12-31": "-1124.09000", "2008-09-30": "-1200.87200", "2008-06-30": "-1163.83400", "2008-03-31": "-1130.45900", "2007-12-31": "-1089.75400", "2007-09-30": "-1128.79700", "2007-06-30": "-1110.17600", "2007-03-31": "-1082.66600", "2006-12-31": "-1056.99300", "2006-09-30": "-1018.13800", "2006-06-30": "-998.53400", "2006-03-31": "-935.70300", "2005-12-31": "-902.23200", "2005-09-30": "-793.99300", "2005-06-30": "-770.19800", "2005-03-31": "-743.28600"}, "Comprehensive Income": {"2020-09-30": "-1.08000", "2020-06-30": "0.71500", "2020-03-31": "-6.87700", "2019-12-31": "-1.00500", "2019-09-30": "-1.18600", "2019-06-30": "-0.78800", "2019-03-31": "-2.71600", "2018-12-31": "-6.31600", "2018-09-30": "-5.37800", "2018-06-30": "-4.00200", "2018-03-31": "-2.79600", "2017-12-31": "-2.11100", "2017-09-30": "-1.90700", "2017-06-30": "-1.66200", "2017-03-31": "-1.84900", "2016-12-31": "-2.36300", "2016-09-30": "-1.96200", "2016-06-30": "-2.01900", "2016-03-31": "-1.83500", "2015-12-31": "-2.17000", "2015-09-30": "-1.82100", "2015-06-30": "-1.49800", "2015-03-31": "-1.27600", "2014-12-31": "-1.56700", "2014-09-30": "-1.17800", "2014-06-30": "-0.88700", "2014-03-31": "-0.94000", "2013-12-31": "-1.18100", "2013-09-30": "-1.68900", "2013-06-30": "-1.33600", "2013-03-31": "-0.39500", "2012-12-31": "-0.35700", "2012-09-30": "0.15500", "2012-06-30": "-0.62000", "2012-03-31": "-0.04300", "2011-12-31": "-1.10300", "2011-09-30": "-0.98700", "2011-06-30": "0.76600", "2011-03-31": "0.81800", "2010-12-31": "0.96800", "2010-09-30": "1.10500", "2010-06-30": "0.58100", "2010-03-31": "1.02200", "2009-12-31": "1.02500", "2009-09-30": "1.11700", "2009-06-30": "0.97800", "2009-03-31": "-0.02000", "2008-12-31": "1.43900", "2008-09-30": "-0.47800", "2008-06-30": "0.73900", "2008-03-31": "2.21300", "2007-12-31": "1.64300", "2007-09-30": "0.51800", "2007-06-30": "0.46700", "2007-03-31": "0.30300", "2006-12-31": "0.06200", "2006-09-30": "0.47100", "2006-06-30": "-1.40900", "2006-03-31": "-1.73400", "2005-12-31": "-1.70700", "2005-09-30": "-1.20700", "2005-06-30": "-0.86700", "2005-03-31": "-1.28800"}, "Other Share Holders Equity": {"2020-09-30": "", "2020-06-30": "", "2020-03-31": "", "2019-12-31": "", "2019-09-30": "", "2019-06-30": "", "2019-03-31": "", "2018-12-31": "", "2018-09-30": "", "2018-06-30": "", "2018-03-31": "", "2017-12-31": "", "2017-09-30": "", "2017-06-30": "", "2017-03-31": "", "2016-12-31": "", "2016-09-30": "", "2016-06-30": "", "2016-03-31": "", "2015-12-31": "", "2015-09-30": "", "2015-06-30": "", "2015-03-31": "", "2014-12-31": "", "2014-09-30": "", "2014-06-30": "", "2014-03-31": "", "2013-12-31": "", "2013-09-30": "", "2013-06-30": "", "2013-03-31": "", "2012-12-31": "", "2012-09-30": "", "2012-06-30": "", "2012-03-31": "", "2011-12-31": "", "2011-09-30": "", "2011-06-30": "", "2011-03-31": "", "2010-12-31": "", "2010-09-30": "", "2010-06-30": "", "2010-03-31": "", "2009-12-31": "", "2009-09-30": "", "2009-06-30": "", "2009-03-31": "", "2008-12-31": "", "2008-09-30": "", "2008-06-30": "", "2008-03-31": "", "2007-12-31": "", "2007-09-30": "", "2007-06-30": "", "2007-03-31": "", "2006-12-31": "", "2006-09-30": "", "2006-06-30": "", "2006-03-31": "", "2005-12-31": "", "2005-09-30": "", "2005-06-30": "", "2005-03-31": ""}, "Share Holder Equity": {"2020-09-30": "1170.98100", "2020-06-30": "1256.24000", "2020-03-31": "1296.42600", "2019-12-31": "1405.39100", "2019-09-30": "1488.71100", "2019-06-30": "1557.15500", "2019-03-31": "1633.51100", "2018-12-31": "1717.57500", "2018-09-30": "1790.12200", "2018-06-30": "1860.41400", "2018-03-31": "58.28300", "2017-12-31": "87.82800", "2017-09-30": "84.16200", "2017-06-30": "3.38600", "2017-03-31": "44.74900", "2016-12-31": "88.12500", "2016-09-30": "-67.85300", "2016-06-30": "-39.25100", "2016-03-31": "-0.27500", "2015-12-31": "6.42900", "2015-09-30": "39.05300", "2015-06-30": "35.09900", "2015-03-31": "77.30500", "2014-12-31": "36.33200", "2014-09-30": "47.21800", "2014-06-30": "-35.36000", "2014-03-31": "-9.80900", "2013-12-31": "-89.90300", "2013-09-30": "-50.25000", "2013-06-30": "-40.54900", "2013-03-31": "-2.62000", "2012-12-31": "47.01800", "2012-09-30": "95.33200", "2012-06-30": "132.28400", "2012-03-31": "162.48700", "2011-12-31": "197.81100", "2011-09-30": "230.79700", "2011-06-30": "251.27600", "2011-03-31": "281.23800", "2010-12-31": "90.66200", "2010-09-30": "106.94700", "2010-06-30": "109.52900", "2010-03-31": "104.75400", "2009-12-31": "102.36700", "2009-09-30": "106.10000", "2009-06-30": "130.59800", "2009-03-31": "159.27400", "2008-12-31": "190.15400", "2008-09-30": "108.63200", "2008-06-30": "143.70100", "2008-03-31": "175.75900", "2007-12-31": "214.43900", "2007-09-30": "170.90300", "2007-06-30": "188.68000", "2007-03-31": "210.62300", "2006-12-31": "227.06000", "2006-09-30": "251.68300", "2006-06-30": "265.26100", "2006-03-31": "306.80600", "2005-12-31": "326.81100", "2005-09-30": "434.10400", "2005-06-30": "421.32400", "2005-03-31": "444.01000"}, "Total Liabilities And Share Holders Equity": {"2020-09-30": "1508.66600", "2020-06-30": "1594.87800", "2020-03-31": "1887.93300", "2019-12-31": "1977.35600", "2019-09-30": "2088.29400", "2019-06-30": "2099.65300", "2019-03-31": "2166.48200", "2018-12-31": "2150.17200", "2018-09-30": "2249.09800", "2018-06-30": "2313.08700", "2018-03-31": "496.79000", "2017-12-31": "508.86600", "2017-09-30": "582.05500", "2017-06-30": "475.85900", "2017-03-31": "528.48600", "2016-12-31": "568.87100", "2016-09-30": "425.09500", "2016-06-30": "463.09900", "2016-03-31": "491.87900", "2015-12-31": "498.64200", "2015-09-30": "449.24600", "2015-06-30": "456.66700", "2015-03-31": "499.21200", "2014-12-31": "441.62100", "2014-09-30": "476.90200", "2014-06-30": "478.13700", "2014-03-31": "487.01300", "2013-12-31": "434.52700", "2013-09-30": "383.03500", "2013-06-30": "412.80900", "2013-03-31": "447.90100", "2012-12-31": "497.79000", "2012-09-30": "541.45200", "2012-06-30": "668.44300", "2012-03-31": "694.78900", "2011-12-31": "606.55000", "2011-09-30": "648.09300", "2011-06-30": "670.85400", "2011-03-31": "704.47800", "2010-12-31": "521.22500", "2010-09-30": "502.47600", "2010-06-30": "530.63800", "2010-03-31": "548.50900", "2009-12-31": "575.51800", "2009-09-30": "452.65100", "2009-06-30": "472.99800", "2009-03-31": "505.93900", "2008-12-31": "560.53600", "2008-09-30": "568.35200", "2008-06-30": "609.49300", "2008-03-31": "643.83600", "2007-12-31": "725.10300", "2007-09-30": "738.28500", "2007-06-30": "703.46500", "2007-03-31": "713.74000", "2006-12-31": "768.17700", "2006-09-30": "790.02000", "2006-06-30": "827.14500", "2006-03-31": "841.53800", "2005-12-31": "858.55400", "2005-09-30": "946.91000", "2005-06-30": "694.05500", "2005-03-31": "714.19200"}}, "cash flow statement": {"Net Income/Loss": {"2019-12-31": "-440.66700", "2018-12-31": "681.31300", "2017-12-31": "-96.69200", "2016-12-31": "-153.52400", "2015-12-31": "-81.17700", "2014-12-31": "-53.91600", "2013-12-31": "-162.01300", "2012-12-31": "-171.85500", "2011-12-31": "-133.97800", "2010-12-31": "-37.93800", "2009-12-31": "-102.51900", "2008-12-31": "-34.33600", "2007-12-31": "-32.76100", "2006-12-31": "-154.76100", "2005-12-31": "-185.11100"}, "Total Depreciation And Amortization - Cash Flow": {"2019-12-31": "13.15600", "2018-12-31": "10.87000", "2017-12-31": "14.74100", "2016-12-31": "15.35100", "2015-12-31": "12.85500", "2014-12-31": "12.92700", "2013-12-31": "14.27500", "2012-12-31": "14.50800", "2011-12-31": "14.95100", "2010-12-31": "16.55100", "2009-12-31": "14.88100", "2008-12-31": "22.48900", "2007-12-31": "29.02800", "2006-12-31": "33.50900", "2005-12-31": "24.37700"}, "Other Non-Cash Items": {"2019-12-31": "77.14200", "2018-12-31": "65.03700", "2017-12-31": "39.15300", "2016-12-31": "13.21900", "2015-12-31": "29.94400", "2014-12-31": "-54.59200", "2013-12-31": "18.62600", "2012-12-31": "25.98500", "2011-12-31": "20.24400", "2010-12-31": "30.17300", "2009-12-31": "9.66900", "2008-12-31": "-107.14100", "2007-12-31": "43.28400", "2006-12-31": "37.38900", "2005-12-31": "78.14500"}, "Total Non-Cash Items": {"2019-12-31": "90.29800", "2018-12-31": "75.90700", "2017-12-31": "53.89400", "2016-12-31": "28.57000", "2015-12-31": "42.79900", "2014-12-31": "-41.66500", "2013-12-31": "32.90100", "2012-12-31": "40.49300", "2011-12-31": "35.19500", "2010-12-31": "46.72400", "2009-12-31": "24.55000", "2008-12-31": "-84.65200", "2007-12-31": "72.31200", "2006-12-31": "70.89800", "2005-12-31": "102.52200"}, "Change In Accounts Receivable": {"2019-12-31": "6.41100", "2018-12-31": "-25.50500", "2017-12-31": "10.66400", "2016-12-31": "4.26900", "2015-12-31": "-16.34000", "2014-12-31": "-1.37800", "2013-12-31": "3.57600", "2012-12-31": "-0.86700", "2011-12-31": "20.16400", "2010-12-31": "-20.30100", "2009-12-31": "6.03400", "2008-12-31": "10.47600", "2007-12-31": "24.31800", "2006-12-31": "-34.65400", "2005-12-31": "2.46800"}, "Change In Inventories": {"2019-12-31": "-1.28400", "2018-12-31": "-0.65500", "2017-12-31": "0.38300", "2016-12-31": "0.23700", "2015-12-31": "1.60600", "2014-12-31": "0.50000", "2013-12-31": "4.81700", "2012-12-31": "-5.61300", "2011-12-31": "-5.39000", "2010-12-31": "-0.79500", "2009-12-31": "2.84800", "2008-12-31": "2.86800", "2007-12-31": "1.50300", "2006-12-31": "3.97100", "2005-12-31": "-7.42000"}, "Change In Accounts Payable": {"2019-12-31": "12.96700", "2018-12-31": "0.97100", "2017-12-31": "2.07400", "2016-12-31": "0.51800", "2015-12-31": "-0.41200", "2014-12-31": "-6.35900", "2013-12-31": "6.19900", "2012-12-31": "-0.12200", "2011-12-31": "-3.38400", "2010-12-31": "4.27400", "2009-12-31": "-8.04600", "2008-12-31": "6.18100", "2007-12-31": "-3.14700", "2006-12-31": "-8.92600", "2005-12-31": "9.00900"}, "Change In Assets/Liabilities": {"2019-12-31": "-1.75200", "2018-12-31": "-43.43800", "2017-12-31": "-47.99700", "2016-12-31": "-9.30500", "2015-12-31": "-15.32300", "2014-12-31": "-21.75900", "2013-12-31": "73.18800", "2012-12-31": "-0.07800", "2011-12-31": "-30.72600", "2010-12-31": "-46.69500", "2009-12-31": "126.03600", "2008-12-31": "-15.88800", "2007-12-31": "46.94000", "2006-12-31": "21.67300", "2005-12-31": "-7.82600"}, "Total Change In Assets/Liabilities": {"2019-12-31": "21.68800", "2018-12-31": "-39.00600", "2017-12-31": "-37.61600", "2016-12-31": "7.93000", "2015-12-31": "-34.70500", "2014-12-31": "-46.42500", "2013-12-31": "90.58500", "2012-12-31": "1.60600", "2011-12-31": "-14.95900", "2010-12-31": "-64.65700", "2009-12-31": "117.70800", "2008-12-31": "-26.79400", "2007-12-31": "106.75100", "2006-12-31": "-8.85200", "2005-12-31": "4.59100"}, "Cash Flow From Operating Activities": {"2019-12-31": "-328.68100", "2018-12-31": "718.21400", "2017-12-31": "-80.41400", "2016-12-31": "-117.02400", "2015-12-31": "-73.08300", "2014-12-31": "-142.00600", "2013-12-31": "-38.52700", "2012-12-31": "-129.75600", "2011-12-31": "-113.74200", "2010-12-31": "-55.87100", "2009-12-31": "39.73900", "2008-12-31": "-145.78200", "2007-12-31": "146.30200", "2006-12-31": "-92.71500", "2005-12-31": "-77.99800"}, "Net Change In Property, Plant, And Equipment": {"2019-12-31": "-26.28500", "2018-12-31": "-11.60600", "2017-12-31": "-9.67600", "2016-12-31": "-6.39200", "2015-12-31": "-11.19500", "2014-12-31": "-9.97600", "2013-12-31": "-4.09100", "2012-12-31": "-10.58300", "2011-12-31": "-9.72200", "2010-12-31": "-31.45700", "2009-12-31": "-20.70200", "2008-12-31": "-18.85500", "2007-12-31": "-32.79600", "2006-12-31": "-22.52400", "2005-12-31": "-17.95500"}, "Net Change In Intangible Assets": {"2019-12-31": "", "2018-12-31": "", "2017-12-31": "", "2016-12-31": "", "2015-12-31": "", "2014-12-31": "", "2013-12-31": "", "2012-12-31": "", "2011-12-31": "", "2010-12-31": "", "2009-12-31": "", "2008-12-31": "", "2007-12-31": "", "2006-12-31": "", "2005-12-31": ""}, "Net Acquisitions/Divestitures": {"2019-12-31": "", "2018-12-31": "", "2017-12-31": "", "2016-12-31": "", "2015-12-31": "", "2014-12-31": "", "2013-12-31": "", "2012-12-31": "", "2011-12-31": "", "2010-12-31": "", "2009-12-31": "-4.44000", "2008-12-31": "114.83100", "2007-12-31": "", "2006-12-31": "", "2005-12-31": "-30.71400"}, "Net Change In Short-term Investments": {"2019-12-31": "", "2018-12-31": "", "2017-12-31": "", "2016-12-31": "", "2015-12-31": "", "2014-12-31": "", "2013-12-31": "-268.06800", "2012-12-31": "", "2011-12-31": "-102.23000", "2010-12-31": "", "2009-12-31": "", "2008-12-31": "", "2007-12-31": "", "2006-12-31": "405.62200", "2005-12-31": ""}, "Net Change In Long-Term Investments": {"2019-12-31": "233.17100", "2018-12-31": "-1368.33000", "2017-12-31": "-19.13300", "2016-12-31": "-76.00800", "2015-12-31": "-28.14100", "2014-12-31": "-27.59500", "2013-12-31": "322.06800", "2012-12-31": "148.60300", "2011-12-31": "", "2010-12-31": "48.17000", "2009-12-31": "-123.89300", "2008-12-31": "178.67600", "2007-12-31": "0.14100", "2006-12-31": "-499.97800", "2005-12-31": "81.07200"}, "Net Change In Investments - Total": {"2019-12-31": "233.17100", "2018-12-31": "-1368.33000", "2017-12-31": "-19.13300", "2016-12-31": "-76.00800", "2015-12-31": "-28.14100", "2014-12-31": "-27.59500", "2013-12-31": "54.00000", "2012-12-31": "148.60300", "2011-12-31": "-102.23000", "2010-12-31": "48.17000", "2009-12-31": "-123.89300", "2008-12-31": "178.67600", "2007-12-31": "0.14100", "2006-12-31": "-94.35600", "2005-12-31": "81.07200"}, "Investing Activities - Other": {"2019-12-31": "", "2018-12-31": "", "2017-12-31": "", "2016-12-31": "", "2015-12-31": "25.00000", "2014-12-31": "", "2013-12-31": "", "2012-12-31": "-25.00000", "2011-12-31": "", "2010-12-31": "", "2009-12-31": "", "2008-12-31": "", "2007-12-31": "", "2006-12-31": "", "2005-12-31": ""}, "Cash Flow From Investing Activities": {"2019-12-31": "206.88600", "2018-12-31": "-1379.93600", "2017-12-31": "-28.80900", "2016-12-31": "-82.40000", "2015-12-31": "-14.33600", "2014-12-31": "-37.57100", "2013-12-31": "49.90900", "2012-12-31": "113.02000", "2011-12-31": "-111.95200", "2010-12-31": "16.71300", "2009-12-31": "-149.03500", "2008-12-31": "274.65200", "2007-12-31": "-32.65500", "2006-12-31": "-116.88000", "2005-12-31": "32.40300"}, "Net Long-Term Debt": {"2019-12-31": "", "2018-12-31": "", "2017-12-31": "-5.13100", "2016-12-31": "-5.94500", "2015-12-31": "98.57500", "2014-12-31": "-3.53600", "2013-12-31": "-2.99200", "2012-12-31": "-96.90400", "2011-12-31": "-1.97800", "2010-12-31": "-1.35600", "2009-12-31": "-1.28500", "2008-12-31": "-50.12500", "2007-12-31": "-2.89500", "2006-12-31": "-10.48800", "2005-12-31": "232.42500"}, "Net Current Debt": {"2019-12-31": "", "2018-12-31": "", "2017-12-31": "", "2016-12-31": "", "2015-12-31": "", "2014-12-31": "", "2013-12-31": "", "2012-12-31": "", "2011-12-31": "", "2010-12-31": "", "2009-12-31": "", "2008-12-31": "", "2007-12-31": "", "2006-12-31": "", "2005-12-31": ""}, "Debt Issuance/Retirement Net - Total": {"2019-12-31": "", "2018-12-31": "", "2017-12-31": "-5.13100", "2016-12-31": "-5.94500", "2015-12-31": "98.57500", "2014-12-31": "-3.53600", "2013-12-31": "-2.99200", "2012-12-31": "-96.90400", "2011-12-31": "-1.97800", "2010-12-31": "-1.35600", "2009-12-31": "-1.28500", "2008-12-31": "-50.12500", "2007-12-31": "-2.89500", "2006-12-31": "-10.48800", "2005-12-31": "232.42500"}, "Net Common Equity Issued/Repurchased": {"2019-12-31": "23.35500", "2018-12-31": "851.96600", "2017-12-31": "59.52200", "2016-12-31": "209.56300", "2015-12-31": "32.20800", "2014-12-31": "163.52000", "2013-12-31": "8.20800", "2012-12-31": "4.11700", "2011-12-31": "224.31300", "2010-12-31": "8.89100", "2009-12-31": "4.82000", "2008-12-31": "0.38400", "2007-12-31": "3.78000", "2006-12-31": "22.25900", "2005-12-31": "42.42400"}, "Net Total Equity Issued/Repurchased": {"2019-12-31": "23.35500", "2018-12-31": "851.96600", "2017-12-31": "59.52200", "2016-12-31": "209.56300", "2015-12-31": "32.20800", "2014-12-31": "163.52000", "2013-12-31": "8.20800", "2012-12-31": "4.11700", "2011-12-31": "224.31300", "2010-12-31": "8.89100", "2009-12-31": "4.82000", "2008-12-31": "0.38400", "2007-12-31": "3.78000", "2006-12-31": "22.25900", "2005-12-31": "42.42400"}, "Total Common And Preferred Stock Dividends Paid": {"2019-12-31": "", "2018-12-31": "", "2017-12-31": "", "2016-12-31": "", "2015-12-31": "", "2014-12-31": "", "2013-12-31": "", "2012-12-31": "", "2011-12-31": "", "2010-12-31": "", "2009-12-31": "", "2008-12-31": "", "2007-12-31": "", "2006-12-31": "", "2005-12-31": ""}, "Financial Activities - Other": {"2019-12-31": "", "2018-12-31": "", "2017-12-31": "", "2016-12-31": "", "2015-12-31": "", "2014-12-31": "-7.00000", "2013-12-31": "-3.00000", "2012-12-31": "119.58800", "2011-12-31": "", "2010-12-31": "", "2009-12-31": "", "2008-12-31": "", "2007-12-31": "-102.65300", "2006-12-31": "", "2005-12-31": ""}, "Cash Flow From Financial Activities": {"2019-12-31": "23.35500", "2018-12-31": "851.96600", "2017-12-31": "54.39100", "2016-12-31": "203.61800", "2015-12-31": "130.78300", "2014-12-31": "152.98400", "2013-12-31": "2.21600", "2012-12-31": "26.80100", "2011-12-31": "222.33500", "2010-12-31": "7.53500", "2009-12-31": "3.53500", "2008-12-31": "-49.74100", "2007-12-31": "-101.76800", "2006-12-31": "11.77100", "2005-12-31": "274.84900"}, "Net Cash Flow": {"2019-12-31": "-98.54200", "2018-12-31": "190.14300", "2017-12-31": "-54.87800", "2016-12-31": "4.07000", "2015-12-31": "43.20500", "2014-12-31": "-26.70200", "2013-12-31": "13.63000", "2012-12-31": "10.12500", "2011-12-31": "-2.44300", "2010-12-31": "-31.84200", "2009-12-31": "-105.98700", "2008-12-31": "79.29100", "2007-12-31": "12.53300", "2006-12-31": "-197.51300", "2005-12-31": "229.20900"}, "Stock-Based Compensation": {"2019-12-31": "99.79500", "2018-12-31": "88.10100", "2017-12-31": "36.61500", "2016-12-31": "25.85000", "2015-12-31": "19.66900", "2014-12-31": "17.01700", "2013-12-31": "17.70800", "2012-12-31": "16.19900", "2011-12-31": "18.88500", "2010-12-31": "17.39900", "2009-12-31": "10.32600", "2008-12-31": "9.87100", "2007-12-31": "14.77900", "2006-12-31": "30.98200", "2005-12-31": "3.50700"}, "Common Stock Dividends Paid": {"2019-12-31": "", "2018-12-31": "", "2017-12-31": "", "2016-12-31": "", "2015-12-31": "", "2014-12-31": "", "2013-12-31": "", "2012-12-31": "", "2011-12-31": "", "2010-12-31": "", "2009-12-31": "", "2008-12-31": "", "2007-12-31": "", "2006-12-31": "", "2005-12-31": ""}}, "cash flow statement, quarterly": {"Net Income/Loss": {"2020-09-30": -108.586, "2020-06-30": -80, "2020-03-31": "-138.65100", "2019-12-31": -112.164, "2019-09-30": -98.585, "2019-06-30": -110.286, "2019-03-31": "-119.63200", "2018-12-31": -98.212, "2018-09-30": -96.143, "2018-06-30": 971.46, "2018-03-31": "-95.79200", "2017-12-31": -33.826, "2017-09-30": 60.871, "2017-06-30": -59.871, "2017-03-31": "-63.86600", "2016-12-31": -42.199, "2016-09-30": -43.224, "2016-06-30": -48.603, "2016-03-31": "-19.49800", "2015-12-31": -54.137, "2015-09-30": -8.203, "2015-06-30": -52.657, "2015-03-31": "33.82000", "2014-12-31": -45.683, "2014-09-30": 70.605, "2014-06-30": -32.637, "2014-03-31": "-46.20100", "2013-12-31": -47.659, "2013-09-30": -16.543, "2013-06-30": -42.748, "2013-03-31": "-55.06300", "2012-12-31": -52.926, "2012-09-30": -43.547, "2012-06-30": -34.285, "2012-03-31": "-41.09700", "2011-12-31": -37.495, "2011-09-30": -24.068, "2011-06-30": -36.381, "2011-03-31": "-36.03400", "2010-12-31": -22.58, "2010-09-30": -8.711, "2010-06-30": -0.517, "2010-03-31": "-6.13000", "2009-12-31": -7.676, "2009-09-30": -30.967, "2009-06-30": -32.069, "2009-03-31": "-31.80700", "2008-12-31": 76.782, "2008-09-30": -37.038, "2008-06-30": -33.375, "2008-03-31": "-40.70500", "2007-12-31": 39.043, "2007-09-30": -18.621, "2007-06-30": -27.51, "2007-03-31": "-25.67300", "2006-12-31": -38.855, "2006-09-30": -19.604, "2006-06-30": -62.831, "2006-03-31": "-33.47100", "2005-12-31": -108.239, "2005-09-30": -23.795, "2005-06-30": -26.912, "2005-03-31": "-26.16500"}, "Total Depreciation And Amortization - Cash Flow": {"2020-09-30": 4.027, "2020-06-30": 2.408, "2020-03-31": "4.50200", "2019-12-31": 3.574, "2019-09-30": 9.779, "2019-06-30": -3.274, "2019-03-31": "3.07700", "2018-12-31": 3.071, "2018-09-30": 2.684, "2018-06-30": 2.574, "2018-03-31": "2.54100", "2017-12-31": 2.66, "2017-09-30": 3.794, "2017-06-30": 4.254, "2017-03-31": "4.03300", "2016-12-31": 3.849, "2016-09-30": 3.868, "2016-06-30": 3.919, "2016-03-31": "3.71500", "2015-12-31": 3.746, "2015-09-30": 3.276, "2015-06-30": 2.86, "2015-03-31": "2.97300", "2014-12-31": 3.194, "2014-09-30": 3.214, "2014-06-30": 3.255, "2014-03-31": "3.26400", "2013-12-31": 3.393, "2013-09-30": 3.601, "2013-06-30": 3.653, "2013-03-31": "3.62800", "2012-12-31": 3.698, "2012-09-30": 3.858, "2012-06-30": 3.442, "2012-03-31": "3.51000", "2011-12-31": 3.527, "2011-09-30": 3.775, "2011-06-30": 3.793, "2011-03-31": "3.85600", "2010-12-31": 4.052, "2010-09-30": 4.165, "2010-06-30": 4.185, "2010-03-31": "4.14900", "2009-12-31": 3.805, "2009-09-30": 3.717, "2009-06-30": 3.744, "2009-03-31": "3.61500", "2008-12-31": 3.879, "2008-09-30": 6.79, "2008-06-30": 5.903, "2008-03-31": "5.91700", "2007-12-31": 6.72, "2007-09-30": 7.495, "2007-06-30": 7.461, "2007-03-31": "7.35200", "2006-12-31": 8.465, "2006-09-30": 6.932, "2006-06-30": 9.722, "2006-03-31": "8.39000", "2005-12-31": 6.339, "2005-09-30": 7.186, "2005-06-30": 5.675, "2005-03-31": "5.17700"}, "Other Non-Cash Items": {"2020-09-30": 22.82, "2020-06-30": 23.667, "2020-03-31": "41.37100", "2019-12-31": 21.234, "2019-09-30": 11.282, "2019-06-30": 24.589, "2019-03-31": "20.03700", "2018-12-31": 18.807, "2018-09-30": 15.584, "2018-06-30": 12.968, "2018-03-31": "17.67800", "2017-12-31": 23.237, "2017-09-30": 4.959, "2017-06-30": 5.615, "2017-03-31": "5.34200", "2016-12-31": 4.028, "2016-09-30": 2.447, "2016-06-30": 2.488, "2016-03-31": "4.25600", "2015-12-31": 16.217, "2015-09-30": 3.111, "2015-06-30": 5.289, "2015-03-31": "5.32700", "2014-12-31": -66.524, "2014-09-30": 2.631, "2014-06-30": 4.549, "2014-03-31": "4.75200", "2013-12-31": 1.229, "2013-09-30": 5.83, "2013-06-30": 6.033, "2013-03-31": "5.53400", "2012-12-31": 5.908, "2012-09-30": 5.993, "2012-06-30": 6.095, "2012-03-31": "7.98900", "2011-12-31": 4.776, "2011-09-30": 5.166, "2011-06-30": 5.191, "2011-03-31": "5.11100", "2010-12-31": 17.633, "2010-09-30": 4.64, "2010-06-30": 4.391, "2010-03-31": "3.50900", "2009-12-31": 2.503, "2009-09-30": 2.419, "2009-06-30": 2.307, "2009-03-31": "2.44000", "2008-12-31": -114.855, "2008-09-30": 4.16, "2008-06-30": 2.582, "2008-03-31": "0.97200", "2007-12-31": 29.796, "2007-09-30": 0.894, "2007-06-30": 5.429, "2007-03-31": "7.16500", "2006-12-31": 9.255, "2006-09-30": 5.486, "2006-06-30": 14.899, "2006-03-31": "7.74900", "2005-12-31": 75.261, "2005-09-30": -0.269, "2005-06-30": 0.953, "2005-03-31": "2.20000"}, "Total Non-Cash Items": {"2020-09-30": 26.847, "2020-06-30": 26.075, "2020-03-31": "45.87300", "2019-12-31": 24.808, "2019-09-30": 21.061, "2019-06-30": 21.315, "2019-03-31": "23.11400", "2018-12-31": 21.878, "2018-09-30": 18.268, "2018-06-30": 15.542, "2018-03-31": "20.21900", "2017-12-31": 25.897, "2017-09-30": 8.753, "2017-06-30": 9.869, "2017-03-31": "9.37500", "2016-12-31": 7.877, "2016-09-30": 6.315, "2016-06-30": 6.407, "2016-03-31": "7.97100", "2015-12-31": 19.963, "2015-09-30": 6.387, "2015-06-30": 8.149, "2015-03-31": "8.30000", "2014-12-31": -63.33, "2014-09-30": 5.845, "2014-06-30": 7.804, "2014-03-31": "8.01600", "2013-12-31": 4.622, "2013-09-30": 9.431, "2013-06-30": 9.686, "2013-03-31": "9.16200", "2012-12-31": 9.606, "2012-09-30": 9.851, "2012-06-30": 9.537, "2012-03-31": "11.49900", "2011-12-31": 8.303, "2011-09-30": 8.941, "2011-06-30": 8.984, "2011-03-31": "8.96700", "2010-12-31": 21.685, "2010-09-30": 8.805, "2010-06-30": 8.576, "2010-03-31": "7.65800", "2009-12-31": 6.308, "2009-09-30": 6.136, "2009-06-30": 6.051, "2009-03-31": "6.05500", "2008-12-31": -110.976, "2008-09-30": 10.95, "2008-06-30": 8.485, "2008-03-31": "6.88900", "2007-12-31": 36.516, "2007-09-30": 8.389, "2007-06-30": 12.89, "2007-03-31": "14.51700", "2006-12-31": 17.72, "2006-09-30": 12.418, "2006-06-30": 24.621, "2006-03-31": "16.13900", "2005-12-31": 81.6, "2005-09-30": 6.917, "2005-06-30": 6.628, "2005-03-31": "7.37700"}, "Change In Accounts Receivable": {"2020-09-30": 4.32, "2020-06-30": -5.214, "2020-03-31": "-5.22900", "2019-12-31": 4.403, "2019-09-30": -3.906, "2019-06-30": 5.595, "2019-03-31": "0.31900", "2018-12-31": -9.326, "2018-09-30": 3.378, "2018-06-30": -19.708, "2018-03-31": "0.15100", "2017-12-31": -1.7, "2017-09-30": 0.8, "2017-06-30": -2.549, "2017-03-31": "14.11300", "2016-12-31": -1.429, "2016-09-30": 13.528, "2016-06-30": 11.9, "2016-03-31": "-19.73000", "2015-12-31": -16.981, "2015-09-30": 0.714, "2015-06-30": -0.795, "2015-03-31": "0.72200", "2014-12-31": 42.467, "2014-09-30": -43.027, "2014-06-30": -1.192, "2014-03-31": "0.37400", "2013-12-31": 2.328, "2013-09-30": 1.484, "2013-06-30": -2.394, "2013-03-31": "2.15800", "2012-12-31": -1.894, "2012-09-30": 7.45, "2012-06-30": -0.558, "2012-03-31": "-5.86500", "2011-12-31": 7.976, "2011-09-30": -4.454, "2011-06-30": -6.3, "2011-03-31": "22.94200", "2010-12-31": -19.549, "2010-09-30": 3.893, "2010-06-30": -1.737, "2010-03-31": "-2.90800", "2009-12-31": 1.529, "2009-09-30": 2.143, "2009-06-30": -3.003, "2009-03-31": "5.36500", "2008-12-31": -2.646, "2008-09-30": 3.552, "2008-06-30": 1.973, "2008-03-31": "7.59700", "2007-12-31": 13.975, "2007-09-30": 13.024, "2007-06-30": 14.918, "2007-03-31": "-17.59900", "2006-12-31": -10.232, "2006-09-30": 10.809, "2006-06-30": -25.571, "2006-03-31": "-9.66000", "2005-12-31": 4.361, "2005-09-30": -3.991, "2005-06-30": -4.121, "2005-03-31": "6.21900"}, "Change In Inventories": {"2020-09-30": -0.308, "2020-06-30": 1.736, "2020-03-31": "-1.65500", "2019-12-31": 1.055, "2019-09-30": -0.532, "2019-06-30": -1.41, "2019-03-31": "-0.39700", "2018-12-31": 1.915, "2018-09-30": -1.412, "2018-06-30": -1.209, "2018-03-31": "0.05100", "2017-12-31": 2.928, "2017-09-30": -2.646, "2017-06-30": 2.008, "2017-03-31": "-1.90700", "2016-12-31": -0.355, "2016-09-30": -0.492, "2016-06-30": 0.988, "2016-03-31": "0.09600", "2015-12-31": -0.994, "2015-09-30": -0.228, "2015-06-30": 2.387, "2015-03-31": "0.44100", "2014-12-31": -1.257, "2014-09-30": 2.416, "2014-06-30": -1.239, "2014-03-31": "0.58000", "2013-12-31": 1.624, "2013-09-30": 5.403, "2013-06-30": -2.098, "2013-03-31": "-0.11200", "2012-12-31": -1.515, "2012-09-30": -2.039, "2012-06-30": -0.607, "2012-03-31": "-1.45200", "2011-12-31": -2.002, "2011-09-30": -0.857, "2011-06-30": 1.915, "2011-03-31": "-4.44600", "2010-12-31": 4.194, "2010-09-30": -1.683, "2010-06-30": -1.074, "2010-03-31": "-2.23200", "2009-12-31": 2.459, "2009-09-30": 1.18, "2009-06-30": 3.282, "2009-03-31": "-4.07300", "2008-12-31": 0.542, "2008-09-30": 0.305, "2008-06-30": 0.861, "2008-03-31": "1.16000", "2007-12-31": 4.022, "2007-09-30": 0.053, "2007-06-30": -0.458, "2007-03-31": "-2.11400", "2006-12-31": 1.139, "2006-09-30": 0.452, "2006-06-30": 16.932, "2006-03-31": "-14.55200", "2005-12-31": -4.96, "2005-09-30": -0.37, "2005-06-30": -2.098, "2005-03-31": "0.00800"}, "Change In Accounts Payable": {"2020-09-30": -3.762, "2020-06-30": -2.262, "2020-03-31": "2.68700", "2019-12-31": -3.142, "2019-09-30": 12.629, "2019-06-30": -1.676, "2019-03-31": "5.15600", "2018-12-31": -1.64, "2018-09-30": -3.18, "2018-06-30": -0.701, "2018-03-31": "6.49200", "2017-12-31": -3.655, "2017-09-30": 2.508, "2017-06-30": -0.896, "2017-03-31": "4.11700", "2016-12-31": -4.281, "2016-09-30": 4.782, "2016-06-30": 0.051, "2016-03-31": "-0.03400", "2015-12-31": 0.113, "2015-09-30": -0.515, "2015-06-30": -2.251, "2015-03-31": "2.24100", "2014-12-31": -2.689, "2014-09-30": -1.852, "2014-06-30": 4.308, "2014-03-31": "-6.12600", "2013-12-31": 5.502, "2013-09-30": -1.934, "2013-06-30": 1.276, "2013-03-31": "1.35500", "2012-12-31": 0.279, "2012-09-30": -0.481, "2012-06-30": 1.37, "2012-03-31": "-1.29000", "2011-12-31": 0.816, "2011-09-30": -1.051, "2011-06-30": -0.254, "2011-03-31": "-2.89500", "2010-12-31": 2.519, "2010-09-30": -0.428, "2010-06-30": 0.435, "2010-03-31": "1.74800", "2009-12-31": -3.999, "2009-09-30": 1.466, "2009-06-30": 2.582, "2009-03-31": "-8.09500", "2008-12-31": 7.657, "2008-09-30": 0.251, "2008-06-30": 0.306, "2008-03-31": "-2.03300", "2007-12-31": -0.363, "2007-09-30": 1.48, "2007-06-30": -0.717, "2007-03-31": "-3.54700", "2006-12-31": 7.788, "2006-09-30": -3.006, "2006-06-30": -9.279, "2006-03-31": "-4.42900", "2005-12-31": 7.422, "2005-09-30": 0.253, "2005-06-30": 3.352, "2005-03-31": "-2.01800"}, "Change In Assets/Liabilities": {"2020-09-30": 20.417, "2020-06-30": -28.023, "2020-03-31": "1.26400", "2019-12-31": -21.964, "2019-09-30": 2.694, "2019-06-30": 16.181, "2019-03-31": "1.33700", "2018-12-31": -15.524, "2018-09-30": -12.451, "2018-06-30": -14.183, "2018-03-31": "-1.28000", "2017-12-31": -62.484, "2017-09-30": 15.094, "2017-06-30": -9.851, "2017-03-31": "9.24400", "2016-12-31": -9.388, "2016-09-30": -8.625, "2016-06-30": 9.705, "2016-03-31": "-0.99700", "2015-12-31": -11.188, "2015-09-30": -11.663, "2015-06-30": -7.553, "2015-03-31": "15.08100", "2014-12-31": 53.448, "2014-09-30": -77.024, "2014-06-30": 9.687, "2014-03-31": "-7.87000", "2013-12-31": 86.11, "2013-09-30": -14.389, "2013-06-30": -1.257, "2013-03-31": "2.72400", "2012-12-31": -7.022, "2012-09-30": -2.038, "2012-06-30": 0.895, "2012-03-31": "8.08700", "2011-12-31": -13.975, "2011-09-30": -6.353, "2011-06-30": -5.1, "2011-03-31": "-5.29800", "2010-12-31": 38.46, "2010-09-30": -29.17, "2010-06-30": -27.232, "2010-03-31": "-28.75300", "2009-12-31": 132.853, "2009-09-30": -2.995, "2009-06-30": 0.608, "2009-03-31": "-4.43000", "2008-12-31": -9.049, "2008-09-30": 5.723, "2008-06-30": -10.645, "2008-03-31": "-1.91700", "2007-12-31": -21.835, "2007-09-30": 46.815, "2007-06-30": 9.618, "2007-03-31": "12.34200", "2006-12-31": -2.762, "2006-09-30": 17.572, "2006-06-30": 6.985, "2006-03-31": "-0.12200", "2005-12-31": -5.136, "2005-09-30": -3.542, "2005-06-30": 0.177, "2005-03-31": "0.67500"}, "Total Change In Assets/Liabilities": {"2020-09-30": 29.064, "2020-06-30": -29.978, "2020-03-31": "14.70300", "2019-12-31": -37.867, "2019-09-30": 8.883, "2019-06-30": 35.049, "2019-03-31": "15.62300", "2018-12-31": -41.216, "2018-09-30": 6.463, "2018-06-30": -27.36, "2018-03-31": "23.10700", "2017-12-31": -72.472, "2017-09-30": 23.452, "2017-06-30": -8.521, "2017-03-31": "19.92500", "2016-12-31": -18.089, "2016-09-30": 9.548, "2016-06-30": 28.592, "2016-03-31": "-12.12100", "2015-12-31": -40.935, "2015-09-30": -12.215, "2015-06-30": -2.747, "2015-03-31": "21.19200", "2014-12-31": 84.386, "2014-09-30": -122.454, "2014-06-30": 15.748, "2014-03-31": "-24.10500", "2013-12-31": 96.668, "2013-09-30": -12.598, "2013-06-30": -1.275, "2013-03-31": "7.79000", "2012-12-31": -4.056, "2012-09-30": 6.525, "2012-06-30": 4.157, "2012-03-31": "-5.02000", "2011-12-31": -13.022, "2011-09-30": -6.743, "2011-06-30": -7.391, "2011-03-31": "12.19700", "2010-12-31": 21.302, "2010-09-30": -22.256, "2010-06-30": -28.012, "2010-03-31": "-35.69100", "2009-12-31": 131.56, "2009-09-30": 5.455, "2009-06-30": -2.665, "2009-03-31": "-16.64200", "2008-12-31": 3.477, "2008-09-30": 7.448, "2008-06-30": -6.563, "2008-03-31": "-31.15600", "2007-12-31": 31.168, "2007-09-30": 64.494, "2007-06-30": 28.93, "2007-03-31": "-17.84100", "2006-12-31": -4.832, "2006-09-30": 11.9, "2006-06-30": 5.466, "2006-03-31": "-21.38600", "2005-12-31": 10.514, "2005-09-30": -8.482, "2005-06-30": -1.866, "2005-03-31": "4.42500"}, "Cash Flow From Operating Activities": {"2020-09-30": -52.675, "2020-06-30": -83.903, "2020-03-31": "-78.07500", "2019-12-31": -125.223, "2019-09-30": -68.641, "2019-06-30": -53.922, "2019-03-31": "-80.89500", "2018-12-31": -117.55, "2018-09-30": -71.412, "2018-06-30": 959.642, "2018-03-31": "-52.46600", "2017-12-31": -80.401, "2017-09-30": 93.076, "2017-06-30": -58.523, "2017-03-31": "-34.56600", "2016-12-31": -52.411, "2016-09-30": -27.361, "2016-06-30": -13.604, "2016-03-31": "-23.64800", "2015-12-31": -75.109, "2015-09-30": -14.031, "2015-06-30": -47.255, "2015-03-31": "63.31200", "2014-12-31": -24.627, "2014-09-30": -46.004, "2014-06-30": -9.085, "2014-03-31": "-62.29000", "2013-12-31": 53.631, "2013-09-30": -19.71, "2013-06-30": -34.337, "2013-03-31": "-38.11100", "2012-12-31": -47.376, "2012-09-30": -27.171, "2012-06-30": -20.591, "2012-03-31": "-34.61800", "2011-12-31": -42.214, "2011-09-30": -21.87, "2011-06-30": -34.788, "2011-03-31": "-14.87000", "2010-12-31": 20.407, "2010-09-30": -22.162, "2010-06-30": -19.953, "2010-03-31": "-34.16300", "2009-12-31": 130.192, "2009-09-30": -19.376, "2009-06-30": -28.683, "2009-03-31": "-42.39400", "2008-12-31": -30.717, "2008-09-30": -18.64, "2008-06-30": -31.453, "2008-03-31": "-64.97200", "2007-12-31": 106.727, "2007-09-30": 54.262, "2007-06-30": 14.31, "2007-03-31": "-28.99700", "2006-12-31": -25.967, "2006-09-30": 4.714, "2006-06-30": -32.744, "2006-03-31": "-38.71800", "2005-12-31": -16.125, "2005-09-30": -25.36, "2005-06-30": -22.15, "2005-03-31": "-14.36300"}, "Net Change In Property, Plant, And Equipment": {"2020-09-30": -1.91, "2020-06-30": -2.694, "2020-03-31": "-0.90000", "2019-12-31": -3.671, "2019-09-30": -5.323, "2019-06-30": -11.643, "2019-03-31": "-5.64800", "2018-12-31": -8.687, "2018-09-30": -1.822, "2018-06-30": -0.112, "2018-03-31": "-0.98500", "2017-12-31": -2.393, "2017-09-30": -0.939, "2017-06-30": -2.255, "2017-03-31": "-4.08900", "2016-12-31": -2.651, "2016-09-30": -0.507, "2016-06-30": -1.555, "2016-03-31": "-1.67900", "2015-12-31": -2.473, "2015-09-30": -4.138, "2015-06-30": -3.525, "2015-03-31": "-1.05900", "2014-12-31": -3.886, "2014-09-30": -0.898, "2014-06-30": -0.668, "2014-03-31": "-4.52400", "2013-12-31": -2.709, "2013-09-30": -0.588, "2013-06-30": -0.478, "2013-03-31": "-0.31600", "2012-12-31": -4.839, "2012-09-30": -2.572, "2012-06-30": -1.656, "2012-03-31": "-1.51600", "2011-12-31": -1.428, "2011-09-30": -1.449, "2011-06-30": -3.08, "2011-03-31": "-3.76500", "2010-12-31": -9.297, "2010-09-30": -13.364, "2010-06-30": -4.823, "2010-03-31": "-3.97300", "2009-12-31": -9.939, "2009-09-30": -2.764, "2009-06-30": -2.895, "2009-03-31": "-5.10400", "2008-12-31": -3.791, "2008-09-30": -4.715, "2008-06-30": -5.068, "2008-03-31": "-5.28100", "2007-12-31": -12.07, "2007-09-30": -8.961, "2007-06-30": -6.209, "2007-03-31": "-5.55600", "2006-12-31": -6.501, "2006-09-30": -4.482, "2006-06-30": -6.953, "2006-03-31": "-4.58800", "2005-12-31": -6.694, "2005-09-30": -3.208, "2005-06-30": -3.522, "2005-03-31": "-4.53100"}, "Net Change In Intangible Assets": {"2020-09-30": 0, "2020-06-30": 0, "2020-03-31": "", "2019-12-31": 0, "2019-09-30": 0, "2019-06-30": 0, "2019-03-31": "", "2018-12-31": 0, "2018-09-30": 0, "2018-06-30": 0, "2018-03-31": "", "2017-12-31": 0, "2017-09-30": 0, "2017-06-30": 0, "2017-03-31": "", "2016-12-31": 0, "2016-09-30": 0, "2016-06-30": 0, "2016-03-31": "", "2015-12-31": 0, "2015-09-30": 0, "2015-06-30": 0, "2015-03-31": "", "2014-12-31": 0, "2014-09-30": 0, "2014-06-30": 0, "2014-03-31": "", "2013-12-31": 0, "2013-09-30": 0, "2013-06-30": 0, "2013-03-31": "", "2012-12-31": 0, "2012-09-30": 0, "2012-06-30": 0, "2012-03-31": "", "2011-12-31": 0, "2011-09-30": 0, "2011-06-30": 0, "2011-03-31": "", "2010-12-31": 0, "2010-09-30": 0, "2010-06-30": 0, "2010-03-31": "", "2009-12-31": 0, "2009-09-30": 0, "2009-06-30": 0, "2009-03-31": "", "2008-12-31": 0, "2008-09-30": 0, "2008-06-30": 0, "2008-03-31": "", "2007-12-31": 0, "2007-09-30": 0, "2007-06-30": 0, "2007-03-31": "", "2006-12-31": 0, "2006-09-30": 0, "2006-06-30": 0, "2006-03-31": "", "2005-12-31": 0, "2005-09-30": 0, "2005-06-30": 0, "2005-03-31": ""}, "Net Acquisitions/Divestitures": {"2020-09-30": 0, "2020-06-30": 0, "2020-03-31": "", "2019-12-31": 0, "2019-09-30": 0, "2019-06-30": 0, "2019-03-31": "", "2018-12-31": 0, "2018-09-30": 0, "2018-06-30": 0, "2018-03-31": "", "2017-12-31": 0, "2017-09-30": 0, "2017-06-30": 0, "2017-03-31": "", "2016-12-31": 0, "2016-09-30": 0, "2016-06-30": 0, "2016-03-31": "", "2015-12-31": 0, "2015-09-30": 0, "2015-06-30": 0, "2015-03-31": "", "2014-12-31": 0, "2014-09-30": 0, "2014-06-30": 0, "2014-03-31": "", "2013-12-31": 0, "2013-09-30": 0, "2013-06-30": 0, "2013-03-31": "", "2012-12-31": 0, "2012-09-30": 0, "2012-06-30": 0, "2012-03-31": "", "2011-12-31": 0, "2011-09-30": 0, "2011-06-30": 0, "2011-03-31": "", "2010-12-31": 0, "2010-09-30": 0, "2010-06-30": 0, "2010-03-31": "", "2009-12-31": -4.44, "2009-09-30": 0, "2009-06-30": 0, "2009-03-31": "", "2008-12-31": 114.831, "2008-09-30": 0, "2008-06-30": 0, "2008-03-31": "", "2007-12-31": 0, "2007-09-30": 0, "2007-06-30": 0, "2007-03-31": "", "2006-12-31": 0, "2006-09-30": 0, "2006-06-30": 0, "2006-03-31": "", "2005-12-31": -30.714, "2005-09-30": 0, "2005-06-30": 0, "2005-03-31": ""}, "Net Change In Short-term Investments": {"2020-09-30": -860.33, "2020-06-30": 860.33, "2020-03-31": "", "2019-12-31": 0, "2019-09-30": -634.145, "2019-06-30": 634.145, "2019-03-31": "", "2018-12-31": -467.658, "2018-09-30": 1312.766, "2018-06-30": -845.108, "2018-03-31": "", "2017-12-31": 0, "2017-09-30": 0, "2017-06-30": 0, "2017-03-31": "", "2016-12-31": 0, "2016-09-30": 0, "2016-06-30": 0, "2016-03-31": "", "2015-12-31": 0, "2015-09-30": 0, "2015-06-30": 0, "2015-03-31": "", "2014-12-31": 0, "2014-09-30": 0, "2014-06-30": 0, "2014-03-31": "", "2013-12-31": -542.079, "2013-09-30": 274.011, "2013-06-30": 0, "2013-03-31": "", "2012-12-31": 0, "2012-09-30": 0, "2012-06-30": 0, "2012-03-31": "", "2011-12-31": -102.23, "2011-09-30": 0, "2011-06-30": 0, "2011-03-31": "", "2010-12-31": 0, "2010-09-30": 0, "2010-06-30": 0, "2010-03-31": "", "2009-12-31": 0, "2009-09-30": 0, "2009-06-30": 0, "2009-03-31": "", "2008-12-31": 0, "2008-09-30": 0, "2008-06-30": 0, "2008-03-31": "", "2007-12-31": 0, "2007-09-30": 0, "2007-06-30": 0, "2007-03-31": "", "2006-12-31": 405.622, "2006-09-30": 0, "2006-06-30": 0, "2006-03-31": "", "2005-12-31": 0, "2005-09-30": 0, "2005-06-30": 0, "2005-03-31": ""}, "Net Change In Long-Term Investments": {"2020-09-30": 910.908, "2020-06-30": -700.598, "2020-03-31": "198.66700", "2019-12-31": 139.1521, "2019-09-30": 697.7209, "2019-06-30": -597.212, "2019-03-31": "-6.49000", "2018-12-31": 563.885, "2018-09-30": -1932.215, "2018-06-30": -49.195, "2018-03-31": "49.19500", "2017-12-31": 25.371, "2017-09-30": -79.75, "2017-06-30": 44.227, "2017-03-31": "-8.98100", "2016-12-31": -139.454, "2016-09-30": 28.889, "2016-06-30": -3.368, "2016-03-31": "37.92500", "2015-12-31": -4.732, "2015-09-30": -15.157, "2015-06-30": -62.469, "2015-03-31": "54.21700", "2014-12-31": -20.922, "2014-09-30": 41.046, "2014-06-30": 5.97, "2014-03-31": "-53.68900", "2013-12-31": 462.637, "2013-09-30": -231.646, "2013-06-30": 47.075, "2013-03-31": "44.00200", "2012-12-31": 67.066, "2012-09-30": 22.181, "2012-06-30": 9.415, "2012-03-31": "49.94100", "2011-12-31": 118.059, "2011-09-30": 54.182, "2011-06-30": 25.879, "2011-03-31": "-198.12000", "2010-12-31": -7.866, "2010-09-30": 24.858, "2010-06-30": 26.184, "2010-03-31": "4.99400", "2009-12-31": -103.964, "2009-09-30": -63.488, "2009-06-30": 24.399, "2009-03-31": "19.16000", "2008-12-31": 59.391, "2008-09-30": 56.043, "2008-06-30": 32.576, "2008-03-31": "30.66600", "2007-12-31": -125.297, "2007-09-30": 45.807, "2007-06-30": -8.654, "2007-03-31": "88.28500", "2006-12-31": -474.134, "2006-09-30": 7.483, "2006-06-30": -71.936, "2006-03-31": "38.60900", "2005-12-31": -42.436, "2005-09-30": 45.168, "2005-06-30": 46.136, "2005-03-31": "32.20400"}, "Net Change In Investments - Total": {"2020-09-30": 50.578, "2020-06-30": 159.732, "2020-03-31": "198.66700", "2019-12-31": 139.1521, "2019-09-30": 63.5759, "2019-06-30": 36.933, "2019-03-31": "-6.49000", "2018-12-31": 96.227, "2018-09-30": -619.449, "2018-06-30": -894.303, "2018-03-31": "49.19500", "2017-12-31": 25.371, "2017-09-30": -79.75, "2017-06-30": 44.227, "2017-03-31": "-8.98100", "2016-12-31": -139.454, "2016-09-30": 28.889, "2016-06-30": -3.368, "2016-03-31": "37.92500", "2015-12-31": -4.732, "2015-09-30": -15.157, "2015-06-30": -62.469, "2015-03-31": "54.21700", "2014-12-31": -20.922, "2014-09-30": 41.046, "2014-06-30": 5.97, "2014-03-31": "-53.68900", "2013-12-31": -79.442, "2013-09-30": 42.365, "2013-06-30": 47.075, "2013-03-31": "44.00200", "2012-12-31": 67.066, "2012-09-30": 22.181, "2012-06-30": 9.415, "2012-03-31": "49.94100", "2011-12-31": 15.829, "2011-09-30": 54.182, "2011-06-30": 25.879, "2011-03-31": "-198.12000", "2010-12-31": -7.866, "2010-09-30": 24.858, "2010-06-30": 26.184, "2010-03-31": "4.99400", "2009-12-31": -103.964, "2009-09-30": -63.488, "2009-06-30": 24.399, "2009-03-31": "19.16000", "2008-12-31": 59.391, "2008-09-30": 56.043, "2008-06-30": 32.576, "2008-03-31": "30.66600", "2007-12-31": -125.297, "2007-09-30": 45.807, "2007-06-30": -8.654, "2007-03-31": "88.28500", "2006-12-31": -68.512, "2006-09-30": 7.483, "2006-06-30": -71.936, "2006-03-31": "38.60900", "2005-12-31": -42.436, "2005-09-30": 45.168, "2005-06-30": 46.136, "2005-03-31": "32.20400"}, "Investing Activities - Other": {"2020-09-30": 0, "2020-06-30": 0, "2020-03-31": "", "2019-12-31": 0, "2019-09-30": 0, "2019-06-30": 0, "2019-03-31": "", "2018-12-31": 0, "2018-09-30": 0, "2018-06-30": 0, "2018-03-31": "", "2017-12-31": 0, "2017-09-30": 0, "2017-06-30": 0, "2017-03-31": "", "2016-12-31": 0, "2016-09-30": 0, "2016-06-30": 0, "2016-03-31": "", "2015-12-31": 0, "2015-09-30": 25, "2015-06-30": 0, "2015-03-31": "", "2014-12-31": 0, "2014-09-30": 0, "2014-06-30": 0, "2014-03-31": "", "2013-12-31": 0, "2013-09-30": 0, "2013-06-30": 0, "2013-03-31": "", "2012-12-31": 0, "2012-09-30": -25, "2012-06-30": 0, "2012-03-31": "", "2011-12-31": 0, "2011-09-30": 0, "2011-06-30": 0, "2011-03-31": "", "2010-12-31": 0, "2010-09-30": 0, "2010-06-30": 0, "2010-03-31": "", "2009-12-31": 4.44, "2009-09-30": 0, "2009-06-30": 0.326, "2009-03-31": "-4.76600", "2008-12-31": 0, "2008-09-30": 0, "2008-06-30": 0, "2008-03-31": "", "2007-12-31": 0, "2007-09-30": 0, "2007-06-30": 0, "2007-03-31": "", "2006-12-31": 0, "2006-09-30": 0, "2006-06-30": 0, "2006-03-31": "", "2005-12-31": 0, "2005-09-30": 0, "2005-06-30": 0, "2005-03-31": ""}, "Cash Flow From Investing Activities": {"2020-09-30": 48.668, "2020-06-30": 157.038, "2020-03-31": "197.76700", "2019-12-31": 135.481, "2019-09-30": 58.253, "2019-06-30": 25.29, "2019-03-31": "-12.13800", "2018-12-31": 87.54, "2018-09-30": -621.271, "2018-06-30": -894.415, "2018-03-31": "48.21000", "2017-12-31": 22.978, "2017-09-30": -80.689, "2017-06-30": 41.972, "2017-03-31": "-13.07000", "2016-12-31": -142.105, "2016-09-30": 28.382, "2016-06-30": -4.923, "2016-03-31": "36.24600", "2015-12-31": -7.205, "2015-09-30": 5.705, "2015-06-30": -65.994, "2015-03-31": "53.15800", "2014-12-31": -24.808, "2014-09-30": 40.148, "2014-06-30": 5.302, "2014-03-31": "-58.21300", "2013-12-31": -82.151, "2013-09-30": 41.777, "2013-06-30": 46.597, "2013-03-31": "43.68600", "2012-12-31": 62.227, "2012-09-30": -5.391, "2012-06-30": 7.759, "2012-03-31": "48.42500", "2011-12-31": 14.401, "2011-09-30": 52.733, "2011-06-30": 22.799, "2011-03-31": "-201.88500", "2010-12-31": -17.163, "2010-09-30": 11.494, "2010-06-30": 21.361, "2010-03-31": "1.02100", "2009-12-31": -113.903, "2009-09-30": -66.252, "2009-06-30": 21.83, "2009-03-31": "9.29000", "2008-12-31": 170.431, "2008-09-30": 51.328, "2008-06-30": 27.508, "2008-03-31": "25.38500", "2007-12-31": -137.367, "2007-09-30": 36.846, "2007-06-30": -14.863, "2007-03-31": "82.72900", "2006-12-31": -75.013, "2006-09-30": 3.001, "2006-06-30": -78.889, "2006-03-31": "34.02100", "2005-12-31": -79.844, "2005-09-30": 41.96, "2005-06-30": 42.614, "2005-03-31": "27.67300"}, "Net Long-Term Debt": {"2020-09-30": 0, "2020-06-30": -250, "2020-03-31": "", "2019-12-31": 0, "2019-09-30": 0, "2019-06-30": 0, "2019-03-31": "", "2018-12-31": 0, "2018-09-30": 0, "2018-06-30": 0, "2018-03-31": "", "2017-12-31": -2.972, "2017-09-30": -0.79, "2017-06-30": -0.756, "2017-03-31": "-0.61300", "2016-12-31": -0.569, "2016-09-30": -1.859, "2016-06-30": -1.794, "2016-03-31": "-1.72300", "2015-12-31": 102.373, "2015-09-30": -1.314, "2015-06-30": -1.386, "2015-03-31": "-1.09800", "2014-12-31": -0.958, "2014-09-30": -0.928, "2014-06-30": -0.825, "2014-03-31": "-0.82500", "2013-12-31": -0.791, "2013-09-30": -0.735, "2013-06-30": -0.774, "2013-03-31": "-0.69200", "2012-12-31": -0.73, "2012-09-30": -95.023, "2012-06-30": -0.585, "2012-03-31": "-0.56600", "2011-12-31": -0.547, "2011-09-30": -0.497, "2011-06-30": -0.475, "2011-03-31": "-0.45900", "2010-12-31": -0.237, "2010-09-30": -0.388, "2010-06-30": -0.372, "2010-03-31": "-0.35900", "2009-12-31": -0.35, "2009-09-30": -0.319, "2009-06-30": -0.314, "2009-03-31": "-0.30200", "2008-12-31": -48.215, "2008-09-30": -0.759, "2008-06-30": -0.74, "2008-03-31": "-0.41100", "2007-12-31": 33.918, "2007-09-30": 0.036, "2007-06-30": -0.423, "2007-03-31": "-36.42600", "2006-12-31": -2.671, "2006-09-30": -2.923, "2006-06-30": -4.597, "2006-03-31": "-0.29700", "2005-12-31": -0.534, "2005-09-30": 234.249, "2005-06-30": -0.452, "2005-03-31": "-0.83800"}, "Net Current Debt": {"2020-09-30": 0, "2020-06-30": 0, "2020-03-31": "", "2019-12-31": 0, "2019-09-30": 0, "2019-06-30": 0, "2019-03-31": "", "2018-12-31": 0, "2018-09-30": 0, "2018-06-30": 0, "2018-03-31": "", "2017-12-31": 0, "2017-09-30": 0, "2017-06-30": 0, "2017-03-31": "", "2016-12-31": 0, "2016-09-30": 0, "2016-06-30": 0, "2016-03-31": "", "2015-12-31": 0, "2015-09-30": 0, "2015-06-30": 0, "2015-03-31": "", "2014-12-31": 0, "2014-09-30": 0, "2014-06-30": 0, "2014-03-31": "", "2013-12-31": 0, "2013-09-30": 0, "2013-06-30": 0, "2013-03-31": "", "2012-12-31": 0, "2012-09-30": 0, "2012-06-30": 0, "2012-03-31": "", "2011-12-31": 0, "2011-09-30": 0, "2011-06-30": 0, "2011-03-31": "", "2010-12-31": 0, "2010-09-30": 0, "2010-06-30": 0, "2010-03-31": "", "2009-12-31": 0, "2009-09-30": 0, "2009-06-30": 0, "2009-03-31": "", "2008-12-31": 0, "2008-09-30": 0, "2008-06-30": 0, "2008-03-31": "", "2007-12-31": 0, "2007-09-30": 0, "2007-06-30": 0, "2007-03-31": "", "2006-12-31": 0, "2006-09-30": 0, "2006-06-30": 0, "2006-03-31": "", "2005-12-31": 0, "2005-09-30": 0, "2005-06-30": 0, "2005-03-31": ""}, "Debt Issuance/Retirement Net - Total": {"2020-09-30": 0, "2020-06-30": -250, "2020-03-31": "", "2019-12-31": 0, "2019-09-30": 0, "2019-06-30": 0, "2019-03-31": "", "2018-12-31": 0, "2018-09-30": 0, "2018-06-30": 0, "2018-03-31": "", "2017-12-31": -2.972, "2017-09-30": -0.79, "2017-06-30": -0.756, "2017-03-31": "-0.61300", "2016-12-31": -0.569, "2016-09-30": -1.859, "2016-06-30": -1.794, "2016-03-31": "-1.72300", "2015-12-31": 102.373, "2015-09-30": -1.314, "2015-06-30": -1.386, "2015-03-31": "-1.09800", "2014-12-31": -0.958, "2014-09-30": -0.928, "2014-06-30": -0.825, "2014-03-31": "-0.82500", "2013-12-31": -0.791, "2013-09-30": -0.735, "2013-06-30": -0.774, "2013-03-31": "-0.69200", "2012-12-31": -0.73, "2012-09-30": -95.023, "2012-06-30": -0.585, "2012-03-31": "-0.56600", "2011-12-31": -0.547, "2011-09-30": -0.497, "2011-06-30": -0.475, "2011-03-31": "-0.45900", "2010-12-31": -0.237, "2010-09-30": -0.388, "2010-06-30": -0.372, "2010-03-31": "-0.35900", "2009-12-31": -0.35, "2009-09-30": -0.319, "2009-06-30": -0.314, "2009-03-31": "-0.30200", "2008-12-31": -48.215, "2008-09-30": -0.759, "2008-06-30": -0.74, "2008-03-31": "-0.41100", "2007-12-31": 33.918, "2007-09-30": 0.036, "2007-06-30": -0.423, "2007-03-31": "-36.42600", "2006-12-31": -2.671, "2006-09-30": -2.923, "2006-06-30": -4.597, "2006-03-31": "-0.29700", "2005-12-31": -0.534, "2005-09-30": 234.249, "2005-06-30": -0.452, "2005-03-31": "-0.83800"}, "Net Common Equity Issued/Repurchased": {"2020-09-30": 1.531, "2020-06-30": 8.043, "2020-03-31": "11.07700", "2019-12-31": 4.906, "2019-09-30": 6.249, "2019-06-30": 7.306, "2019-03-31": "4.89400", "2018-12-31": 2.668, "2018-09-30": 3.859, "2018-06-30": 811.087, "2018-03-31": "34.35200", "2017-12-31": 27.247, "2017-09-30": 10.259, "2017-06-30": 10.224, "2017-03-31": "11.79200", "2016-12-31": 191.522, "2016-09-30": 8.398, "2016-06-30": 3.547, "2016-03-31": "6.09600", "2015-12-31": 16.692, "2015-09-30": 7.718, "2015-06-30": 6.113, "2015-03-31": "1.68500", "2014-12-31": 30.816, "2014-09-30": 8.142, "2014-06-30": 2.869, "2014-03-31": "121.69300", "2013-12-31": 2.955, "2013-09-30": 2.632, "2013-06-30": 1.403, "2013-03-31": "1.21800", "2012-12-31": 0.94, "2012-09-30": 1.84, "2012-06-30": 0.858, "2012-03-31": "0.47900", "2011-12-31": 0.241, "2011-09-30": 0.523, "2011-06-30": 1.591, "2011-03-31": "221.95800", "2010-12-31": 1.749, "2010-09-30": 0.994, "2010-06-30": 1.372, "2010-03-31": "4.77600", "2009-12-31": 0.999, "2009-09-30": 3.731, "2009-06-30": 0.029, "2009-03-31": "0.06100", "2008-12-31": -0.093, "2008-09-30": 0.094, "2008-06-30": 0.012, "2008-03-31": "0.37100", "2007-12-31": 0.301, "2007-09-30": 0.771, "2007-06-30": 0.574, "2007-03-31": "2.13400", "2006-12-31": 10.201, "2006-09-30": 0.162, "2006-06-30": 6.152, "2006-03-31": "5.74400", "2005-12-31": 0.593, "2005-09-30": 35.988, "2005-06-30": 2.856, "2005-03-31": "2.98700"}, "Net Total Equity Issued/Repurchased": {"2020-09-30": 1.531, "2020-06-30": 8.043, "2020-03-31": "11.07700", "2019-12-31": 4.906, "2019-09-30": 6.249, "2019-06-30": 7.306, "2019-03-31": "4.89400", "2018-12-31": 2.668, "2018-09-30": 3.859, "2018-06-30": 811.087, "2018-03-31": "34.35200", "2017-12-31": 27.247, "2017-09-30": 10.259, "2017-06-30": 10.224, "2017-03-31": "11.79200", "2016-12-31": 191.522, "2016-09-30": 8.398, "2016-06-30": 3.547, "2016-03-31": "6.09600", "2015-12-31": 16.692, "2015-09-30": 7.718, "2015-06-30": 6.113, "2015-03-31": "1.68500", "2014-12-31": 30.816, "2014-09-30": 8.142, "2014-06-30": 2.869, "2014-03-31": "121.69300", "2013-12-31": 2.955, "2013-09-30": 2.632, "2013-06-30": 1.403, "2013-03-31": "1.21800", "2012-12-31": 0.94, "2012-09-30": 1.84, "2012-06-30": 0.858, "2012-03-31": "0.47900", "2011-12-31": 0.241, "2011-09-30": 0.523, "2011-06-30": 1.591, "2011-03-31": "221.95800", "2010-12-31": 1.749, "2010-09-30": 0.994, "2010-06-30": 1.372, "2010-03-31": "4.77600", "2009-12-31": 0.999, "2009-09-30": 3.731, "2009-06-30": 0.029, "2009-03-31": "0.06100", "2008-12-31": -0.093, "2008-09-30": 0.094, "2008-06-30": 0.012, "2008-03-31": "0.37100", "2007-12-31": 0.301, "2007-09-30": 0.771, "2007-06-30": 0.574, "2007-03-31": "2.13400", "2006-12-31": 10.201, "2006-09-30": 0.162, "2006-06-30": 6.152, "2006-03-31": "5.74400", "2005-12-31": 0.593, "2005-09-30": 35.988, "2005-06-30": 2.856, "2005-03-31": "2.98700"}, "Total Common And Preferred Stock Dividends Paid": {"2020-09-30": 0, "2020-06-30": 0, "2020-03-31": "", "2019-12-31": 0, "2019-09-30": 0, "2019-06-30": 0, "2019-03-31": "", "2018-12-31": 0, "2018-09-30": 0, "2018-06-30": 0, "2018-03-31": "", "2017-12-31": 0, "2017-09-30": 0, "2017-06-30": 0, "2017-03-31": "", "2016-12-31": 0, "2016-09-30": 0, "2016-06-30": 0, "2016-03-31": "", "2015-12-31": 0, "2015-09-30": 0, "2015-06-30": 0, "2015-03-31": "", "2014-12-31": 0, "2014-09-30": 0, "2014-06-30": 0, "2014-03-31": "", "2013-12-31": 0, "2013-09-30": 0, "2013-06-30": 0, "2013-03-31": "", "2012-12-31": 0, "2012-09-30": 0, "2012-06-30": 0, "2012-03-31": "", "2011-12-31": 0, "2011-09-30": 0, "2011-06-30": 0, "2011-03-31": "", "2010-12-31": 0, "2010-09-30": 0, "2010-06-30": 0, "2010-03-31": "", "2009-12-31": 0, "2009-09-30": 0, "2009-06-30": 0, "2009-03-31": "", "2008-12-31": 0, "2008-09-30": 0, "2008-06-30": 0, "2008-03-31": "", "2007-12-31": 0, "2007-09-30": 0, "2007-06-30": 0, "2007-03-31": "", "2006-12-31": 0, "2006-09-30": 0, "2006-06-30": 0, "2006-03-31": "", "2005-12-31": 0, "2005-09-30": 0, "2005-06-30": 0, "2005-03-31": ""}, "Financial Activities - Other": {"2020-09-30": 0, "2020-06-30": 0, "2020-03-31": "", "2019-12-31": 0, "2019-09-30": 0, "2019-06-30": 0, "2019-03-31": "", "2018-12-31": 0, "2018-09-30": 0, "2018-06-30": 0, "2018-03-31": "", "2017-12-31": 0, "2017-09-30": 0, "2017-06-30": 0, "2017-03-31": "", "2016-12-31": 0, "2016-09-30": 0, "2016-06-30": 0, "2016-03-31": "", "2015-12-31": 0, "2015-09-30": 0, "2015-06-30": 0, "2015-03-31": "", "2014-12-31": 0, "2014-09-30": 0, "2014-06-30": 0, "2014-03-31": "-7.00000", "2013-12-31": 0, "2013-09-30": 0, "2013-06-30": 0, "2013-03-31": "-3.00000", "2012-12-31": 0, "2012-09-30": -0.001, "2012-06-30": 0, "2012-03-31": "119.58900", "2011-12-31": 0, "2011-09-30": 0, "2011-06-30": 0, "2011-03-31": "", "2010-12-31": 0, "2010-09-30": 0, "2010-06-30": 0, "2010-03-31": "", "2009-12-31": 0, "2009-09-30": 0, "2009-06-30": 0, "2009-03-31": "", "2008-12-31": 0, "2008-09-30": 0, "2008-06-30": 0, "2008-03-31": "", "2007-12-31": -102.653, "2007-09-30": 0, "2007-06-30": 0, "2007-03-31": "", "2006-12-31": 0, "2006-09-30": 0, "2006-06-30": 0, "2006-03-31": "", "2005-12-31": 0, "2005-09-30": 0, "2005-06-30": 0, "2005-03-31": ""}, "Cash Flow From Financial Activities": {"2020-09-30": 1.531, "2020-06-30": -241.957, "2020-03-31": "11.07700", "2019-12-31": 4.906, "2019-09-30": 6.249, "2019-06-30": 7.306, "2019-03-31": "4.89400", "2018-12-31": 2.668, "2018-09-30": 3.859, "2018-06-30": 811.087, "2018-03-31": "34.35200", "2017-12-31": 24.275, "2017-09-30": 9.469, "2017-06-30": 9.468, "2017-03-31": "11.17900", "2016-12-31": 190.953, "2016-09-30": 6.539, "2016-06-30": 1.753, "2016-03-31": "4.37300", "2015-12-31": 119.065, "2015-09-30": 6.404, "2015-06-30": 4.727, "2015-03-31": "0.58700", "2014-12-31": 29.858, "2014-09-30": 7.214, "2014-06-30": 2.044, "2014-03-31": "113.86800", "2013-12-31": 2.164, "2013-09-30": 1.897, "2013-06-30": 0.629, "2013-03-31": "-2.47400", "2012-12-31": 0.21, "2012-09-30": -93.184, "2012-06-30": 0.273, "2012-03-31": "119.50200", "2011-12-31": -0.306, "2011-09-30": 0.026, "2011-06-30": 1.116, "2011-03-31": "221.49900", "2010-12-31": 1.512, "2010-09-30": 0.606, "2010-06-30": 1, "2010-03-31": "4.41700", "2009-12-31": 0.649, "2009-09-30": 3.412, "2009-06-30": -0.285, "2009-03-31": "-0.24100", "2008-12-31": -48.308, "2008-09-30": -0.665, "2008-06-30": -0.728, "2008-03-31": "-0.04000", "2007-12-31": -68.434, "2007-09-30": 0.807, "2007-06-30": 0.151, "2007-03-31": "-34.29200", "2006-12-31": 7.53, "2006-09-30": -2.761, "2006-06-30": 1.555, "2006-03-31": "5.44700", "2005-12-31": 0.059, "2005-09-30": 270.237, "2005-06-30": 2.404, "2005-03-31": "2.14900"}, "Net Cash Flow": {"2020-09-30": -2.363, "2020-06-30": -168.829, "2020-03-31": "130.67200", "2019-12-31": 15.139, "2019-09-30": -4.2, "2019-06-30": -21.328, "2019-03-31": "-88.15300", "2018-12-31": -27.356, "2018-09-30": -688.864, "2018-06-30": 876.32, "2018-03-31": "30.04300", "2017-12-31": -33.205, "2017-09-30": 21.818, "2017-06-30": -7.331, "2017-03-31": "-36.16000", "2016-12-31": -3.655, "2016-09-30": 7.619, "2016-06-30": -16.873, "2016-03-31": "16.97900", "2015-12-31": 36.751, "2015-09-30": -2.056, "2015-06-30": -108.577, "2015-03-31": "117.08700", "2014-12-31": -19.643, "2014-09-30": 1.309, "2014-06-30": -1.744, "2014-03-31": "-6.62400", "2013-12-31": -26.344, "2013-09-30": 23.979, "2013-06-30": 12.901, "2013-03-31": "3.09400", "2012-12-31": 15.099, "2012-09-30": -125.816, "2012-06-30": -12.331, "2012-03-31": "133.17300", "2011-12-31": -27.696, "2011-09-30": 31.382, "2011-06-30": -10.859, "2011-03-31": "4.73000", "2010-12-31": 4.849, "2010-09-30": -10.338, "2010-06-30": 2.672, "2010-03-31": "-29.02500", "2009-12-31": 16.82, "2009-09-30": -82.215, "2009-06-30": -7.308, "2009-03-31": "-33.28400", "2008-12-31": 91.871, "2008-09-30": 31.884, "2008-06-30": -4.847, "2008-03-31": "-39.61700", "2007-12-31": -98.42, "2007-09-30": 91.857, "2007-06-30": -0.284, "2007-03-31": "19.38000", "2006-12-31": -93.908, "2006-09-30": 5.679, "2006-06-30": -110.039, "2006-03-31": "0.75500", "2005-12-31": -95.944, "2005-09-30": 286.842, "2005-06-30": 22.859, "2005-03-31": "15.45200"}, "Stock-Based Compensation": {"2020-09-30": 23.667, "2020-06-30": 23.371, "2020-03-31": "25.23600", "2019-12-31": 25.008, "2019-09-30": 24.88, "2019-06-30": 24.522, "2019-03-31": "25.38500", "2018-12-31": 24.206, "2018-09-30": 23.287, "2018-06-30": 20.659, "2018-03-31": "19.94900", "2017-12-31": 11.497, "2017-09-30": 8.835, "2017-06-30": 8.099, "2017-03-31": "8.18400", "2016-12-31": 7.057, "2016-09-30": 6.166, "2016-06-30": 6.264, "2016-03-31": "6.36300", "2015-12-31": 5.17, "2015-09-30": 4.762, "2015-06-30": 4.56, "2015-03-31": "5.17700", "2014-12-31": 4.37, "2014-09-30": 4.122, "2014-06-30": 4.164, "2014-03-31": "4.36100", "2013-12-31": 4.543, "2013-09-30": 4.564, "2013-06-30": 4.356, "2013-03-31": "4.24500", "2012-12-31": 4.184, "2012-09-30": 3.98, "2012-06-30": 3.801, "2012-03-31": "4.23400", "2011-12-31": 4.384, "2011-09-30": 4.819, "2011-06-30": 4.88, "2011-03-31": "4.80200", "2010-12-31": 4.683, "2010-09-30": 4.611, "2010-06-30": 4.361, "2010-03-31": "3.74400", "2009-12-31": 3.036, "2009-09-30": 2.599, "2009-06-30": 2.366, "2009-03-31": "2.32500", "2008-12-31": 2.916, "2008-09-30": 3.092, "2008-06-30": 2.779, "2008-03-31": "1.08400", "2007-12-31": 3.067, "2007-09-30": 0.022, "2007-06-30": 4.829, "2007-03-31": "6.86100", "2006-12-31": 4.44, "2006-09-30": 3.984, "2006-06-30": 14.809, "2006-03-31": "7.74900", "2005-12-31": 3.328, "2005-09-30": -0.856, "2005-06-30": 0.542, "2005-03-31": "0.49300"}, "Common Stock Dividends Paid": {"2020-09-30": 0, "2020-06-30": 0, "2020-03-31": "", "2019-12-31": 0, "2019-09-30": 0, "2019-06-30": 0, "2019-03-31": "", "2018-12-31": 0, "2018-09-30": 0, "2018-06-30": 0, "2018-03-31": "", "2017-12-31": 0, "2017-09-30": 0, "2017-06-30": 0, "2017-03-31": "", "2016-12-31": 0, "2016-09-30": 0, "2016-06-30": 0, "2016-03-31": "", "2015-12-31": 0, "2015-09-30": 0, "2015-06-30": 0, "2015-03-31": "", "2014-12-31": 0, "2014-09-30": 0, "2014-06-30": 0, "2014-03-31": "", "2013-12-31": 0, "2013-09-30": 0, "2013-06-30": 0, "2013-03-31": "", "2012-12-31": 0, "2012-09-30": 0, "2012-06-30": 0, "2012-03-31": "", "2011-12-31": 0, "2011-09-30": 0, "2011-06-30": 0, "2011-03-31": "", "2010-12-31": 0, "2010-09-30": 0, "2010-06-30": 0, "2010-03-31": "", "2009-12-31": 0, "2009-09-30": 0, "2009-06-30": 0, "2009-03-31": "", "2008-12-31": 0, "2008-09-30": 0, "2008-06-30": 0, "2008-03-31": "", "2007-12-31": 0, "2007-09-30": 0, "2007-06-30": 0, "2007-03-31": "", "2006-12-31": 0, "2006-09-30": 0, "2006-06-30": 0, "2006-03-31": "", "2005-12-31": 0, "2005-09-30": 0, "2005-06-30": 0, "2005-03-31": ""}}, "financial ratios": {"Current Ratio": {"2019-12-31": "4.01690", "2018-12-31": "17.53230", "2017-12-31": "5.81910", "2016-12-31": "5.89780", "2015-12-31": "5.71550", "2014-12-31": "4.49980", "2013-12-31": "2.62550", "2012-12-31": "4.00620", "2011-12-31": "1.00430", "2010-12-31": "5.52160", "2009-12-31": "2.70340", "2008-12-31": "5.94110", "2007-12-31": "5.33460", "2006-12-31": "3.23130", "2005-12-31": "7.46950"}, "Long-term Debt / Capital": {"2019-12-31": "", "2018-12-31": "0.12570", "2017-12-31": "0.73630", "2016-12-31": "0.73420", "2015-12-31": "0.97420", "2014-12-31": "0.78040", "2013-12-31": "3.08370", "2012-12-31": "0.74390", "2011-12-31": "0.06870", "2010-12-31": "0.71900", "2009-12-31": "0.69540", "2008-12-31": "0.55310", "2007-12-31": "0.61090", "2006-12-31": "0.59580", "2005-12-31": "0.57280"}, "Debt/Equity Ratio": {"2019-12-31": "0.17700", "2018-12-31": "0.14380", "2017-12-31": "2.79190", "2016-12-31": "2.76270", "2015-12-31": "38.50180", "2014-12-31": "3.67860", "2013-12-31": "-1.51920", "2012-12-31": "2.90540", "2011-12-31": "1.16040", "2010-12-31": "2.55860", "2009-12-31": "2.28350", "2008-12-31": "1.23740", "2007-12-31": "1.56980", "2006-12-31": "1.92950", "2005-12-31": "1.34220"}, "Gross Margin": {"2019-12-31": "81.35180", "2018-12-31": "97.95430", "2017-12-31": "90.07280", "2016-12-31": "81.73620", "2015-12-31": "85.22340", "2014-12-31": "85.78380", "2013-12-31": "74.14130", "2012-12-31": "62.52290", "2011-12-31": "69.37470", "2010-12-31": "83.86120", "2009-12-31": "56.97540", "2008-12-31": "61.14990", "2007-12-31": "45.96980", "2006-12-31": "45.76060", "2005-12-31": "71.49490"}, "Operating Margin": {"2019-12-31": "-383.91770", "2018-12-31": "57.64840", "2017-12-31": "-19.38250", "2016-12-31": "-68.21670", "2015-12-31": "-12.72660", "2014-12-31": "-8.21350", "2013-12-31": "-80.66690", "2012-12-31": "-173.91210", "2011-12-31": "-173.38690", "2010-12-31": "-17.76610", "2009-12-31": "-132.25450", "2008-12-31": "-91.64720", "2007-12-31": "-13.23970", "2006-12-31": "-73.13590", "2005-12-31": "-144.62660"}, "EBIT Margin": {"2019-12-31": "-383.91770", "2018-12-31": "57.64840", "2017-12-31": "-19.38250", "2016-12-31": "-68.21670", "2015-12-31": "-12.72660", "2014-12-31": "-8.21350", "2013-12-31": "-80.66690", "2012-12-31": "-173.91210", "2011-12-31": "-173.38690", "2010-12-31": "-17.76610", "2009-12-31": "-132.25450", "2008-12-31": "-91.64720", "2007-12-31": "-13.23970", "2006-12-31": "-73.13590", "2005-12-31": "-144.62660"}, "EBITDA Margin": {"2019-12-31": "-372.43950", "2018-12-31": "58.55930", "2017-12-31": "-14.59190", "2016-12-31": "-58.93760", "2015-12-31": "-7.15650", "2014-12-31": "-1.77270", "2013-12-31": "-71.08130", "2012-12-31": "-156.04310", "2011-12-31": "-152.47060", "2010-12-31": "-7.35920", "2009-12-31": "-111.56670", "2008-12-31": "-66.71070", "2007-12-31": "-2.60780", "2006-12-31": "-57.74490", "2005-12-31": "-125.32250"}, "Pre-Tax Profit Margin": {"2019-12-31": "-383.93430", "2018-12-31": "57.21210", "2017-12-31": "-31.22280", "2016-12-31": "-92.27010", "2015-12-31": "-34.95520", "2014-12-31": "-27.11810", "2013-12-31": "-107.28370", "2012-12-31": "-211.16750", "2011-12-31": "-186.01010", "2010-12-31": "-23.30060", "2009-12-31": "-142.87580", "2008-12-31": "-38.96660", "2007-12-31": "-11.51970", "2006-12-31": "-70.70290", "2005-12-31": "-146.69740"}, "Net Profit Margin": {"2019-12-31": "-384.46910", "2018-12-31": "57.09380", "2017-12-31": "-31.42300", "2016-12-31": "-92.79960", "2015-12-31": "-35.17450", "2014-12-31": "-26.86300", "2013-12-31": "-108.79120", "2012-12-31": "-211.66750", "2011-12-31": "-187.43420", "2010-12-31": "-23.85450", "2009-12-31": "-142.52410", "2008-12-31": "-38.07290", "2007-12-31": "-11.99920", "2006-12-31": "-71.08320", "2005-12-31": "-146.58890"}, "Asset Turnover": {"2019-12-31": "0.05800", "2018-12-31": "0.55500", "2017-12-31": "0.60470", "2016-12-31": "0.29080", "2015-12-31": "0.46280", "2014-12-31": "0.45450", "2013-12-31": "0.34270", "2012-12-31": "0.16310", "2011-12-31": "0.11780", "2010-12-31": "0.30510", "2009-12-31": "0.12500", "2008-12-31": "0.16090", "2007-12-31": "0.37650", "2006-12-31": "0.28340", "2005-12-31": "0.14710"}, "Inventory Turnover Ratio": {"2019-12-31": "1.68760", "2018-12-31": "2.14500", "2017-12-31": "2.84790", "2016-12-31": "2.71990", "2015-12-31": "3.00560", "2014-12-31": "2.20300", "2013-12-31": "2.86270", "2012-12-31": "1.66560", "2011-12-31": "1.72970", "2010-12-31": "3.53250", "2009-12-31": "4.78260", "2008-12-31": "3.75970", "2007-12-31": "12.10450", "2006-12-31": "8.05740", "2005-12-31": "1.93250"}, "Receiveable Turnover": {"2019-12-31": "3.11440", "2018-12-31": "27.61490", "2017-12-31": "61.37040", "2016-12-31": "10.55210", "2015-12-31": "11.56990", "2014-12-31": "55.64380", "2013-12-31": "66.81070", "2012-12-31": "13.98640", "2011-12-31": "14.47550", "2010-12-31": "6.33570", "2009-12-31": "14.98250", "2008-12-31": "8.08040", "2007-12-31": "12.61850", "2006-12-31": "4.61780", "2005-12-31": "10.10720"}, "Days Sales In Receivables": {"2019-12-31": "117.19670", "2018-12-31": "13.21750", "2017-12-31": "5.94750", "2016-12-31": "34.59020", "2015-12-31": "31.54750", "2014-12-31": "6.55960", "2013-12-31": "5.46320", "2012-12-31": "26.09680", "2011-12-31": "25.21500", "2010-12-31": "57.61000", "2009-12-31": "24.36180", "2008-12-31": "45.17120", "2007-12-31": "28.92570", "2006-12-31": "79.04270", "2005-12-31": "36.11300"}, "ROE - Return On Equity": {"2019-12-31": "-31.35550", "2018-12-31": "39.66710", "2017-12-31": "-110.09250", "2016-12-31": "-174.21200", "2015-12-31": "-1262.66900", "2014-12-31": "-148.39840", "2013-12-31": "180.20880", "2012-12-31": "-365.50900", "2011-12-31": "-67.73030", "2010-12-31": "-41.84550", "2009-12-31": "-100.14850", "2008-12-31": "-18.05690", "2007-12-31": "-15.27750", "2006-12-31": "-68.15860", "2005-12-31": "-56.64160"}, "Return On Tangible Equity": {"2019-12-31": "-33.16050", "2018-12-31": "41.51630", "2017-12-31": "-853.64140", "2016-12-31": "-1320.75400", "2015-12-31": "115.84800", "2014-12-31": "134.22290", "2013-12-31": "97.36130", "2012-12-31": "582.89540", "2011-12-31": "-110.44270", "2010-12-31": "-267.90500", "2009-12-31": "-396.34650", "2008-12-31": "-30.21130", "2007-12-31": "-24.08760", "2006-12-31": "-106.72950", "2005-12-31": "-78.79480"}, "ROA - Return On Assets": {"2019-12-31": "-22.28570", "2018-12-31": "31.68640", "2017-12-31": "-19.00150", "2016-12-31": "-26.98750", "2015-12-31": "-16.27960", "2014-12-31": "-12.20870", "2013-12-31": "-37.28490", "2012-12-31": "-34.52360", "2011-12-31": "-22.08850", "2010-12-31": "-7.27860", "2009-12-31": "-17.81330", "2008-12-31": "-6.12560", "2007-12-31": "-4.51810", "2006-12-31": "-20.14650", "2005-12-31": "-21.56080"}, "ROI - Return On Investment": {"2019-12-31": "-31.35550", "2018-12-31": "34.68080", "2017-12-31": "-29.03360", "2016-12-31": "-46.29950", "2015-12-31": "-32.57490", "2014-12-31": "-32.58340", "2013-12-31": "-375.49950", "2012-12-31": "-93.59020", "2011-12-31": "-63.08020", "2010-12-31": "-11.75900", "2009-12-31": "-30.50050", "2008-12-31": "-8.07040", "2007-12-31": "-5.94500", "2006-12-31": "-27.54640", "2005-12-31": "-24.19960"}, "Book Value Per Share": {"2019-12-31": "7.96230", "2018-12-31": "9.89790", "2017-12-31": "0.55060", "2016-12-31": "0.57520", "2015-12-31": "0.04750", "2014-12-31": "0.27690", "2013-12-31": "-0.77170", "2012-12-31": "0.40790", "2011-12-31": "1.72780", "2010-12-31": "0.95920", "2009-12-31": "1.09740", "2008-12-31": "2.05570", "2007-12-31": "2.32330", "2006-12-31": "2.48750", "2005-12-31": "3.72620"}, "Operating Cash Flow Per Share": {"2019-12-31": -5.8657, "2018-12-31": 4.503, "2017-12-31": 0.3227, "2016-12-31": -0.2866, "2015-12-31": 0.5676, "2014-12-31": -0.7864, "2013-12-31": 0.7972, "2012-12-31": -0.123, "2011-12-31": -0.4132, "2010-12-31": -1.0223, "2009-12-31": 2.006, "2008-12-31": -3.17, "2007-12-31": 2.625, "2006-12-31": -0.1247, "2005-12-31": -0.9079}, "Free Cash Flow Per Share": {"2019-12-31": -5.9515, "2018-12-31": 4.5007, "2017-12-31": 0.3064, "2016-12-31": -0.2478, "2015-12-31": 0.5616, "2014-12-31": -0.8297, "2013-12-31": 0.8541, "2012-12-31": -0.1291, "2011-12-31": -0.165, "2010-12-31": -1.1334, "2009-12-31": 1.9869, "2008-12-31": -3.0171, "2007-12-31": 2.5188, "2006-12-31": -0.1666, "2005-12-31": -1.1168}}, "financial ratios, quarterly": {"Current Ratio": {"2020-09-30": "8.25180", "2020-06-30": "9.29320", "2020-03-31": "3.78660", "2019-12-31": "4.01690", "2019-09-30": "12.59530", "2019-06-30": "14.08500", "2019-03-31": "14.94330", "2018-12-31": "17.53230", "2018-09-30": "13.92620", "2018-06-30": "19.66980", "2018-03-31": "4.16390", "2017-12-31": "5.81910", "2017-09-30": "4.13640", "2017-06-30": "3.96850", "2017-03-31": "4.85240", "2016-12-31": "5.89780", "2016-09-30": "3.70250", "2016-06-30": "4.01500", "2016-03-31": "5.22930", "2015-12-31": "5.71550", "2015-09-30": "1.37600", "2015-06-30": "3.72790", "2015-03-31": "4.60330", "2014-12-31": "4.49980", "2014-09-30": "4.02390", "2014-06-30": "3.53530", "2014-03-31": "3.84260", "2013-12-31": "2.62550", "2013-09-30": "2.56990", "2013-06-30": "2.59670", "2013-03-31": "3.20880", "2012-12-31": "4.00620", "2012-09-30": "4.99420", "2012-06-30": "1.69140", "2012-03-31": "1.55360", "2011-12-31": "1.00430", "2011-09-30": "1.06660", "2011-06-30": "6.35010", "2011-03-31": "9.16050", "2010-12-31": "5.52160", "2010-09-30": "3.84800", "2010-06-30": "3.38530", "2010-03-31": "3.06790", "2009-12-31": "2.70340", "2009-09-30": "6.04200", "2009-06-30": "7.02190", "2009-03-31": "7.51750", "2008-12-31": "5.94110", "2008-09-30": "8.45570", "2008-06-30": "6.97970", "2008-03-31": "7.69400", "2007-12-31": "5.33460", "2007-09-30": "3.28550", "2007-06-30": "3.98400", "2007-03-31": "4.40970", "2006-12-31": "3.23130", "2006-09-30": "5.73210", "2006-06-30": "4.98730", "2006-03-31": "4.98060", "2005-12-31": "7.46950", "2005-09-30": "13.76290", "2005-06-30": "7.54040", "2005-03-31": "8.32860"}, "Long-term Debt / Capital": {"2020-09-30": "", "2020-06-30": "", "2020-03-31": "", "2019-12-31": "", "2019-09-30": "0.14290", "2019-06-30": "0.13730", "2019-03-31": "0.13150", "2018-12-31": "0.12570", "2018-09-30": "0.12100", "2018-06-30": "0.11680", "2018-03-31": "0.80820", "2017-12-31": "0.73630", "2017-09-30": "0.74410", "2017-06-30": "0.98640", "2017-03-31": "0.84580", "2016-12-31": "0.73420", "2016-09-30": "1.38270", "2016-06-30": "1.19050", "2016-03-31": "1.00110", "2015-12-31": "0.97420", "2015-09-30": "0.03310", "2015-06-30": "0.78470", "2015-03-31": "0.62600", "2014-12-31": "0.78040", "2014-09-30": "0.73410", "2014-06-30": "1.36960", "2014-03-31": "1.08020", "2013-12-31": "3.08370", "2013-09-30": "1.60000", "2013-06-30": "1.42980", "2013-03-31": "1.01970", "2012-12-31": "0.74390", "2012-09-30": "0.59040", "2012-06-30": "0.09060", "2012-03-31": "0.07880", "2011-12-31": "0.06870", "2011-09-30": "0.06200", "2011-06-30": "0.47880", "2011-03-31": "0.45140", "2010-12-31": "0.71900", "2010-09-30": "0.68480", "2010-06-30": "0.68010", "2010-03-31": "0.69010", "2009-12-31": "0.69540", "2009-09-30": "0.68820", "2009-06-30": "0.64240", "2009-03-31": "0.59600", "2008-12-31": "0.55310", "2008-09-30": "0.75550", "2008-06-30": "0.70040", "2008-03-31": "0.65680", "2007-12-31": "0.61090", "2007-09-30": "0.66350", "2007-06-30": "0.63920", "2007-03-31": "0.61370", "2006-12-31": "0.59580", "2006-09-30": "0.61460", "2006-06-30": "0.60220", "2006-03-31": "0.56700", "2005-12-31": "0.57280", "2005-09-30": "0.50230", "2005-06-30": "0.31580", "2005-03-31": "0.30470"}, "Debt/Equity Ratio": {"2020-09-30": "", "2020-06-30": "", "2020-03-31": "0.19600", "2019-12-31": "0.17990", "2019-09-30": "0.16680", "2019-06-30": "0.15910", "2019-03-31": "0.15140", "2018-12-31": "0.14380", "2018-09-30": "0.13770", "2018-06-30": "0.13230", "2018-03-31": "4.21470", "2017-12-31": "2.79190", "2017-09-30": "2.93780", "2017-06-30": "73.27170", "2017-03-31": "5.55140", "2016-12-31": "2.76270", "2016-09-30": "-3.64780", "2016-06-30": "-6.34220", "2016-03-31": "-909.95270", "2015-12-31": "38.50180", "2015-09-30": "3.38560", "2015-06-30": "3.80440", "2015-03-31": "1.74370", "2014-12-31": "3.67860", "2014-09-30": "2.76040", "2014-06-30": "-3.70550", "2014-03-31": "-13.46210", "2013-12-31": "-1.51920", "2013-09-30": "-2.66680", "2013-06-30": "-3.32690", "2013-03-31": "-51.81910", "2012-12-31": "2.90540", "2012-09-30": "1.44140", "2012-06-30": "1.72450", "2012-03-31": "1.40840", "2011-12-31": "1.16040", "2011-09-30": "0.99740", "2011-06-30": "0.91860", "2011-03-31": "0.82280", "2010-12-31": "2.55860", "2010-09-30": "2.17260", "2010-06-30": "2.12580", "2010-03-31": "2.22720", "2009-12-31": "2.28350", "2009-09-30": "2.20720", "2009-06-30": "1.79610", "2009-03-31": "1.47510", "2008-12-31": "1.23740", "2008-09-30": "3.10300", "2008-06-30": "2.35110", "2008-03-31": "1.92640", "2007-12-31": "1.56980", "2007-09-30": "2.36830", "2007-06-30": "2.12940", "2007-03-31": "1.90830", "2006-12-31": "1.92950", "2006-09-30": "1.74060", "2006-06-30": "1.65190", "2006-03-31": "1.42860", "2005-12-31": "1.34220", "2005-09-30": "1.01020", "2005-06-30": "0.46260", "2005-03-31": "0.44210"}, "Gross Margin": {"2020-09-30": "81.45370", "2020-06-30": "88.18150", "2020-03-31": "92.46440", "2019-12-31": "82.31350", "2019-09-30": "83.13710", "2019-06-30": "78.47740", "2019-03-31": "80.72430", "2018-12-31": "81.26590", "2018-09-30": "82.77140", "2018-06-30": "99.49230", "2018-03-31": "82.51880", "2017-12-31": "89.78380", "2017-09-30": "96.28980", "2017-06-30": "74.01200", "2017-03-31": "75.20630", "2016-12-31": "82.36590", "2016-09-30": "80.64450", "2016-06-30": "76.47710", "2016-03-31": "84.93600", "2015-12-31": "78.75540", "2015-09-30": "88.72430", "2015-06-30": "53.51480", "2015-03-31": "92.23900", "2014-12-31": "67.78840", "2014-09-30": "93.06090", "2014-06-30": "82.08540", "2014-03-31": "60.00710", "2013-12-31": "71.23220", "2013-09-30": "78.85860", "2013-06-30": "85.20170", "2013-03-31": "49.30880", "2012-12-31": "65.52540", "2012-09-30": "60.74300", "2012-06-30": "69.58710", "2012-03-31": "51.49030", "2011-12-31": "65.46700", "2011-09-30": "81.38760", "2011-06-30": "53.03210", "2011-03-31": "71.12130", "2010-12-31": "77.40880", "2010-09-30": "83.53330", "2010-06-30": "88.51350", "2010-03-31": "87.07470", "2009-12-31": "77.41800", "2009-09-30": "39.99800", "2009-06-30": "20.08780", "2009-03-31": "42.06570", "2008-12-31": "64.03910", "2008-09-30": "75.05020", "2008-06-30": "66.02620", "2008-03-31": "37.16990", "2007-12-31": "63.43790", "2007-09-30": "51.24910", "2007-06-30": "40.09130", "2007-03-31": "33.51600", "2006-12-31": "41.14500", "2006-09-30": "46.82260", "2006-06-30": "38.93860", "2006-03-31": "68.93880", "2005-12-31": "66.09590", "2005-09-30": "74.69330", "2005-06-30": "71.63220", "2005-03-31": "73.50670"}, "Operating Margin": {"2020-09-30": "-343.12250", "2020-06-30": "-159.08650", "2020-03-31": "-264.23390", "2019-12-31": "-323.77900", "2019-09-30": "-337.94240", "2019-06-30": "-475.95960", "2019-03-31": "-427.63450", "2018-12-31": "-251.83300", "2018-09-30": "-355.28420", "2018-06-30": "89.50860", "2018-03-31": "-228.15240", "2017-12-31": "-25.17550", "2017-09-30": "45.43640", "2017-06-30": "-146.45120", "2017-03-31": "-220.14310", "2016-12-31": "-85.83440", "2016-09-30": "-90.54660", "2016-06-30": "-116.95860", "2016-03-31": "-16.10680", "2015-12-31": "-74.58470", "2015-09-30": "0.69890", "2015-06-30": "-191.82300", "2015-03-31": "39.56120", "2014-12-31": "-191.73480", "2014-09-30": "60.45040", "2014-06-30": "-80.37040", "2014-03-31": "-184.11820", "2013-12-31": "-115.25070", "2013-09-30": "-10.71270", "2013-06-30": "-96.28790", "2013-03-31": "-196.07030", "2012-12-31": "-205.14990", "2012-09-30": "-178.68780", "2012-06-30": "-113.95030", "2012-03-31": "-211.33210", "2011-12-31": "-218.40050", "2011-09-30": "-78.83110", "2011-06-30": "-197.70350", "2011-03-31": "-299.73450", "2010-12-31": "-45.32590", "2010-09-30": "-16.41400", "2010-06-30": "4.38640", "2010-03-31": "-10.10320", "2009-12-31": "-14.08650", "2009-09-30": "-282.29490", "2009-06-30": "-234.67820", "2009-03-31": "-311.99670", "2008-12-31": "95.77820", "2008-09-30": "-161.20620", "2008-06-30": "-163.51160", "2008-03-31": "-209.52880", "2007-12-31": "56.83340", "2007-09-30": "-34.75080", "2007-06-30": "-42.45950", "2007-03-31": "-30.54600", "2006-12-31": "-57.45310", "2006-09-30": "-38.68540", "2006-06-30": "-104.96320", "2006-03-31": "-114.55500", "2005-12-31": "-330.65890", "2005-09-30": "-64.27630", "2005-06-30": "-92.64450", "2005-03-31": "-84.55110"}, "EBIT Margin": {"2020-09-30": "-343.12250", "2020-06-30": "-159.08650", "2020-03-31": "-264.23390", "2019-12-31": "-323.77890", "2019-09-30": "-337.94240", "2019-06-30": "-475.95960", "2019-03-31": "-427.63450", "2018-12-31": "-251.83320", "2018-09-30": "-355.28420", "2018-06-30": "89.50860", "2018-03-31": "-228.15240", "2017-12-31": "-25.17540", "2017-09-30": "45.43640", "2017-06-30": "-146.45120", "2017-03-31": "-220.14310", "2016-12-31": "-85.83440", "2016-09-30": "-90.54660", "2016-06-30": "-116.95860", "2016-03-31": "-16.10680", "2015-12-31": "-74.58470", "2015-09-30": "0.69890", "2015-06-30": "-191.82300", "2015-03-31": "39.56120", "2014-12-31": "-191.73480", "2014-09-30": "60.45040", "2014-06-30": "-80.37040", "2014-03-31": "-184.11820", "2013-12-31": "-115.25070", "2013-09-30": "-10.71270", "2013-06-30": "-96.28790", "2013-03-31": "-196.07030", "2012-12-31": "-205.14980", "2012-09-30": "-178.68780", "2012-06-30": "-113.95030", "2012-03-31": "-211.33210", "2011-12-31": "-218.40060", "2011-09-30": "-78.83110", "2011-06-30": "-197.70350", "2011-03-31": "-299.73450", "2010-12-31": "-45.32590", "2010-09-30": "-16.41400", "2010-06-30": "4.38640", "2010-03-31": "-10.10320", "2009-12-31": "-14.08650", "2009-09-30": "-282.29490", "2009-06-30": "-234.67820", "2009-03-31": "-311.99670", "2008-12-31": "95.77820", "2008-09-30": "-161.20620", "2008-06-30": "-163.51160", "2008-03-31": "-209.52880", "2007-12-31": "56.83340", "2007-09-30": "-34.75080", "2007-06-30": "-42.45950", "2007-03-31": "-30.54600", "2006-12-31": "-57.45310", "2006-09-30": "-38.68540", "2006-06-30": "-104.96320", "2006-03-31": "-114.55500", "2005-12-31": "-330.65900", "2005-09-30": "-64.27630", "2005-06-30": "-92.64450", "2005-03-31": "-84.55110"}, "EBITDA Margin": {"2020-09-30": "", "2020-06-30": "", "2020-03-31": "", "2019-12-31": "", "2019-09-30": "", "2019-06-30": "", "2019-03-31": "", "2018-12-31": "", "2018-09-30": "", "2018-06-30": "", "2018-03-31": "", "2017-12-31": "", "2017-09-30": "", "2017-06-30": "", "2017-03-31": "", "2016-12-31": "", "2016-09-30": "", "2016-06-30": "", "2016-03-31": "", "2015-12-31": "", "2015-09-30": "", "2015-06-30": "", "2015-03-31": "", "2014-12-31": "", "2014-09-30": "", "2014-06-30": "", "2014-03-31": "", "2013-12-31": "", "2013-09-30": "", "2013-06-30": "", "2013-03-31": "", "2012-12-31": "", "2012-09-30": "", "2012-06-30": "", "2012-03-31": "", "2011-12-31": "", "2011-09-30": "", "2011-06-30": "", "2011-03-31": "", "2010-12-31": "", "2010-09-30": "", "2010-06-30": "", "2010-03-31": "", "2009-12-31": "", "2009-09-30": "", "2009-06-30": "", "2009-03-31": "", "2008-12-31": "", "2008-09-30": "", "2008-06-30": "", "2008-03-31": "", "2007-12-31": "", "2007-09-30": "", "2007-06-30": "", "2007-03-31": "", "2006-12-31": "", "2006-09-30": "", "2006-06-30": "", "2006-03-31": "", "2005-12-31": "", "2005-09-30": "", "2005-06-30": "", "2005-03-31": ""}, "Pre-Tax Profit Margin": {"2020-09-30": "-361.48570", "2020-06-30": "-163.48190", "2020-03-31": "-273.76460", "2019-12-31": "-330.41760", "2019-09-30": "-337.07300", "2019-06-30": "-472.60130", "2019-03-31": "-423.41090", "2018-12-31": "-251.21790", "2018-09-30": "-349.55330", "2018-06-30": "89.66900", "2018-03-31": "-251.26780", "2017-12-31": "-35.24190", "2017-09-30": "39.93580", "2017-06-30": "-172.80640", "2017-03-31": "-257.73610", "2016-12-31": "-111.49800", "2016-09-30": "-118.57390", "2016-06-30": "-147.93700", "2016-03-31": "-32.83010", "2015-12-31": "-137.41430", "2015-09-30": "-13.52920", "2015-06-30": "-231.64470", "2015-03-31": "31.28000", "2014-12-31": "-239.51000", "2014-09-30": "53.32470", "2014-06-30": "-113.77970", "2014-03-31": "-232.71460", "2013-12-31": "-147.76850", "2013-09-30": "-26.84330", "2013-06-30": "-125.63640", "2013-03-31": "-238.44120", "2012-12-31": "-250.44450", "2012-09-30": "-235.30850", "2012-06-30": "-144.36750", "2012-03-31": "-228.27460", "2011-12-31": "-233.03130", "2011-09-30": "-88.57690", "2011-06-30": "-209.57240", "2011-03-31": "-317.60340", "2010-12-31": "-49.24750", "2010-09-30": "-22.23600", "2010-06-30": "-1.14180", "2010-03-31": "-17.51660", "2009-12-31": "-19.09820", "2009-09-30": "-304.28450", "2009-06-30": "-248.49860", "2009-03-31": "-328.90530", "2008-12-31": "266.07410", "2008-09-30": "-171.47260", "2008-06-30": "-163.36450", "2008-03-31": "-202.54100", "2007-12-31": "60.58870", "2007-09-30": "-33.06050", "2007-06-30": "-41.35500", "2007-03-31": "-29.90380", "2006-12-31": "-54.39890", "2006-09-30": "-33.43570", "2006-06-30": "-104.33060", "2006-03-31": "-115.58070", "2005-12-31": "-329.60060", "2005-09-30": "-65.45360", "2005-06-30": "-94.26270", "2005-03-31": "-91.82640"}, "Net Profit Margin": {"2020-09-30": "-361.55560", "2020-06-30": "-163.77670", "2020-03-31": "-274.16010", "2019-12-31": "-331.23860", "2019-09-30": "-337.41190", "2019-06-30": "-473.02590", "2019-03-31": "-423.89630", "2018-12-31": "-246.60280", "2018-09-30": "-346.31150", "2018-06-30": "89.31180", "2018-03-31": "-251.96490", "2017-12-31": "-35.43250", "2017-09-30": "39.80370", "2017-06-30": "-173.09260", "2017-03-31": "-258.27400", "2016-12-31": "-112.68090", "2016-09-30": "-118.95640", "2016-06-30": "-148.32460", "2016-03-31": "-33.11370", "2015-12-31": "-137.50820", "2015-09-30": "-13.68260", "2015-06-30": "-232.36840", "2015-03-31": "31.08430", "2014-12-31": "-233.64880", "2014-09-30": "53.13800", "2014-06-30": "-114.46360", "2014-03-31": "-233.68060", "2013-12-31": "-153.01800", "2013-09-30": "-27.16020", "2013-06-30": "-126.24180", "2013-03-31": "-239.36270", "2012-12-31": "-250.28840", "2012-09-30": "-236.51420", "2012-06-30": "-144.76020", "2012-03-31": "-228.96540", "2011-12-31": "-237.58070", "2011-09-30": "-88.91680", "2011-06-30": "-209.91860", "2011-03-31": "-318.91320", "2010-12-31": "-49.83010", "2010-09-30": "-22.96900", "2010-06-30": "-1.21470", "2010-03-31": "-18.44330", "2009-12-31": "-19.67750", "2009-09-30": "-302.91500", "2009-06-30": "-246.91250", "2009-03-31": "-327.53580", "2008-12-31": "270.80730", "2008-09-30": "-172.75990", "2008-06-30": "-163.59490", "2008-03-31": "-203.60640", "2007-12-31": "59.35870", "2007-09-30": "-33.06050", "2007-06-30": "-41.73430", "2007-03-31": "-30.19790", "2006-12-31": "-55.58340", "2006-09-30": "-33.43570", "2006-06-30": "-104.33060", "2006-03-31": "-115.58070", "2005-12-31": "-329.18400", "2005-09-30": "-65.45360", "2005-06-30": "-94.26270", "2005-03-31": "-91.82640"}, "Asset Turnover": {"2020-09-30": "0.01990", "2020-06-30": "0.03060", "2020-03-31": "0.02680", "2019-12-31": "0.01710", "2019-09-30": "0.01400", "2019-06-30": "0.01110", "2019-03-31": "0.01300", "2018-12-31": "0.01850", "2018-09-30": "0.01230", "2018-06-30": "0.47020", "2018-03-31": "0.07650", "2017-12-31": "0.18760", "2017-09-30": "0.26270", "2017-06-30": "0.07270", "2017-03-31": "0.04680", "2016-12-31": "0.06580", "2016-09-30": "0.08550", "2016-06-30": "0.07080", "2016-03-31": "0.11970", "2015-12-31": "0.07900", "2015-09-30": "0.13350", "2015-06-30": "0.04960", "2015-03-31": "0.21790", "2014-12-31": "0.04430", "2014-09-30": "0.27860", "2014-06-30": "0.05960", "2014-03-31": "0.04060", "2013-12-31": "0.07170", "2013-09-30": "0.15900", "2013-06-30": "0.08200", "2013-03-31": "0.05140", "2012-12-31": "0.04250", "2012-09-30": "0.03400", "2012-06-30": "0.03540", "2012-03-31": "0.02580", "2011-12-31": "0.02600", "2011-09-30": "0.04180", "2011-06-30": "0.02580", "2011-03-31": "0.01600", "2010-12-31": "0.08690", "2010-09-30": "0.07550", "2010-06-30": "0.08020", "2010-03-31": "0.06060", "2009-12-31": "0.06780", "2009-09-30": "0.02260", "2009-06-30": "0.02750", "2009-03-31": "0.01920", "2008-12-31": "0.05060", "2008-09-30": "0.03770", "2008-06-30": "0.03350", "2008-03-31": "0.03110", "2007-12-31": "0.09070", "2007-09-30": "0.07630", "2007-06-30": "0.09370", "2007-03-31": "0.11910", "2006-12-31": "0.09100", "2006-09-30": "0.07420", "2006-06-30": "0.07280", "2006-03-31": "0.03440", "2005-12-31": "0.03830", "2005-09-30": "0.03840", "2005-06-30": "0.04110", "2005-03-31": "0.03990"}, "Inventory Turnover Ratio": {"2020-09-30": "0.43210", "2020-06-30": "0.45880", "2020-03-31": "0.26610", "2019-12-31": "0.47290", "2019-09-30": "0.35910", "2019-06-30": "0.38050", "2019-03-31": "0.46190", "2018-12-31": "0.65560", "2018-09-30": "0.35970", "2018-06-30": "0.46470", "2018-03-31": "0.62260", "2017-12-31": "0.90930", "2017-09-30": "0.41560", "2017-06-30": "0.81660", "2017-03-31": "0.47100", "2016-12-31": "0.59450", "2016-09-30": "0.65400", "2016-06-30": "0.75110", "2016-03-31": "0.78840", "2015-12-31": "0.73720", "2015-09-30": "0.65300", "2015-06-30": "1.04050", "2015-03-31": "0.67490", "2014-12-31": "0.48630", "2014-09-30": "0.78840", "2014-06-30": "0.36200", "2014-03-31": "0.61430", "2013-12-31": "0.66610", "2013-09-30": "0.85410", "2013-06-30": "0.24470", "2013-03-31": "0.63440", "2012-12-31": "0.39900", "2012-09-30": "0.43140", "2012-06-30": "0.48950", "2012-03-31": "0.61720", "2011-12-31": "0.43060", "2011-09-30": "0.47290", "2011-06-30": "0.83090", "2011-03-31": "0.27860", "2010-12-31": "1.40890", "2010-09-30": "0.54490", "2010-06-30": "0.50010", "2010-03-31": "0.49360", "2009-12-31": "1.36130", "2009-09-30": "0.68690", "2009-06-30": "1.02660", "2009-03-31": "0.42010", "2008-12-31": "1.09410", "2008-09-30": "0.54240", "2008-06-30": "0.68180", "2008-03-31": "1.13910", "2007-12-31": "1.97330", "2007-09-30": "1.59870", "2007-06-30": "2.29220", "2007-03-31": "3.37040", "2006-12-31": "2.80720", "2006-09-30": "1.97400", "2006-06-30": "2.26340", "2006-03-31": "0.27110", "2005-12-31": "0.59850", "2005-09-30": "0.69950", "2005-06-30": "0.63370", "2005-03-31": "0.70660"}, "Receiveable Turnover": {"2020-09-30": "0.69970", "2020-06-30": "1.03390", "2020-03-31": "1.20320", "2019-12-31": "0.92010", "2019-09-30": "0.70910", "2019-06-30": "0.62510", "2019-03-31": "0.65790", "2018-12-31": "0.92160", "2018-09-30": "0.86930", "2018-06-30": "30.80040", "2018-03-31": "2.43600", "2017-12-31": "19.03990", "2017-09-30": "46.14610", "2017-06-30": "8.40760", "2017-03-31": "15.80060", "2016-12-31": "2.38870", "2016-09-30": "2.55010", "2016-06-30": "1.17970", "2016-03-31": "1.48400", "2015-12-31": "1.97370", "2015-09-30": "20.21310", "2015-06-30": "6.15790", "2015-03-31": "37.71270", "2014-12-31": "5.42060", "2014-09-30": "2.88390", "2014-06-30": "9.35770", "2014-03-31": "10.65820", "2013-12-31": "13.97310", "2013-09-30": "13.36600", "2013-06-30": "5.60540", "2013-03-31": "6.30770", "2012-12-31": "3.64270", "2012-09-30": "4.70770", "2012-06-30": "2.08470", "2012-03-31": "1.66150", "2011-12-31": "3.19600", "2011-09-30": "2.09600", "2011-06-30": "2.04860", "2011-03-31": "5.23100", "2010-12-31": "1.80520", "2010-09-30": "6.82960", "2010-06-30": "4.50590", "2010-03-31": "4.31150", "2009-12-31": "8.12520", "2009-09-30": "1.61500", "2009-06-30": "1.53290", "2009-03-31": "1.67550", "2008-12-31": "2.54040", "2008-09-30": "2.51780", "2008-06-30": "1.69060", "2008-03-31": "1.42390", "2007-12-31": "3.03980", "2007-09-30": "1.53030", "2007-06-30": "1.32290", "2007-03-31": "1.31300", "2006-12-31": "1.48270", "2006-09-30": "1.84090", "2006-06-30": "1.34910", "2006-03-31": "1.66130", "2005-12-31": "2.63170", "2005-09-30": "2.49840", "2005-06-30": "2.73260", "2005-03-31": "4.49930"}, "Days Sales In Receivables": {"2020-09-30": "128.63350", "2020-06-30": "87.04830", "2020-03-31": "74.79860", "2019-12-31": "97.81410", "2019-09-30": "126.92350", "2019-06-30": "143.98070", "2019-03-31": "136.78900", "2018-12-31": "97.65410", "2018-09-30": "103.53470", "2018-06-30": "2.92200", "2018-03-31": "36.94650", "2017-12-31": "4.72690", "2017-09-30": "1.95030", "2017-06-30": "10.70460", "2017-03-31": "5.69600", "2016-12-31": "37.67740", "2016-09-30": "35.29310", "2016-06-30": "76.29180", "2016-03-31": "60.64550", "2015-12-31": "45.59890", "2015-09-30": "4.45260", "2015-06-30": "14.61540", "2015-03-31": "2.38650", "2014-12-31": "16.60340", "2014-09-30": "31.20820", "2014-06-30": "9.61770", "2014-03-31": "8.44420", "2013-12-31": "6.44100", "2013-09-30": "6.73350", "2013-06-30": "16.05610", "2013-03-31": "14.26840", "2012-12-31": "24.70680", "2012-09-30": "19.11740", "2012-06-30": "43.17220", "2012-03-31": "54.16850", "2011-12-31": "28.15990", "2011-09-30": "42.93850", "2011-06-30": "43.93280", "2011-03-31": "17.20510", "2010-12-31": "49.85610", "2010-09-30": "13.17790", "2010-06-30": "19.97370", "2010-03-31": "20.87460", "2009-12-31": "11.07670", "2009-09-30": "55.72730", "2009-06-30": "58.71340", "2009-03-31": "53.71640", "2008-12-31": "35.42800", "2008-09-30": "35.74560", "2008-06-30": "53.23420", "2008-03-31": "63.20530", "2007-12-31": "29.60680", "2007-09-30": "58.81380", "2007-06-30": "68.03420", "2007-03-31": "68.54280", "2006-12-31": "60.70210", "2006-09-30": "48.88820", "2006-06-30": "66.71210", "2006-03-31": "54.17590", "2005-12-31": "34.19790", "2005-09-30": "36.02330", "2005-06-30": "32.93590", "2005-03-31": "20.00320"}, "ROE - Return On Equity": {"2020-09-30": "-9.27310", "2020-06-30": "-6.36820", "2020-03-31": "-10.69490", "2019-12-31": "-7.98100", "2019-09-30": "-6.62220", "2019-06-30": "-7.08250", "2019-03-31": "-7.32360", "2018-12-31": "-5.71810", "2018-09-30": "-5.37080", "2018-06-30": "52.21740", "2018-03-31": "-164.35640", "2017-12-31": "-38.51390", "2017-09-30": "72.32610", "2017-06-30": "-1768.27000", "2017-03-31": "-142.72080", "2016-12-31": "-47.88550", "2016-09-30": "63.70230", "2016-06-30": "123.82600", "2016-03-31": "7088.54400", "2015-12-31": "-842.07500", "2015-09-30": "-21.00480", "2015-06-30": "-150.02460", "2015-03-31": "43.74880", "2014-12-31": "-125.73790", "2014-09-30": "149.52980", "2014-06-30": "92.29920", "2014-03-31": "471.00530", "2013-12-31": "53.01160", "2013-09-30": "32.92140", "2013-06-30": "105.42300", "2013-03-31": "2101.66100", "2012-12-31": "-112.56540", "2012-09-30": "-45.67930", "2012-06-30": "-25.91770", "2012-03-31": "-25.29250", "2011-12-31": "-18.95500", "2011-09-30": "-10.42820", "2011-06-30": "-14.47850", "2011-03-31": "-12.81260", "2010-12-31": "-24.90570", "2010-09-30": "-8.14520", "2010-06-30": "-0.47200", "2010-03-31": "-5.85180", "2009-12-31": "-7.49850", "2009-09-30": "-29.18660", "2009-06-30": "-24.55550", "2009-03-31": "-19.97000", "2008-12-31": "40.37880", "2008-09-30": "-34.09490", "2008-06-30": "-23.22530", "2008-03-31": "-23.15960", "2007-12-31": "18.20660", "2007-09-30": "-10.89510", "2007-06-30": "-14.58020", "2007-03-31": "-12.18910", "2006-12-31": "-17.11220", "2006-09-30": "-7.78920", "2006-06-30": "-23.68650", "2006-03-31": "-10.90950", "2005-12-31": "-33.11980", "2005-09-30": "-5.48140", "2005-06-30": "-6.38750", "2005-03-31": "-5.89290"}, "Return On Tangible Equity": {"2020-09-30": "-9.92120", "2020-06-30": "-6.78120", "2020-03-31": "-11.36550", "2019-12-31": "-8.44040", "2019-09-30": "-6.98090", "2019-06-30": "-7.44850", "2019-03-31": "-7.68340", "2018-12-31": "-5.98460", "2018-09-30": "-5.61050", "2018-06-30": "54.45670", "2018-03-31": "525.81020", "2017-12-31": "-298.63130", "2017-09-30": "794.55820", "2017-06-30": "81.88610", "2017-03-31": "201.14020", "2016-12-31": "-363.03440", "2016-09-30": "29.94310", "2016-06-30": "41.98890", "2016-03-31": "25.39600", "2015-12-31": "77.25910", "2015-09-30": "21.90510", "2015-06-30": "127.18470", "2015-03-31": "4206.50300", "2014-12-31": "113.72700", "2014-09-30": "-241.11270", "2014-06-30": "29.17640", "2014-03-31": "53.52910", "2013-12-31": "28.64050", "2013-09-30": "13.05160", "2013-06-30": "36.52110", "2013-03-31": "69.59340", "2012-12-31": "179.51370", "2012-09-30": "-231.25130", "2012-06-30": "-61.46140", "2012-03-31": "-47.79500", "2011-12-31": "-30.90840", "2011-09-30": "-15.59860", "2011-06-30": "-20.81590", "2011-03-31": "-17.60010", "2010-12-31": "-159.45220", "2010-09-30": "-28.61130", "2010-06-30": "-1.56530", "2010-03-31": "-21.69680", "2009-12-31": "-29.67600", "2009-09-30": "-104.62180", "2009-06-30": "-59.28060", "2009-03-31": "-38.42680", "2008-12-31": "67.55830", "2008-09-30": "-131.20090", "2008-06-30": "-52.92330", "2008-03-31": "-42.89980", "2007-12-31": "28.70570", "2007-09-30": "-20.79170", "2007-06-30": "-25.68720", "2007-03-31": "-19.93220", "2006-12-31": "-26.79600", "2006-09-30": "-11.99600", "2006-06-30": "-35.64050", "2006-03-31": "-15.46500", "2005-12-31": "-46.07330", "2005-09-30": "-7.90420", "2005-06-30": "-9.37260", "2005-03-31": "-8.47600"}, "ROA - Return On Assets": {"2020-09-30": "-7.19750", "2020-06-30": "-5.01610", "2020-03-31": "-7.34410", "2019-12-31": "-5.67240", "2019-09-30": "-4.72080", "2019-06-30": "-5.25260", "2019-03-31": "-5.52190", "2018-12-31": "-4.56760", "2018-09-30": "-4.27470", "2018-06-30": "41.99840", "2018-03-31": "-19.28220", "2017-12-31": "-6.64730", "2017-09-30": "10.45800", "2017-06-30": "-12.58170", "2017-03-31": "-12.08470", "2016-12-31": "-7.41800", "2016-09-30": "-10.16810", "2016-06-30": "-10.49520", "2016-03-31": "-3.96400", "2015-12-31": "-10.85690", "2015-09-30": "-1.82590", "2015-06-30": "-11.53070", "2015-03-31": "6.77470", "2014-12-31": "-10.34440", "2014-09-30": "14.80490", "2014-06-30": "-6.82590", "2014-03-31": "-9.48660", "2013-12-31": "-10.96800", "2013-09-30": "-4.31890", "2013-06-30": "-10.35540", "2013-03-31": "-12.29360", "2012-12-31": "-10.63220", "2012-09-30": "-8.04260", "2012-06-30": "-5.12910", "2012-03-31": "-5.91500", "2011-12-31": "-6.18170", "2011-09-30": "-3.71370", "2011-06-30": "-5.42310", "2011-03-31": "-5.11500", "2010-12-31": "-4.33210", "2010-09-30": "-1.73360", "2010-06-30": "-0.09740", "2010-03-31": "-1.11760", "2009-12-31": "-1.33380", "2009-09-30": "-6.84130", "2009-06-30": "-6.77990", "2009-03-31": "-6.28670", "2008-12-31": "13.69800", "2008-09-30": "-6.51670", "2008-06-30": "-5.47590", "2008-03-31": "-6.32230", "2007-12-31": "5.38430", "2007-09-30": "-2.52210", "2007-06-30": "-3.91060", "2007-03-31": "-3.59700", "2006-12-31": "-5.05810", "2006-09-30": "-2.48150", "2006-06-30": "-7.59610", "2006-03-31": "-3.97740", "2005-12-31": "-12.60710", "2005-09-30": "-2.51290", "2005-06-30": "-3.87750", "2005-03-31": "-3.66360"}, "ROI - Return On Investment": {"2020-09-30": "-9.27310", "2020-06-30": "-6.36820", "2020-03-31": "-10.69490", "2019-12-31": "-7.98100", "2019-09-30": "-5.67570", "2019-06-30": "-6.11010", "2019-03-31": "-6.36040", "2018-12-31": "-4.99930", "2018-09-30": "-4.72070", "2018-06-30": "46.11740", "2018-03-31": "-31.51820", "2017-12-31": "-10.15690", "2017-09-30": "18.50560", "2017-06-30": "-24.06600", "2017-03-31": "-22.00320", "2016-12-31": "-12.72630", "2016-09-30": "-24.37980", "2016-06-30": "-23.58550", "2016-03-31": "-7.95250", "2015-12-31": "-21.72420", "2015-09-30": "-20.31050", "2015-06-30": "-32.30730", "2015-03-31": "16.36260", "2014-12-31": "-27.60790", "2014-09-30": "39.76470", "2014-06-30": "-34.11590", "2014-03-31": "-37.79500", "2013-12-31": "-110.45980", "2013-09-30": "-19.75120", "2013-06-30": "-45.30690", "2013-03-31": "-41.35540", "2012-12-31": "-28.82290", "2012-09-30": "-18.71010", "2012-06-30": "-23.57040", "2012-03-31": "-23.30070", "2011-12-31": "-17.65360", "2011-09-30": "-9.78190", "2011-06-30": "-7.54650", "2011-03-31": "-7.02910", "2010-12-31": "-6.99870", "2010-09-30": "-2.56730", "2010-06-30": "-0.15100", "2010-03-31": "-1.81330", "2009-12-31": "-2.28370", "2009-09-30": "-9.10040", "2009-06-30": "-8.78200", "2009-03-31": "-8.06840", "2008-12-31": "18.04700", "2008-09-30": "-8.33590", "2008-06-30": "-6.95720", "2008-03-31": "-7.94880", "2007-12-31": "7.08480", "2007-09-30": "-3.66610", "2007-06-30": "-5.26000", "2007-03-31": "-4.70920", "2006-12-31": "-6.91590", "2006-09-30": "-3.00160", "2006-06-30": "-9.42190", "2006-03-31": "-4.72380", "2005-12-31": "-14.15010", "2005-09-30": "-2.72820", "2005-06-30": "-4.37020", "2005-03-31": "-4.09720"}, "Book Value Per Share": {"2020-09-30": "6.52740", "2020-06-30": "7.02560", "2020-03-31": "7.28890", "2019-12-31": "7.96230", "2019-09-30": "8.46890", "2019-06-30": "8.89980", "2019-03-31": "9.37570", "2018-12-31": "9.89790", "2018-09-30": "10.34410", "2018-06-30": "10.79030", "2018-03-31": "0.35890", "2017-12-31": "0.55060", "2017-09-30": "0.53620", "2017-06-30": "0.02170", "2017-03-31": "0.28920", "2016-12-31": "0.57520", "2016-09-30": "-0.49240", "2016-06-30": "-0.28730", "2016-03-31": "-0.00200", "2015-12-31": "0.04750", "2015-09-30": "0.29320", "2015-06-30": "0.26550", "2015-03-31": "0.58810", "2014-12-31": "0.27690", "2014-09-30": "0.36820", "2014-06-30": "-0.27780", "2014-03-31": "-0.07730", "2013-12-31": "-0.77170", "2013-09-30": "-0.43320", "2013-06-30": "-0.35050", "2013-03-31": "-0.02270", "2012-12-31": "0.40790", "2012-09-30": "0.82840", "2012-06-30": "1.15250", "2012-03-31": "1.41800", "2011-12-31": "1.72780", "2011-09-30": "2.01700", "2011-06-30": "2.19830", "2011-03-31": "2.46650", "2010-12-31": "0.95920", "2010-09-30": "1.13440", "2010-06-30": "1.16360", "2010-03-31": "1.11540", "2009-12-31": "1.09740", "2009-09-30": "1.13930", "2009-06-30": "1.41090", "2009-03-31": "1.72100", "2008-12-31": "2.05570", "2008-09-30": "1.17510", "2008-06-30": "1.55500", "2008-03-31": "1.90300", "2007-12-31": "2.32330", "2007-09-30": "1.85510", "2007-06-30": "2.05210", "2007-03-31": "2.29810", "2006-12-31": "2.48750", "2006-09-30": "2.79100", "2006-06-30": "2.94890", "2006-03-31": "3.43080", "2005-12-31": "3.72620", "2005-09-30": "4.95510", "2005-06-30": "4.94170", "2005-03-31": "5.22700"}, "Operating Cash Flow Per Share": {"2020-09-30": -0.2903, "2020-06-30": -0.4677, "2020-03-31": "-0.44060", "2019-12-31": -0.7183, "2019-09-30": -0.3876, "2019-06-30": -0.3071, "2019-03-31": "-0.46530", "2018-12-31": -0.8521, "2018-09-30": -0.137, "2018-06-30": 5.3026, "2018-03-31": "-0.32610", "2017-12-31": -0.5155, "2017-09-30": 0.5991, "2017-06-30": -0.3743, "2017-03-31": "-0.22490", "2016-12-31": -0.367, "2016-09-30": -0.1981, "2016-06-30": -0.0991, "2016-03-31": "-0.17410", "2015-12-31": -0.567, "2015-09-30": -0.1067, "2015-06-30": -0.3447, "2015-03-31": "0.46670", "2014-12-31": -0.2313, "2014-09-30": -0.3262, "2014-06-30": -0.0576, "2014-03-31": "-0.50420", "2013-12-31": 0.4629, "2013-09-30": -0.1688, "2013-06-30": -0.2965, "2013-03-31": "-0.33050", "2012-12-31": -0.4132, "2012-09-30": -0.2354, "2012-06-30": -0.1792, "2012-03-31": "-0.30230", "2011-12-31": -0.3819, "2011-09-30": -0.1902, "2011-06-30": -0.2982, "2011-03-31": "-0.13680", "2010-12-31": 0.2157, "2010-09-30": -0.2343, "2010-06-30": -0.2104, "2010-03-31": "-0.36490", "2009-12-31": 1.4032, "2009-09-30": -0.2069, "2009-06-30": -0.3097, "2009-03-31": "-0.45820", "2008-12-31": -0.3326, "2008-09-30": -0.2014, "2008-06-30": -0.3399, "2008-03-31": "-0.70370", "2007-12-31": 1.1624, "2007-09-30": 0.59, "2007-06-30": 0.1571, "2007-03-31": "-0.31710", "2006-12-31": -0.2911, "2006-09-30": 0.0552, "2006-06-30": -0.3613, "2006-03-31": "-0.43540", "2005-12-31": -0.1903, "2005-09-30": -0.2882, "2005-06-30": -0.2598, "2005-03-31": "-0.16960"}, "Free Cash Flow Per Share": {"2020-09-30": -0.3008, "2020-06-30": -0.4828, "2020-03-31": "-0.44570", "2019-12-31": -0.7396, "2019-09-30": -0.4175, "2019-06-30": -0.3736, "2019-03-31": "-0.49780", "2018-12-31": -0.8996, "2018-09-30": -0.1479, "2018-06-30": 5.3027, "2018-03-31": "-0.33220", "2017-12-31": -0.5328, "2017-09-30": 0.5951, "2017-06-30": -0.3884, "2017-03-31": "-0.25160", "2016-12-31": -0.3855, "2016-09-30": -0.2017, "2016-06-30": -0.1104, "2016-03-31": "-0.18650", "2015-12-31": -0.5858, "2015-09-30": -0.1377, "2015-06-30": -0.3717, "2015-03-31": "0.45890", "2014-12-31": -0.2638, "2014-09-30": -0.3314, "2014-06-30": -0.0619, "2014-03-31": "-0.54080", "2013-12-31": 0.4395, "2013-09-30": -0.1738, "2013-06-30": -0.3006, "2013-03-31": "-0.33330", "2012-12-31": -0.4554, "2012-09-30": -0.2577, "2012-06-30": -0.1937, "2012-03-31": "-0.31550", "2011-12-31": -0.3955, "2011-09-30": -0.2027, "2011-06-30": -0.3235, "2011-03-31": "-0.17150", "2010-12-31": 0.1166, "2010-09-30": -0.376, "2010-06-30": -0.2615, "2010-03-31": "-0.40730", "2009-12-31": 1.296, "2009-09-30": -0.2364, "2009-06-30": -0.341, "2009-03-31": "-0.51340", "2008-12-31": -0.3738, "2008-09-30": -0.2523, "2008-06-30": -0.3947, "2008-03-31": "-0.76090", "2007-12-31": 1.0306, "2007-09-30": 0.4929, "2007-06-30": 0.0897, "2007-03-31": "-0.37780", "2006-12-31": -0.3639, "2006-09-30": 0.0059, "2006-06-30": -0.4384, "2006-03-31": "-0.48700", "2005-12-31": -0.2687, "2005-09-30": -0.324, "2005-06-30": -0.3011, "2005-03-31": "-0.22300"}}, "revenue": {"Nektar Therapeutics Annual Revenue (Millions of US $)": {"2019": "$115", "2018": "$1,193", "2017": "$308", "2016": "$165", "2015": "$231", "2014": "$201", "2013": "$149", "2012": "$81", "2011": "$71", "2010": "$159", "2009": "$72", "2008": "$90", "2007": "$273", "2006": "$218", "2005": "$126"}, "Nektar Therapeutics Quarterly Revenue (Millions of US $)": {"2020-09-30": "$30", "2020-06-30": "$49", "2020-03-31": "$51", "2019-12-31": "$34", "2019-09-30": "$29", "2019-06-30": "$23", "2019-03-31": "$28", "2018-12-31": "$40", "2018-09-30": "$28", "2018-06-30": "$1,088", "2018-03-31": "$38", "2017-12-31": "$95", "2017-09-30": "$153", "2017-06-30": "$35", "2017-03-31": "$25", "2016-12-31": "$37", "2016-09-30": "$36", "2016-06-30": "$33", "2016-03-31": "$59", "2015-12-31": "$39", "2015-09-30": "$60", "2015-06-30": "$23", "2015-03-31": "$109", "2014-12-31": "$20", "2014-09-30": "$133", "2014-06-30": "$29", "2014-03-31": "$20", "2013-12-31": "$31", "2013-09-30": "$61", "2013-06-30": "$34", "2013-03-31": "$23", "2012-12-31": "$21", "2012-09-30": "$18", "2012-06-30": "$24", "2012-03-31": "$18", "2011-12-31": "$16", "2011-09-30": "$27", "2011-06-30": "$17", "2011-03-31": "$11", "2010-12-31": "$45", "2010-09-30": "$38", "2010-06-30": "$43", "2010-03-31": "$33", "2009-12-31": "$39", "2009-09-30": "$10", "2009-06-30": "$13", "2009-03-31": "$10", "2008-12-31": "$28", "2008-09-30": "$21", "2008-06-30": "$20", "2008-03-31": "$20", "2007-12-31": "$66", "2007-09-30": "$56", "2007-06-30": "$66", "2007-03-31": "$85", "2006-12-31": "$70", "2006-09-30": "$59", "2006-06-30": "$60", "2006-03-31": "$29", "2005-12-31": "$33", "2005-09-30": "$36", "2005-06-30": "$29", "2005-03-31": "$28"}}, "gross-profit": {"Nektar Therapeutics Annual Gross Profit (Millions of US $)": {"2019": "$93", "2018": "$1,169", "2017": "$277", "2016": "$135", "2015": "$197", "2014": "$172", "2013": "$110", "2012": "$51", "2011": "$50", "2010": "$133", "2009": "$41", "2008": "$55", "2007": "$126", "2006": "$100", "2005": "$90"}, "Nektar Therapeutics Quarterly Gross Profit (Millions of US $)": {"2020-09-30": "$24", "2020-06-30": "$43", "2020-03-31": "$47", "2019-12-31": "$28", "2019-09-30": "$24", "2019-06-30": "$18", "2019-03-31": "$23", "2018-12-31": "$32", "2018-09-30": "$23", "2018-06-30": "$1,082", "2018-03-31": "$31", "2017-12-31": "$86", "2017-09-30": "$147", "2017-06-30": "$26", "2017-03-31": "$19", "2016-12-31": "$31", "2016-09-30": "$29", "2016-06-30": "$25", "2016-03-31": "$50", "2015-12-31": "$31", "2015-09-30": "$53", "2015-06-30": "$12", "2015-03-31": "$100", "2014-12-31": "$13", "2014-09-30": "$124", "2014-06-30": "$23", "2014-03-31": "$12", "2013-12-31": "$22", "2013-09-30": "$48", "2013-06-30": "$29", "2013-03-31": "$11", "2012-12-31": "$14", "2012-09-30": "$11", "2012-06-30": "$16", "2012-03-31": "$9", "2011-12-31": "$10", "2011-09-30": "$22", "2011-06-30": "$9", "2011-03-31": "$8", "2010-12-31": "$35", "2010-09-30": "$32", "2010-06-30": "$38", "2010-03-31": "$29", "2009-12-31": "$30", "2009-09-30": "$4", "2009-06-30": "$3", "2009-03-31": "$4", "2008-12-31": "$18", "2008-09-30": "$16", "2008-06-30": "$13", "2008-03-31": "$7", "2007-12-31": "$42", "2007-09-30": "$29", "2007-06-30": "$26", "2007-03-31": "$28", "2006-12-31": "$29", "2006-09-30": "$27", "2006-06-30": "$23", "2006-03-31": "$20", "2005-12-31": "$22", "2005-09-30": "$27", "2005-06-30": "$20", "2005-03-31": "$21"}}, "operating-income": {"Nektar Therapeutics Annual Operating Income (Millions of US $)": {"2019": "$-440", "2018": "$688", "2017": "$-60", "2016": "$-113", "2015": "$-29", "2014": "$-16", "2013": "$-120", "2012": "$-141", "2011": "$-124", "2010": "$-28", "2009": "$-95", "2008": "$-83", "2007": "$-36", "2006": "$-159", "2005": "$-183"}, "Nektar Therapeutics Quarterly Operating Income (Millions of US $)": {"2020-09-30": "$-103", "2020-06-30": "$-78", "2020-03-31": "$-134", "2019-12-31": "$-110", "2019-09-30": "$-99", "2019-06-30": "$-111", "2019-03-31": "$-121", "2018-12-31": "$-100", "2018-09-30": "$-99", "2018-06-30": "$974", "2018-03-31": "$-87", "2017-12-31": "$-24", "2017-09-30": "$69", "2017-06-30": "$-51", "2017-03-31": "$-54", "2016-12-31": "$-32", "2016-09-30": "$-33", "2016-06-30": "$-38", "2016-03-31": "$-9", "2015-12-31": "$-29", "2015-09-30": "$0", "2015-06-30": "$-43", "2015-03-31": "$43", "2014-12-31": "$-37", "2014-09-30": "$80", "2014-06-30": "$-23", "2014-03-31": "$-36", "2013-12-31": "$-36", "2013-09-30": "$-7", "2013-06-30": "$-33", "2013-03-31": "$-45", "2012-12-31": "$-43", "2012-09-30": "$-33", "2012-06-30": "$-27", "2012-03-31": "$-38", "2011-12-31": "$-34", "2011-09-30": "$-21", "2011-06-30": "$-34", "2011-03-31": "$-34", "2010-12-31": "$-21", "2010-09-30": "$-6", "2010-06-30": "$2", "2010-03-31": "$-3", "2009-12-31": "$-5", "2009-09-30": "$-29", "2009-06-30": "$-30", "2009-03-31": "$-30", "2008-12-31": "$27", "2008-09-30": "$-35", "2008-06-30": "$-33", "2008-03-31": "$-42", "2007-12-31": "$37", "2007-09-30": "$-20", "2007-06-30": "$-28", "2007-03-31": "$-26", "2006-12-31": "$-40", "2006-09-30": "$-23", "2006-06-30": "$-63", "2006-03-31": "$-33", "2005-12-31": "$-109", "2005-09-30": "$-23", "2005-06-30": "$-26", "2005-03-31": "$-24"}}, "ebitda": {"Nektar Therapeutics Annual EBITDA (Millions of US $)": {"2019": "$-427", "2018": "$699", "2017": "$-45", "2016": "$-98", "2015": "$-17", "2014": "$-4", "2013": "$-106", "2012": "$-127", "2011": "$-109", "2010": "$-12", "2009": "$-80", "2008": "$-60", "2007": "$-7", "2006": "$-126", "2005": "$-158"}, "Nektar Therapeutics Quarterly EBITDA (Millions of US $)": {"2020-09-30": "$-99", "2020-06-30": "$-75", "2020-03-31": "$-129", "2019-12-31": "$-106", "2019-09-30": "$-89", "2019-06-30": "$-114", "2019-03-31": "$-118", "2018-12-31": "$-97", "2018-09-30": "$-96", "2018-06-30": "$976", "2018-03-31": "$-84", "2017-12-31": "$-21", "2017-09-30": "$73", "2017-06-30": "$-46", "2017-03-31": "$-50", "2016-12-31": "$-28", "2016-09-30": "$-29", "2016-06-30": "$-34", "2016-03-31": "$-6", "2015-12-31": "$-26", "2015-09-30": "$4", "2015-06-30": "$-41", "2015-03-31": "$46", "2014-12-31": "$-34", "2014-09-30": "$84", "2014-06-30": "$-20", "2014-03-31": "$-33", "2013-12-31": "$-33", "2013-09-30": "$-3", "2013-06-30": "$-29", "2013-03-31": "$-41", "2012-12-31": "$-40", "2012-09-30": "$-29", "2012-06-30": "$-24", "2012-03-31": "$-34", "2011-12-31": "$-31", "2011-09-30": "$-18", "2011-06-30": "$-30", "2011-03-31": "$-30", "2010-12-31": "$-16", "2010-09-30": "$-2", "2010-06-30": "$6", "2010-03-31": "$1", "2009-12-31": "$-2", "2009-09-30": "$-25", "2009-06-30": "$-27", "2009-03-31": "$-27", "2008-12-31": "$31", "2008-09-30": "$-28", "2008-06-30": "$-27", "2008-03-31": "$-36", "2007-12-31": "$44", "2007-09-30": "$-12", "2007-06-30": "$-21", "2007-03-31": "$-19", "2006-12-31": "$-32", "2006-09-30": "$-16", "2006-06-30": "$-53", "2006-03-31": "$-25", "2005-12-31": "$-102", "2005-09-30": "$-16", "2005-06-30": "$-21", "2005-03-31": "$-19"}}, "net-income": {"Nektar Therapeutics Annual Net Income (Millions of US $)": {"2019": "$-441", "2018": "$681", "2017": "$-97", "2016": "$-154", "2015": "$-81", "2014": "$-54", "2013": "$-162", "2012": "$-172", "2011": "$-134", "2010": "$-38", "2009": "$-103", "2008": "$-34", "2007": "$-33", "2006": "$-155", "2005": "$-185"}, "Nektar Therapeutics Quarterly Net Income (Millions of US $)": {"2020-09-30": "$-109", "2020-06-30": "$-80", "2020-03-31": "$-139", "2019-12-31": "$-112", "2019-09-30": "$-99", "2019-06-30": "$-110", "2019-03-31": "$-120", "2018-12-31": "$-98", "2018-09-30": "$-96", "2018-06-30": "$971", "2018-03-31": "$-96", "2017-12-31": "$-34", "2017-09-30": "$61", "2017-06-30": "$-60", "2017-03-31": "$-64", "2016-12-31": "$-42", "2016-09-30": "$-43", "2016-06-30": "$-49", "2016-03-31": "$-19", "2015-12-31": "$-54", "2015-09-30": "$-8", "2015-06-30": "$-53", "2015-03-31": "$34", "2014-12-31": "$-46", "2014-09-30": "$71", "2014-06-30": "$-33", "2014-03-31": "$-46", "2013-12-31": "$-48", "2013-09-30": "$-17", "2013-06-30": "$-43", "2013-03-31": "$-55", "2012-12-31": "$-53", "2012-09-30": "$-44", "2012-06-30": "$-34", "2012-03-31": "$-41", "2011-12-31": "$-37", "2011-09-30": "$-24", "2011-06-30": "$-36", "2011-03-31": "$-36", "2010-12-31": "$-23", "2010-09-30": "$-9", "2010-06-30": "$-1", "2010-03-31": "$-6", "2009-12-31": "$-8", "2009-09-30": "$-31", "2009-06-30": "$-32", "2009-03-31": "$-32", "2008-12-31": "$77", "2008-09-30": "$-37", "2008-06-30": "$-33", "2008-03-31": "$-41", "2007-12-31": "$39", "2007-09-30": "$-19", "2007-06-30": "$-28", "2007-03-31": "$-26", "2006-12-31": "$-39", "2006-09-30": "$-20", "2006-06-30": "$-63", "2006-03-31": "$-33", "2005-12-31": "$-108", "2005-09-30": "$-24", "2005-06-30": "$-27", "2005-03-31": "$-26"}}, "eps-earnings-per-share-diluted": {"Nektar Therapeutics Annual EPS": {"2019": "$-2.52", "2018": "$3.78", "2017": "$-0.62", "2016": "$-1.10", "2015": "$-0.61", "2014": "$-0.42", "2013": "$-1.40", "2012": "$-1.50", "2011": "$-1.19", "2010": "$-0.40", "2009": "$-1.11", "2008": "$-0.37", "2007": "$-0.36", "2006": "$-1.72", "2005": "$-2.15"}, "Nektar Therapeutics Quarterly EPS": {"2020-09-30": "$-0.61", "2020-06-30": "$-0.45", "2020-03-31": "$-0.78", "2019-12-31": "$-0.64", "2019-09-30": "$-0.56", "2019-06-30": "$-0.63", "2019-03-31": "$-0.69", "2018-12-31": "$-0.39", "2018-09-30": "$-0.56", "2018-06-30": "$5.33", "2018-03-31": "$-0.60", "2017-12-31": "$-0.18", "2017-09-30": "$0.37", "2017-06-30": "$-0.39", "2017-03-31": "$-0.42", "2016-12-31": "$-0.28", "2016-09-30": "$-0.32", "2016-06-30": "$-0.36", "2016-03-31": "$-0.14", "2015-12-31": "$-0.40", "2015-09-30": "$-0.06", "2015-06-30": "$-0.40", "2015-03-31": "$0.25", "2014-12-31": "$-0.32", "2014-09-30": "$0.53", "2014-06-30": "$-0.26", "2014-03-31": "$-0.37", "2013-12-31": "$-0.41", "2013-09-30": "$-0.14", "2013-06-30": "$-0.37", "2013-03-31": "$-0.48", "2012-12-31": "$-0.46", "2012-09-30": "$-0.38", "2012-06-30": "$-0.30", "2012-03-31": "$-0.36", "2011-12-31": "$-0.33", "2011-09-30": "$-0.21", "2011-06-30": "$-0.32", "2011-03-31": "$-0.33", "2010-12-31": "$-0.23", "2010-09-30": "$-0.09", "2010-06-30": "$-0.01", "2010-03-31": "$-0.07", "2009-12-31": "$-0.09", "2009-09-30": "$-0.33", "2009-06-30": "$-0.35", "2009-03-31": "$-0.34", "2008-12-31": "$0.83", "2008-09-30": "$-0.40", "2008-06-30": "$-0.36", "2008-03-31": "$-0.44", "2007-12-31": "$0.42", "2007-09-30": "$-0.20", "2007-06-30": "$-0.30", "2007-03-31": "$-0.28", "2006-12-31": "$-0.42", "2006-09-30": "$-0.22", "2006-06-30": "$-0.70", "2006-03-31": "$-0.38", "2005-12-31": "$-1.24", "2005-09-30": "$-0.28", "2005-06-30": "$-0.32", "2005-03-31": "$-0.31"}}, "shares-outstanding": {"Nektar Therapeutics Annual Shares Outstanding (Millions of Shares)": {"2019": "175", "2018": "180", "2017": "156", "2016": "140", "2015": "132", "2014": "127", "2013": "116", "2012": "115", "2011": "113", "2010": "94", "2009": "93", "2008": "92", "2007": "92", "2006": "90", "2005": "86"}, "Nektar Therapeutics Quarterly Shares Outstanding (Millions of Shares)": {"2020-09-30": "179", "2020-06-30": "178", "2020-03-31": "177", "2019-12-31": "175", "2019-09-30": "175", "2019-06-30": "175", "2019-03-31": "174", "2018-12-31": "180", "2018-09-30": "173", "2018-06-30": "182", "2018-03-31": "161", "2017-12-31": "156", "2017-09-30": "163", "2017-06-30": "155", "2017-03-31": "154", "2016-12-31": "140", "2016-09-30": "137", "2016-06-30": "136", "2016-03-31": "136", "2015-12-31": "132", "2015-09-30": "133", "2015-06-30": "132", "2015-03-31": "136", "2014-12-31": "127", "2014-09-30": "132", "2014-06-30": "127", "2014-03-31": "124", "2013-12-31": "116", "2013-09-30": "116", "2013-06-30": "116", "2013-03-31": "115", "2012-12-31": "115", "2012-09-30": "115", "2012-06-30": "115", "2012-03-31": "115", "2011-12-31": "113", "2011-09-30": "114", "2011-06-30": "114", "2011-03-31": "109", "2010-12-31": "94", "2010-09-30": "94", "2010-06-30": "94", "2010-03-31": "94", "2009-12-31": "93", "2009-09-30": "93", "2009-06-30": "93", "2009-03-31": "93", "2008-12-31": "92", "2008-09-30": "92", "2008-06-30": "92", "2008-03-31": "92", "2007-12-31": "92", "2007-09-30": "92", "2007-06-30": "92", "2007-03-31": "91", "2006-12-31": "90", "2006-09-30": "90", "2006-06-30": "90", "2006-03-31": "89", "2005-12-31": "86", "2005-09-30": "86", "2005-06-30": "85", "2005-03-31": "85"}}, "total-assets": {"Nektar Therapeutics Annual Total Assets (Millions of US $)": {"2019": "$1,977", "2018": "$2,150", "2017": "$509", "2016": "$569", "2015": "$499", "2014": "$442", "2013": "$435", "2012": "$498", "2011": "$607", "2010": "$521", "2009": "$576", "2008": "$561", "2007": "$725", "2006": "$768", "2005": "$859"}, "Nektar Therapeutics Quarterly Total Assets (Millions of US $)": {"2020-09-30": "$1,509", "2020-06-30": "$1,595", "2020-03-31": "$1,888", "2019-12-31": "$1,977", "2019-09-30": "$2,088", "2019-06-30": "$2,100", "2019-03-31": "$2,166", "2018-12-31": "$2,150", "2018-09-30": "$2,249", "2018-06-30": "$2,313", "2018-03-31": "$497", "2017-12-31": "$509", "2017-09-30": "$582", "2017-06-30": "$476", "2017-03-31": "$528", "2016-12-31": "$569", "2016-09-30": "$425", "2016-06-30": "$463", "2016-03-31": "$492", "2015-12-31": "$499", "2015-09-30": "$449", "2015-06-30": "$457", "2015-03-31": "$499", "2014-12-31": "$442", "2014-09-30": "$477", "2014-06-30": "$478", "2014-03-31": "$487", "2013-12-31": "$435", "2013-09-30": "$383", "2013-06-30": "$413", "2013-03-31": "$448", "2012-12-31": "$498", "2012-09-30": "$541", "2012-06-30": "$668", "2012-03-31": "$695", "2011-12-31": "$607", "2011-09-30": "$648", "2011-06-30": "$671", "2011-03-31": "$704", "2010-12-31": "$521", "2010-09-30": "$502", "2010-06-30": "$531", "2010-03-31": "$549", "2009-12-31": "$576", "2009-09-30": "$453", "2009-06-30": "$473", "2009-03-31": "$506", "2008-12-31": "$561", "2008-09-30": "$568", "2008-06-30": "$609", "2008-03-31": "$644", "2007-12-31": "$725", "2007-09-30": "$738", "2007-06-30": "$703", "2007-03-31": "$714", "2006-12-31": "$768", "2006-09-30": "$790", "2006-06-30": "$827", "2006-03-31": "$842", "2005-12-31": "$859", "2005-09-30": "$947", "2005-06-30": "$694", "2005-03-31": "$714"}}, "cash-on-hand": {"Nektar Therapeutics Annual Cash on Hand (Millions of US $)": {"2019": "$1,325", "2018": "$1,335", "2017": "$296", "2016": "$389", "2015": "$309", "2014": "$263", "2013": "$237", "2012": "$277", "2011": "$241", "2010": "$316", "2009": "$396", "2008": "$379", "2007": "$482", "2006": "$459", "2005": "$476"}, "Nektar Therapeutics Quarterly Cash on Hand (Millions of US $)": {"2020-09-30": "$956", "2020-06-30": "$1,038", "2020-03-31": "$1,346", "2019-12-31": "$1,325", "2019-09-30": "$1,496", "2019-06-30": "$1,515", "2019-03-31": "$1,389", "2018-12-31": "$1,335", "2018-09-30": "$1,420", "2018-06-30": "$1,824", "2018-03-31": "$297", "2017-12-31": "$296", "2017-09-30": "$353", "2017-06-30": "$266", "2017-03-31": "$359", "2016-12-31": "$389", "2016-09-30": "$254", "2016-06-30": "$275", "2016-03-31": "$288", "2015-12-31": "$309", "2015-09-30": "$268", "2015-06-30": "$280", "2015-03-31": "$326", "2014-12-31": "$263", "2014-09-30": "$262", "2014-06-30": "$276", "2014-03-31": "$284", "2013-12-31": "$237", "2013-09-30": "$184", "2013-06-30": "$202", "2013-03-31": "$236", "2012-12-31": "$277", "2012-09-30": "$319", "2012-06-30": "$433", "2012-03-31": "$382", "2011-12-31": "$241", "2011-09-30": "$266", "2011-06-30": "$363", "2011-03-31": "$519", "2010-12-31": "$316", "2010-09-30": "$303", "2010-06-30": "$338", "2010-03-31": "$362", "2009-12-31": "$396", "2009-09-30": "$276", "2009-06-30": "$294", "2009-03-31": "$325", "2008-12-31": "$379", "2008-09-30": "$345", "2008-06-30": "$374", "2008-03-31": "$413", "2007-12-31": "$482", "2007-09-30": "$453", "2007-06-30": "$407", "2007-03-31": "$398", "2006-12-31": "$459", "2006-09-30": "$482", "2006-06-30": "$476", "2006-03-31": "$480", "2005-12-31": "$476", "2005-09-30": "$620", "2005-06-30": "$379", "2005-03-31": "$401"}}, "long-term-debt": {"Nektar Therapeutics Annual Long Term Debt (Millions of US $)": {"2019": "$", "2018": "$247", "2017": "$245", "2016": "$243", "2015": "$243", "2014": "$129", "2013": "$133", "2012": "$137", "2011": "$15", "2010": "$232", "2009": "$234", "2008": "$235", "2007": "$337", "2006": "$335", "2005": "$438"}, "Nektar Therapeutics Quarterly Long Term Debt (Millions of US $)": {"2020-09-30": "", "2020-06-30": "", "2020-03-31": "", "2019-12-31": "", "2019-09-30": "$248", "2019-06-30": "$248", "2019-03-31": "$247", "2018-12-31": "$247", "2018-09-30": "$247", "2018-06-30": "$246", "2018-03-31": "$246", "2017-12-31": "$245", "2017-09-30": "$245", "2017-06-30": "$245", "2017-03-31": "$246", "2016-12-31": "$243", "2016-09-30": "$245", "2016-06-30": "$245", "2016-03-31": "$245", "2015-12-31": "$243", "2015-09-30": "$1", "2015-06-30": "$128", "2015-03-31": "$129", "2014-12-31": "$129", "2014-09-30": "$130", "2014-06-30": "$131", "2014-03-31": "$132", "2013-12-31": "$133", "2013-09-30": "$134", "2013-06-30": "$135", "2013-03-31": "$136", "2012-12-31": "$137", "2012-09-30": "$137", "2012-06-30": "$13", "2012-03-31": "$14", "2011-12-31": "$15", "2011-09-30": "$15", "2011-06-30": "$231", "2011-03-31": "$231", "2010-12-31": "$232", "2010-09-30": "$232", "2010-06-30": "$233", "2010-03-31": "$233", "2009-12-31": "$234", "2009-09-30": "$234", "2009-06-30": "$235", "2009-03-31": "$235", "2008-12-31": "$235", "2008-09-30": "$336", "2008-06-30": "$336", "2008-03-31": "$336", "2007-12-31": "$337", "2007-09-30": "$337", "2007-06-30": "$334", "2007-03-31": "$335", "2006-12-31": "$335", "2006-09-30": "$401", "2006-06-30": "$402", "2006-03-31": "$402", "2005-12-31": "$438", "2005-09-30": "$438", "2005-06-30": "$194", "2005-03-31": "$195"}}, "total-liabilities": {"Nektar Therapeutics Annual Total Liabilities (Millions of US $)": {"2019": "$572", "2018": "$433", "2017": "$421", "2016": "$481", "2015": "$492", "2014": "$405", "2013": "$524", "2012": "$451", "2011": "$409", "2010": "$431", "2009": "$473", "2008": "$370", "2007": "$511", "2006": "$541", "2005": "$532"}, "Nektar Therapeutics Quarterly Total Liabilities (Millions of US $)": {"2020-09-30": "$338", "2020-06-30": "$339", "2020-03-31": "$592", "2019-12-31": "$572", "2019-09-30": "$600", "2019-06-30": "$542", "2019-03-31": "$533", "2018-12-31": "$433", "2018-09-30": "$459", "2018-06-30": "$453", "2018-03-31": "$439", "2017-12-31": "$421", "2017-09-30": "$498", "2017-06-30": "$472", "2017-03-31": "$484", "2016-12-31": "$481", "2016-09-30": "$493", "2016-06-30": "$502", "2016-03-31": "$492", "2015-12-31": "$492", "2015-09-30": "$410", "2015-06-30": "$422", "2015-03-31": "$422", "2014-12-31": "$405", "2014-09-30": "$430", "2014-06-30": "$513", "2014-03-31": "$497", "2013-12-31": "$524", "2013-09-30": "$433", "2013-06-30": "$453", "2013-03-31": "$451", "2012-12-31": "$451", "2012-09-30": "$446", "2012-06-30": "$536", "2012-03-31": "$532", "2011-12-31": "$409", "2011-09-30": "$417", "2011-06-30": "$420", "2011-03-31": "$423", "2010-12-31": "$431", "2010-09-30": "$396", "2010-06-30": "$421", "2010-03-31": "$444", "2009-12-31": "$473", "2009-09-30": "$347", "2009-06-30": "$342", "2009-03-31": "$347", "2008-12-31": "$370", "2008-09-30": "$460", "2008-06-30": "$466", "2008-03-31": "$468", "2007-12-31": "$511", "2007-09-30": "$567", "2007-06-30": "$515", "2007-03-31": "$503", "2006-12-31": "$541", "2006-09-30": "$538", "2006-06-30": "$562", "2006-03-31": "$535", "2005-12-31": "$532", "2005-09-30": "$513", "2005-06-30": "$273", "2005-03-31": "$270"}}, "total-share-holder-equity": {"Nektar Therapeutics Annual Share Holder Equity (Millions of US $)": {"2019": "$1,405", "2018": "$1,718", "2017": "$88", "2016": "$88", "2015": "$6", "2014": "$36", "2013": "$-90", "2012": "$47", "2011": "$198", "2010": "$91", "2009": "$102", "2008": "$190", "2007": "$214", "2006": "$227", "2005": "$327"}, "Nektar Therapeutics Quarterly Share Holder Equity (Millions of US $)": {"2020-09-30": "$1,171", "2020-06-30": "$1,256", "2020-03-31": "$1,296", "2019-12-31": "$1,405", "2019-09-30": "$1,489", "2019-06-30": "$1,557", "2019-03-31": "$1,634", "2018-12-31": "$1,718", "2018-09-30": "$1,790", "2018-06-30": "$1,860", "2018-03-31": "$58", "2017-12-31": "$88", "2017-09-30": "$84", "2017-06-30": "$3", "2017-03-31": "$45", "2016-12-31": "$88", "2016-09-30": "$-68", "2016-06-30": "$-39", "2016-03-31": "$-0", "2015-12-31": "$6", "2015-09-30": "$39", "2015-06-30": "$35", "2015-03-31": "$77", "2014-12-31": "$36", "2014-09-30": "$47", "2014-06-30": "$-35", "2014-03-31": "$-10", "2013-12-31": "$-90", "2013-09-30": "$-50", "2013-06-30": "$-41", "2013-03-31": "$-3", "2012-12-31": "$47", "2012-09-30": "$95", "2012-06-30": "$132", "2012-03-31": "$162", "2011-12-31": "$198", "2011-09-30": "$231", "2011-06-30": "$251", "2011-03-31": "$281", "2010-12-31": "$91", "2010-09-30": "$107", "2010-06-30": "$110", "2010-03-31": "$105", "2009-12-31": "$102", "2009-09-30": "$106", "2009-06-30": "$131", "2009-03-31": "$159", "2008-12-31": "$190", "2008-09-30": "$109", "2008-06-30": "$144", "2008-03-31": "$176", "2007-12-31": "$214", "2007-09-30": "$171", "2007-06-30": "$189", "2007-03-31": "$211", "2006-12-31": "$227", "2006-09-30": "$252", "2006-06-30": "$265", "2006-03-31": "$307", "2005-12-31": "$327", "2005-09-30": "$434", "2005-06-30": "$421", "2005-03-31": "$444"}}, "profit-margins": {"current": "-269.05%"}, "gross margin": {"2020-09-30": "86.59%", "2020-06-30": "87.12%", "2020-03-31": "85.40%", "2019-12-31": "81.58%", "2019-09-30": "80.83%", "2019-06-30": "80.67%", "2019-03-31": "97.97%", "2018-12-31": "97.82%", "2018-09-30": "97.84%", "2018-06-30": "97.96%", "2018-03-31": "90.34%", "2017-12-31": "90.26%", "2017-09-30": "89.20%", "2017-06-30": "78.95%", "2017-03-31": "79.39%", "2016-12-31": "81.82%", "2016-09-30": "80.84%", "2016-06-30": "83.25%", "2016-03-31": "80.66%", "2015-12-31": "84.85%", "2015-09-30": "83.96%", "2015-06-30": "87.37%", "2015-03-31": "89.35%", "2014-12-31": "85.15%", "2014-09-30": "84.98%", "2014-06-30": "74.47%", "2014-03-31": "76.03%", "2013-12-31": "73.83%", "2013-09-30": "73.38%", "2013-06-30": "67.71%", "2013-03-31": "60.47%", "2012-12-31": "61.73%", "2012-09-30": "60.53%", "2012-06-30": "67.06%", "2012-03-31": "64.10%", "2011-12-31": "69.01%", "2011-09-30": "74.00%", "2011-06-30": "75.68%", "2011-03-31": "82.48%", "2010-12-31": "84.28%", "2010-09-30": "84.31%", "2010-06-30": "80.80%", "2010-03-31": "69.47%", "2009-12-31": "56.94%", "2009-09-30": "47.54%", "2009-06-30": "56.94%", "2009-03-31": "64.56%", "2008-12-31": "60.67%", "2008-09-30": "61.42%", "2008-06-30": "56.17%", "2008-03-31": "50.00%", "2007-12-31": "45.79%", "2007-09-30": "40.43%", "2007-06-30": "39.29%", "2007-03-31": "39.05%", "2006-12-31": "45.41%", "2006-09-30": "50.83%", "2006-06-30": "58.23%", "2006-03-31": "70.08%", "2005-12-31": "71.43%"}, "operating margin": {"2020-09-30": "-259.15%", "2020-06-30": "-258.28%", "2020-03-31": "-331.39%", "2019-12-31": "-386.84%", "2019-09-30": "-359.17%", "2019-06-30": "-362.18%", "2019-03-31": "55.24%", "2018-12-31": "57.62%", "2018-09-30": "61.17%", "2018-06-30": "67.83%", "2018-03-31": "-28.97%", "2017-12-31": "-19.48%", "2017-09-30": "-27.20%", "2017-06-30": "-127.82%", "2017-03-31": "-119.85%", "2016-12-31": "-67.88%", "2016-09-30": "-65.27%", "2016-06-30": "-39.79%", "2016-03-31": "-44.75%", "2015-12-31": "-12.55%", "2015-09-30": "-17.45%", "2015-06-30": "15.09%", "2015-03-31": "21.65%", "2014-12-31": "-7.92%", "2014-09-30": "-7.04%", "2014-06-30": "-72.34%", "2014-03-31": "-76.71%", "2013-12-31": "-81.21%", "2013-09-30": "-92.09%", "2013-06-30": "-160.42%", "2013-03-31": "-172.09%", "2012-12-31": "-174.07%", "2012-09-30": "-173.68%", "2012-06-30": "-141.18%", "2012-03-31": "-162.82%", "2011-12-31": "-173.24%", "2011-09-30": "-110.00%", "2011-06-30": "-85.59%", "2011-03-31": "-43.07%", "2010-12-31": "-17.61%", "2010-09-30": "-7.84%", "2010-06-30": "-28.00%", "2010-03-31": "-70.53%", "2009-12-31": "-130.56%", "2009-09-30": "-101.64%", "2009-06-30": "-94.44%", "2009-03-31": "-89.87%", "2008-12-31": "-93.26%", "2008-09-30": "-57.48%", "2008-06-30": "-35.80%", "2008-03-31": "-25.48%", "2007-12-31": "-13.55%", "2007-09-30": "-41.16%", "2007-06-30": "-41.79%", "2007-03-31": "-55.47%", "2006-12-31": "-72.94%", "2006-09-30": "-125.97%", "2006-06-30": "-144.30%", "2006-03-31": "-150.39%", "2005-12-31": "-144.44%"}, "ebitda margin": {"2020-09-30": "-249.39%", "2020-06-30": "-244.79%", "2020-03-31": "-319.71%", "2019-12-31": "-374.56%", "2019-09-30": "-348.33%", "2019-06-30": "-357.14%", "2019-03-31": "56.17%", "2018-12-31": "58.54%", "2018-09-30": "62.05%", "2018-06-30": "68.70%", "2018-03-31": "-24.30%", "2017-12-31": "-14.29%", "2017-09-30": "-20.40%", "2017-06-30": "-115.04%", "2017-03-31": "-107.63%", "2016-12-31": "-58.79%", "2016-09-30": "-56.89%", "2016-06-30": "-32.46%", "2016-03-31": "-38.12%", "2015-12-31": "-7.36%", "2015-09-30": "-11.79%", "2015-06-30": "19.30%", "2015-03-31": "26.12%", "2014-12-31": "-1.49%", "2014-09-30": "-0.94%", "2014-06-30": "-63.12%", "2014-03-31": "-67.12%", "2013-12-31": "-71.14%", "2013-09-30": "-81.29%", "2013-06-30": "-144.79%", "2013-03-31": "-155.81%", "2012-12-31": "-156.79%", "2012-09-30": "-155.26%", "2012-06-30": "-125.88%", "2012-03-31": "-144.87%", "2011-12-31": "-153.52%", "2011-09-30": "-94.00%", "2011-06-30": "-70.27%", "2011-03-31": "-30.66%", "2010-12-31": "-6.92%", "2010-09-30": "1.96%", "2010-06-30": "-16.00%", "2010-03-31": "-55.79%", "2009-12-31": "-112.50%", "2009-09-30": "-78.69%", "2009-06-30": "-70.83%", "2009-03-31": "-64.56%", "2008-12-31": "-67.42%", "2008-09-30": "-37.01%", "2008-06-30": "-19.14%", "2008-03-31": "-12.02%", "2007-12-31": "-2.93%", "2007-09-30": "-30.32%", "2007-06-30": "-31.43%", "2007-03-31": "-43.80%", "2006-12-31": "-57.80%", "2006-09-30": "-108.29%", "2006-06-30": "-124.05%", "2006-03-31": "-129.13%", "2005-12-31": "-125.40%"}, "pre tax profit margin": {"2020-09-30": "-267.68%", "2020-06-30": "-262.58%", "2020-03-31": "-334.31%", "2019-12-31": "-385.09%", "2019-09-30": "-355.83%", "2019-06-30": "-357.98%", "2019-03-31": "55.66%", "2018-12-31": "57.12%", "2018-09-30": "59.89%", "2018-06-30": "65.94%", "2018-03-31": "-40.19%", "2017-12-31": "-31.49%", "2017-09-30": "-42.00%", "2017-06-30": "-157.14%", "2017-03-31": "-150.38%", "2016-12-31": "-92.12%", "2016-09-30": "-98.20%", "2016-06-30": "-67.54%", "2016-03-31": "-73.48%", "2015-12-31": "-34.63%", "2015-09-30": "-34.43%", "2015-06-30": "2.11%", "2015-03-31": "8.93%", "2014-12-31": "-26.73%", "2014-09-30": "-24.88%", "2014-06-30": "-99.29%", "2014-03-31": "-103.42%", "2013-12-31": "-107.38%", "2013-09-30": "-120.14%", "2013-06-30": "-202.08%", "2013-03-31": "-215.12%", "2012-12-31": "-211.11%", "2012-09-30": "-203.95%", "2012-06-30": "-160.00%", "2012-03-31": "-176.92%", "2011-12-31": "-187.32%", "2011-09-30": "-118.00%", "2011-06-30": "-91.89%", "2011-03-31": "-48.18%", "2010-12-31": "-22.64%", "2010-09-30": "-13.73%", "2010-06-30": "-35.20%", "2010-03-31": "-80.00%", "2009-12-31": "-141.67%", "2009-09-30": "-32.79%", "2009-06-30": "-36.11%", "2009-03-31": "-34.18%", "2008-12-31": "-39.33%", "2008-09-30": "-55.12%", "2008-06-30": "-32.10%", "2008-03-31": "-22.12%", "2007-12-31": "-11.36%", "2007-09-30": "-39.35%", "2007-06-30": "-39.29%", "2007-03-31": "-53.28%", "2006-12-31": "-70.64%", "2006-09-30": "-123.76%", "2006-06-30": "-144.30%", "2006-03-31": "-151.18%", "2005-12-31": "-146.83%"}, "net profit margin": {"2020-09-30": "-268.29%", "2020-06-30": "-263.80%", "2020-03-31": "-335.77%", "2019-12-31": "-386.84%", "2019-09-30": "-355.83%", "2019-06-30": "-356.30%", "2019-03-31": "55.49%", "2018-12-31": "57.04%", "2018-09-30": "59.65%", "2018-06-30": "65.65%", "2018-03-31": "-40.19%", "2017-12-31": "-31.49%", "2017-09-30": "-42.00%", "2017-06-30": "-157.14%", "2017-03-31": "-151.15%", "2016-12-31": "-92.73%", "2016-09-30": "-98.80%", "2016-06-30": "-68.06%", "2016-03-31": "-74.03%", "2015-12-31": "-35.06%", "2015-09-30": "-34.43%", "2015-06-30": "2.11%", "2015-03-31": "8.93%", "2014-12-31": "-26.73%", "2014-09-30": "-26.29%", "2014-06-30": "-102.13%", "2014-03-31": "-105.48%", "2013-12-31": "-109.40%", "2013-09-30": "-120.86%", "2013-06-30": "-203.13%", "2013-03-31": "-216.28%", "2012-12-31": "-212.35%", "2012-09-30": "-205.26%", "2012-06-30": "-160.00%", "2012-03-31": "-176.92%", "2011-12-31": "-187.32%", "2011-09-30": "-119.00%", "2011-06-30": "-93.69%", "2011-03-31": "-50.36%", "2010-12-31": "-24.53%", "2010-09-30": "-15.69%", "2010-06-30": "-36.80%", "2010-03-31": "-81.05%", "2009-12-31": "-143.06%", "2009-09-30": "-29.51%", "2009-06-30": "-33.33%", "2009-03-31": "-31.65%", "2008-12-31": "-38.20%", "2008-09-30": "-56.69%", "2008-06-30": "-33.33%", "2008-03-31": "-23.56%", "2007-12-31": "-12.45%", "2007-09-30": "-40.43%", "2007-06-30": "-40.36%", "2007-03-31": "-54.01%", "2006-12-31": "-71.10%", "2006-09-30": "-123.76%", "2006-06-30": "-144.30%", "2006-03-31": "-151.18%", "2005-12-31": "-146.83%"}, "pe ratio": {"current": "0.00", "2021-02-05": "0.00", "2020-09-30": "0.00", "2020-06-30": "0.00", "2020-03-31": "0.00", "2019-12-31": "0.00", "2019-09-30": "0.00", "2019-06-30": "0.00", "2019-03-31": "9.55", "2018-12-31": "9.13", "2018-09-30": "15.39", "2018-06-30": "9.99", "2018-03-31": "0.00", "2017-12-31": "0.00", "2017-09-30": "0.00", "2017-06-30": "0.00", "2017-03-31": "0.00", "2016-12-31": "0.00", "2016-09-30": "0.00", "2016-06-30": "0.00", "2016-03-31": "0.00", "2015-12-31": "0.00", "2015-09-30": "0.00", "2015-06-30": "417.00", "2015-03-31": "64.71", "2014-12-31": "0.00", "2014-09-30": "0.00", "2014-06-30": "0.00", "2014-03-31": "0.00", "2013-12-31": "0.00", "2013-09-30": "0.00", "2013-06-30": "0.00", "2013-03-31": "0.00", "2012-12-31": "0.00", "2012-09-30": "0.00", "2012-06-30": "0.00", "2012-03-31": "0.00", "2011-12-31": "0.00", "2011-09-30": "0.00", "2011-06-30": "0.00", "2011-03-31": "0.00", "2010-12-31": "0.00", "2010-09-30": "0.00", "2010-06-30": "0.00", "2010-03-31": "0.00", "2009-12-31": "0.00", "2009-09-30": "0.00", "2009-06-30": "0.00", "2009-03-31": "0.00", "2008-12-31": "0.00", "2008-09-30": "0.00", "2008-06-30": "0.00", "2008-03-31": "0.00", "2007-12-31": "0.00", "2007-09-30": "0.00", "2007-06-30": "0.00", "2007-03-31": "0.00", "2006-12-31": "0.00"}, "price sales": {"2021-02-05": "21.92", "2020-09-30": "18.02", "2020-06-30": "25.19", "2020-03-31": "22.91", "2019-12-31": "32.90", "2019-09-30": "26.65", "2019-06-30": "52.50", "2019-03-31": "5.16", "2018-12-31": "4.99", "2018-09-30": "8.74", "2018-06-30": "6.30", "2018-03-31": "52.83", "2017-12-31": "30.85", "2017-09-30": "15.07", "2017-06-30": "21.32", "2017-03-31": "25.11", "2016-12-31": "10.16", "2016-09-30": "13.90", "2016-06-30": "10.00", "2016-03-31": "10.15", "2015-12-31": "9.78", "2015-09-30": "6.94", "2015-06-30": "5.86", "2015-03-31": "5.03", "2014-12-31": "10.04", "2014-09-30": "7.28", "2014-06-30": "10.87", "2014-03-31": "9.71", "2013-12-31": "8.81", "2013-09-30": "8.68", "2013-06-30": "13.80", "2013-03-31": "14.66", "2012-12-31": "10.47", "2012-09-30": "16.09", "2012-06-30": "10.91", "2012-03-31": "11.56", "2011-12-31": "8.85", "2011-09-30": "4.98", "2011-06-30": "6.38", "2011-03-31": "6.57", "2010-12-31": "7.60", "2010-09-30": "9.06", "2010-06-30": "9.04", "2010-03-31": "14.83", "2009-12-31": "12.01", "2009-09-30": "14.71", "2009-06-30": "8.26", "2009-03-31": "6.23", "2008-12-31": "5.70", "2008-09-30": "2.59", "2008-06-30": "1.90", "2008-03-31": "3.07", "2007-12-31": "2.26", "2007-09-30": "2.91", "2007-06-30": "3.08", "2007-03-31": "4.31", "2006-12-31": "6.27"}, "price book": {"current": "3.09", "2021-02-05": "3.09", "2020-09-30": "2.54", "2020-06-30": "3.30", "2020-03-31": "2.45", "2019-12-31": "2.71", "2019-09-30": "2.15", "2019-06-30": "4.00", "2019-03-31": "3.58", "2018-12-31": "3.32", "2018-09-30": "5.89", "2018-06-30": "4.53", "2018-03-31": "296.07", "2017-12-31": "108.46", "2017-09-30": "44.76", "2017-06-30": "900.92", "2017-03-31": "81.15", "2016-12-31": "21.33", "2016-09-30": "-34.89", "2016-06-30": "-49.53", "2016-03-31": "-6875.00", "2015-12-31": "354.74", "2015-09-30": "37.38", "2015-06-30": "47.12", "2015-03-31": "18.70", "2014-12-31": "55.98", "2014-09-30": "32.78", "2014-06-30": "-46.15", "2014-03-31": "-156.79", "2013-12-31": "-14.71", "2013-09-30": "-24.11", "2013-06-30": "-32.95", "2013-03-31": "-484.58", "2012-12-31": "18.17", "2012-09-30": "12.89", "2012-06-30": "7.00", "2012-03-31": "5.59", "2011-12-31": "3.24", "2011-09-30": "2.40", "2011-06-30": "3.31", "2011-03-31": "3.84", "2010-12-31": "13.40", "2010-09-30": "13.02", "2010-06-30": "10.40", "2010-03-31": "13.64", "2009-12-31": "8.49", "2009-09-30": "8.55", "2009-06-30": "4.59", "2009-03-31": "3.13", "2008-12-31": "2.70", "2008-09-30": "3.06", "2008-06-30": "2.15", "2008-03-31": "3.65", "2007-12-31": "2.89", "2007-09-30": "4.76", "2007-06-30": "4.62", "2007-03-31": "5.68", "2006-12-31": "6.11", "2006-09-30": "5.16", "2006-06-30": "6.22", "2006-03-31": "5.94"}, "price fcf": {"2021-02-05": "", "2020-09-30": "$-1.97", "2020-06-30": "$-2.09", "2020-03-31": "$-1.98", "2019-12-31": "$-2.03", "2019-09-30": "$-2.19", "2019-06-30": "$-1.92", "2019-03-31": "$3.76", "2018-12-31": "$3.92", "2018-09-30": "$4.29", "2018-06-30": "$5.03", "2018-03-31": "$-0.66", "2017-12-31": "$-0.58", "2017-09-30": "$-0.43", "2017-06-30": "$-1.23", "2017-03-31": "$-0.95", "2016-12-31": "$-0.88", "2016-09-30": "$-1.08", "2016-06-30": "$-1.02", "2016-03-31": "$-1.28", "2015-12-31": "$-0.64", "2015-09-30": "$-0.31", "2015-06-30": "$-0.51", "2015-03-31": "$-0.20", "2014-12-31": "$-1.20", "2014-09-30": "$-0.49", "2014-06-30": "$-0.34", "2014-03-31": "$-0.58", "2013-12-31": "$-0.37", "2013-09-30": "$-1.26", "2013-06-30": "$-1.35", "2013-03-31": "$-1.24", "2012-12-31": "$-1.22", "2012-09-30": "$-1.16", "2012-06-30": "$-1.11", "2012-03-31": "$-1.24", "2011-12-31": "$-1.09", "2011-09-30": "$-0.58", "2011-06-30": "$-0.75", "2011-03-31": "$-0.69", "2010-12-31": "$-0.93", "2010-09-30": "$0.25", "2010-06-30": "$0.39", "2010-03-31": "$0.31", "2009-12-31": "$0.21", "2009-09-30": "$-1.46", "2009-06-30": "$-1.48", "2009-03-31": "$-1.53", "2008-12-31": "$-1.78", "2008-09-30": "$-0.38", "2008-06-30": "$0.37", "2008-03-31": "$0.85", "2007-12-31": "$1.24", "2007-09-30": "$-0.16", "2007-06-30": "$-0.65", "2007-03-31": "$-1.17", "2006-12-31": "$-1.28"}, "net worth": {"value": "$3.62B"}, "current ratio": {"2020-09-30": "8.25", "2020-06-30": "9.29", "2020-03-31": "3.79", "2019-12-31": "4.02", "2019-09-30": "12.60", "2019-06-30": "14.09", "2019-03-31": "14.94", "2018-12-31": "17.53", "2018-09-30": "13.93", "2018-06-30": "19.67", "2018-03-31": "4.16", "2017-12-31": "5.82", "2017-09-30": "4.14", "2017-06-30": "3.97", "2017-03-31": "4.85", "2016-12-31": "5.90", "2016-09-30": "3.70", "2016-06-30": "4.02", "2016-03-31": "5.23", "2015-12-31": "5.72", "2015-09-30": "1.38", "2015-06-30": "3.73", "2015-03-31": "4.60", "2014-12-31": "4.50", "2014-09-30": "4.02", "2014-06-30": "3.54", "2014-03-31": "3.84", "2013-12-31": "2.63", "2013-09-30": "2.57", "2013-06-30": "2.60", "2013-03-31": "3.21", "2012-12-31": "4.01", "2012-09-30": "4.99", "2012-06-30": "1.69", "2012-03-31": "1.55", "2011-12-31": "1.00", "2011-09-30": "1.07", "2011-06-30": "6.35", "2011-03-31": "9.16", "2010-12-31": "5.52", "2010-09-30": "3.85", "2010-06-30": "3.39", "2010-03-31": "3.07", "2009-12-31": "2.70", "2009-09-30": "6.04", "2009-06-30": "7.02", "2009-03-31": "7.52", "2008-12-31": "5.94", "2008-09-30": "8.46", "2008-06-30": "6.98", "2008-03-31": "7.69", "2007-12-31": "5.34", "2007-09-30": "3.29", "2007-06-30": "3.98", "2007-03-31": "4.41", "2006-12-31": "3.23", "2006-09-30": "5.73", "2006-06-30": "4.99", "2006-03-31": "4.98", "2005-12-31": "7.47", "2005-09-30": "13.76", "2005-06-30": "7.54", "2005-03-31": "8.33"}, "quick ratio": {"2020-09-30": "8.15", "2020-06-30": "9.19", "2020-03-31": "3.75", "2019-12-31": "3.98", "2019-09-30": "12.49", "2019-06-30": "13.97", "2019-03-31": "14.83", "2018-12-31": "17.39", "2018-09-30": "13.80", "2018-06-30": "19.55", "2018-03-31": "4.03", "2017-12-31": "5.63", "2017-09-30": "3.99", "2017-06-30": "3.82", "2017-03-31": "4.69", "2016-12-31": "5.74", "2016-09-30": "3.56", "2016-06-30": "3.89", "2016-03-31": "5.06", "2015-12-31": "5.53", "2015-09-30": "1.33", "2015-06-30": "3.60", "2015-03-31": "4.44", "2014-12-31": "4.30", "2014-09-30": "3.88", "2014-06-30": "3.37", "2014-03-31": "3.68", "2013-12-31": "2.49", "2013-09-30": "2.38", "2013-06-30": "2.37", "2013-03-31": "2.99", "2012-12-31": "3.77", "2012-09-30": "4.75", "2012-06-30": "1.64", "2012-03-31": "1.50", "2011-12-31": "0.96", "2011-09-30": "1.03", "2011-06-30": "6.19", "2011-03-31": "8.96", "2010-12-31": "5.41", "2010-09-30": "3.71", "2010-06-30": "3.29", "2010-03-31": "3.00", "2009-12-31": "2.66", "2009-09-30": "5.86", "2009-06-30": "6.80", "2009-03-31": "7.23", "2008-12-31": "5.81", "2008-09-30": "8.25", "2008-06-30": "6.81", "2008-03-31": "7.50", "2007-12-31": "5.21", "2007-09-30": "3.18", "2007-06-30": "3.84", "2007-03-31": "4.26", "2006-12-31": "3.14", "2006-09-30": "5.57", "2006-06-30": "4.85", "2006-03-31": "4.68", "2005-12-31": "7.20", "2005-09-30": "13.49", "2005-06-30": "7.31", "2005-03-31": "8.12"}, "debt equity ratio": {"current": "0.00", "2020-09-30": "0.29", "2020-06-30": "0.27", "2020-03-31": "0.46", "2019-12-31": "0.41", "2019-09-30": "0.40", "2019-06-30": "0.35", "2019-03-31": "0.33", "2018-12-31": "0.25", "2018-09-30": "0.26", "2018-06-30": "0.24", "2018-03-31": "7.52", "2017-12-31": "4.79", "2017-09-30": "5.92", "2017-06-30": "139.54", "2017-03-31": "10.81", "2016-12-31": "5.46", "2016-09-30": "-7.27", "2016-06-30": "-12.80", "2016-03-31": "-1789.65", "2015-12-31": "76.56", "2015-09-30": "10.50", "2015-06-30": "12.01", "2015-03-31": "5.46", "2014-12-31": "11.16", "2014-09-30": "9.10", "2014-06-30": "-14.52", "2014-03-31": "-50.65", "2013-12-31": "-5.83", "2013-09-30": "-8.62", "2013-06-30": "-11.18", "2013-03-31": "-171.96", "2012-12-31": "9.59", "2012-09-30": "4.68", "2012-06-30": "4.05", "2012-03-31": "3.28", "2011-12-31": "2.07", "2011-09-30": "1.81", "2011-06-30": "1.67", "2011-03-31": "1.51", "2010-12-31": "4.75", "2010-09-30": "3.70", "2010-06-30": "3.85", "2010-03-31": "4.24", "2009-12-31": "4.62", "2009-09-30": "3.27", "2009-06-30": "2.62", "2009-03-31": "2.18", "2008-12-31": "1.95", "2008-09-30": "4.23", "2008-06-30": "3.24", "2008-03-31": "2.66", "2007-12-31": "2.38", "2007-09-30": "3.32", "2007-06-30": "2.73", "2007-03-31": "2.39", "2006-12-31": "2.38", "2006-09-30": "2.14", "2006-06-30": "2.12", "2006-03-31": "1.74", "2005-12-31": "1.63", "2005-09-30": "1.18", "2005-06-30": "0.65", "2005-03-31": "0.61"}, "return on equity": {"2020-09-30": "-34.32%", "2020-06-30": "-31.58%", "2020-03-31": "-32.02%", "2019-12-31": "-28.99%", "2019-09-30": "-26.70%", "2019-06-30": "-25.32%", "2019-03-31": "37.53%", "2018-12-31": "50.20%", "2018-09-30": "78.50%", "2018-06-30": "172.63%", "2018-03-31": "-221.46%", "2017-12-31": "-176.36%", "2017-09-30": "-190.91%", "2017-06-30": "-1229.41%", "2017-03-31": "-3046.15%", "2016-12-31": "3221.05%", "2016-09-30": "653.47%", "2016-06-30": "-8666.67%", "2016-03-31": "-670.00%", "2015-12-31": "-206.37%", "2015-09-30": "-156.15%", "2015-06-30": "12.31%", "2015-03-31": "83.20%", "2014-12-31": "-568.42%", "2014-09-30": "254.55%", "2014-06-30": "311.35%", "2014-03-31": "322.51%", "2013-12-31": "354.35%", "2013-09-30": "1429.79%", "2013-06-30": "-795.92%", "2013-03-31": "-274.54%", "2012-12-31": "-157.80%", "2012-09-30": "-106.30%", "2012-06-30": "-75.24%", "2012-03-31": "-65.56%", "2011-12-31": "-55.36%", "2011-09-30": "-55.74%", "2011-06-30": "-56.99%", "2011-03-31": "-46.86%", "2010-12-31": "-37.77%", "2010-09-30": "-22.64%", "2010-06-30": "-43.50%", "2010-03-31": "-69.37%", "2009-12-31": "-82.73%", "2009-09-30": "-12.29%", "2009-06-30": "-16.30%", "2009-03-31": "-16.61%", "2008-12-31": "-21.97%", "2008-09-30": "-44.79%", "2008-06-30": "-30.64%", "2008-03-31": "-26.13%", "2007-12-31": "-17.32%", "2007-09-30": "-56.14%", "2007-06-30": "-51.42%", "2007-03-31": "-61.99%", "2006-12-31": "-58.99%", "2006-09-30": "-77.85%", "2006-06-30": "-68.42%", "2006-03-31": "-51.58%", "2005-12-31": "-45.51%"}, "return on assets": {"2020-09-30": "-25.25%", "2020-06-30": "-22.79%", "2020-03-31": "-22.85%", "2019-12-31": "-21.17%", "2019-09-30": "-20.08%", "2019-06-30": "-19.57%", "2019-03-31": "29.60%", "2018-12-31": "37.79%", "2018-09-30": "53.52%", "2018-06-30": "92.49%", "2018-03-31": "-25.00%", "2017-12-31": "-18.52%", "2017-09-30": "-19.49%", "2017-06-30": "-41.84%", "2017-03-31": "-39.90%", "2016-12-31": "-31.40%", "2016-09-30": "-35.13%", "2016-06-30": "-27.33%", "2016-03-31": "-28.26%", "2015-12-31": "-17.02%", "2015-09-30": "-15.81%", "2015-06-30": "1.28%", "2015-03-31": "5.49%", "2014-12-31": "-11.46%", "2014-09-30": "-11.93%", "2014-06-30": "-32.31%", "2014-03-31": "-35.86%", "2013-12-31": "-38.83%", "2013-09-30": "-38.58%", "2013-06-30": "-41.05%", "2013-03-31": "-34.52%", "2012-12-31": "-28.64%", "2012-09-30": "-24.85%", "2012-06-30": "-20.78%", "2012-03-31": "-21.06%", "2011-12-31": "-20.23%", "2011-09-30": "-18.71%", "2011-06-30": "-17.35%", "2011-03-31": "-12.22%", "2010-12-31": "-7.42%", "2010-09-30": "-4.45%", "2010-06-30": "-8.72%", "2010-03-31": "-15.02%", "2009-12-31": "-20.52%", "2009-09-30": "-3.61%", "2009-06-30": "-4.55%", "2009-03-31": "-4.46%", "2008-12-31": "-5.71%", "2008-09-30": "-11.31%", "2008-06-30": "-7.95%", "2008-03-31": "-6.98%", "2007-12-31": "-4.72%", "2007-09-30": "-15.33%", "2007-06-30": "-15.19%", "2007-03-31": "-19.10%", "2006-12-31": "-19.21%", "2006-09-30": "-27.00%", "2006-06-30": "-26.24%", "2006-03-31": "-22.98%", "2005-12-31": "-23.02%"}, "return on investments": {"2020-09-30": "inf%", "2020-06-30": "-96.95%", "2020-03-31": "-51.27%", "2019-12-31": "-32.53%", "2019-09-30": "-23.34%", "2019-06-30": "-22.42%", "2019-03-31": "32.75%", "2018-12-31": "42.92%", "2018-09-30": "63.93%", "2018-06-30": "121.35%", "2018-03-31": "-30.62%", "2017-12-31": "-19.98%", "2017-09-30": "-22.67%", "2017-06-30": "-64.89%", "2017-03-31": "-62.49%", "2016-12-31": "-46.67%", "2016-09-30": "-49.71%", "2016-06-30": "-41.08%", "2016-03-31": "-46.48%", "2015-12-31": "-17.60%", "2015-09-30": "-25.74%", "2015-06-30": "24.12%", "2015-03-31": "39.01%", "2014-12-31": "-11.41%", "2014-09-30": "-13.67%", "2014-06-30": "-118.26%", "2014-03-31": "-130.61%", "2013-12-31": "-136.72%", "2013-09-30": "-103.43%", "2013-06-30": "-95.65%", "2013-03-31": "-85.18%", "2012-12-31": "-76.42%", "2012-09-30": "-68.93%", "2012-06-30": "-61.62%", "2012-03-31": "-45.52%", "2011-12-31": "-33.86%", "2011-09-30": "-28.13%", "2011-06-30": "-22.93%", "2011-03-31": "-15.56%", "2010-12-31": "-8.35%", "2010-09-30": "-3.54%", "2010-06-30": "-10.32%", "2010-03-31": "-19.43%", "2009-12-31": "-26.20%", "2009-09-30": "-16.27%", "2009-06-30": "-16.71%", "2009-03-31": "-16.29%", "2008-12-31": "-17.84%", "2008-09-30": "-14.70%", "2008-06-30": "-11.31%", "2008-03-31": "-10.12%", "2007-12-31": "-6.96%", "2007-09-30": "-21.33%", "2007-06-30": "-20.50%", "2007-03-31": "-25.05%", "2006-12-31": "-24.55%", "2006-09-30": "-32.64%", "2006-06-30": "-30.27%", "2006-03-31": "-25.79%", "2005-12-31": "-25.17%"}, "return on tangible equity": {"2020-09-30": "-36.49%", "2020-06-30": "-33.46%", "2020-03-31": "-33.81%", "2019-12-31": "-30.52%", "2019-09-30": "-28.04%", "2019-06-30": "-26.53%", "2019-03-31": "39.25%", "2018-12-31": "53.19%", "2018-09-30": "85.36%", "2018-06-30": "202.13%", "2018-03-31": "716.67%", "2017-12-31": "451.16%", "2017-09-30": "494.12%", "2017-06-30": "352.74%", "2017-03-31": "282.86%", "2016-12-31": "188.31%", "2016-09-30": "162.16%", "2016-06-30": "173.33%", "2016-03-31": "238.22%", "2015-12-31": "220.41%", "2015-09-30": "249.57%", "2015-06-30": "-22.02%", "2015-03-31": "-57.78%", "2014-12-31": "80.90%", "2014-09-30": "57.00%", "2014-06-30": "117.31%", "2014-03-31": "124.19%", "2013-12-31": "133.33%", "2013-09-30": "190.91%", "2013-06-30": "378.64%", "2013-03-31": "2254.55%", "2012-12-31": "-521.21%", "2012-09-30": "-221.28%", "2012-06-30": "-130.46%", "2012-03-31": "-102.99%", "2011-12-31": "-81.22%", "2011-09-30": "-86.86%", "2011-06-30": "-98.11%", "2011-03-31": "-97.87%", "2010-12-31": "-148.57%", "2010-09-30": "-82.05%", "2010-06-30": "-157.26%", "2010-03-31": "-223.19%", "2009-12-31": "-213.47%", "2009-09-30": "-25.62%", "2009-06-30": "-34.41%", "2009-03-31": "-34.72%", "2008-12-31": "-45.33%", "2008-09-30": "-89.44%", "2008-06-30": "-56.25%", "2008-03-31": "-45.79%", "2007-12-31": "-29.44%", "2007-09-30": "-95.12%", "2007-06-30": "-83.09%", "2007-03-31": "-96.57%", "2006-12-31": "-88.57%", "2006-09-30": "-113.42%", "2006-06-30": "-98.28%", "2006-03-31": "-73.92%", "2005-12-31": "-65.37%"}, "dividend yield history": {"last payout": "$0.00", "last yield": "0.00%"}}