{"ticker": "NEM", "price": {"title": "Newmont Historical Annual Stock Price Data", "value": 58.38, "historical": {"2021": {"Average Stock Price": "61.2896", "Year Open": "63.1500", "Year High": "65.2400", "Year Low": "57.6600", "Year Close": "58.3800", "Annual % Change": "-2.52%"}, "2020": {"Average Stock Price": "57.8758", "Year Open": "43.2200", "Year High": "70.3700", "Year Low": "39.5000", "Year Close": "59.8900", "Annual % Change": "37.84%"}, "2019": {"Average Stock Price": "36.4424", "Year Open": "34.4800", "Year High": "43.7500", "Year Low": "29.9300", "Year Close": "43.4500", "Annual % Change": "25.40%"}, "2018": {"Average Stock Price": "36.0415", "Year Open": "38.1600", "Year High": "41.9400", "Year Low": "29.6000", "Year Close": "34.6500", "Annual % Change": "-7.65%"}, "2017": {"Average Stock Price": "35.4272", "Year Open": "34.6300", "Year High": "39.6000", "Year Low": "31.8900", "Year Close": "37.5200", "Annual % Change": "10.13%"}, "2016": {"Average Stock Price": "33.0795", "Year Open": "18.4400", "Year High": "45.8600", "Year Low": "16.3100", "Year Close": "34.0700", "Annual % Change": "89.38%"}, "2015": {"Average Stock Price": "21.1225", "Year Open": "19.3400", "Year High": "27.6900", "Year Low": "15.5500", "Year Close": "17.9900", "Annual % Change": "-4.81%"}, "2014": {"Average Stock Price": "23.3758", "Year Open": "23.9600", "Year High": "27.0900", "Year Low": "17.7800", "Year Close": "18.9000", "Annual % Change": "-17.93%"}, "2013": {"Average Stock Price": "32.7394", "Year Open": "46.9000", "Year High": "46.9000", "Year Low": "22.4900", "Year Close": "23.0300", "Annual % Change": "-50.41%"}, "2012": {"Average Stock Price": "51.2768", "Year Open": "62.0800", "Year High": "64.0400", "Year Low": "43.3900", "Year Close": "46.4400", "Annual % Change": "-22.61%"}, "2011": {"Average Stock Price": "58.9504", "Year Open": "61.0900", "Year High": "72.1300", "Year Low": "50.3900", "Year Close": "60.0100", "Annual % Change": "-2.31%"}, "2010": {"Average Stock Price": "56.1941", "Year Open": "48.4500", "Year High": "64.9400", "Year Low": "42.8600", "Year Close": "61.4300", "Annual % Change": "29.85%"}, "2009": {"Average Stock Price": "43.4996", "Year Open": "40.3300", "Year High": "55.8300", "Year Low": "35.0300", "Year Close": "47.3100", "Annual % Change": "16.24%"}, "2008": {"Average Stock Price": "43.3870", "Year Open": "52.3900", "Year High": "56.2200", "Year Low": "21.5400", "Year Close": "40.7000", "Annual % Change": "-16.65%"}, "2007": {"Average Stock Price": "44.1407", "Year Open": "44.2000", "Year High": "54.5000", "Year Low": "38.5300", "Year Close": "48.8300", "Annual % Change": "8.15%"}, "2006": {"Average Stock Price": "50.7794", "Year Open": "57.1400", "Year High": "61.9500", "Year Low": "40.8300", "Year Close": "45.1500", "Annual % Change": "-15.45%"}, "2005": {"Average Stock Price": "42.2362", "Year Open": "42.3600", "Year High": "53.6900", "Year Low": "35.1000", "Year Close": "53.4000", "Annual % Change": "20.24%"}, "2004": {"Average Stock Price": "43.0408", "Year Open": "48.6400", "Year High": "49.7500", "Year Low": "35.4100", "Year Close": "44.4100", "Annual % Change": "-8.64%"}, "2003": {"Average Stock Price": "34.4973", "Year Open": "29.7000", "Year High": "50.0000", "Year Low": "24.3700", "Year Close": "48.6100", "Annual % Change": "67.45%"}, "2002": {"Average Stock Price": "26.1872", "Year Open": "19.0900", "Year High": "32.0000", "Year Low": "18.7000", "Year Close": "29.0300", "Annual % Change": "51.91%"}, "2001": {"Average Stock Price": "19.3535", "Year Open": "17.9400", "Year High": "24.8300", "Year Low": "14.0900", "Year Close": "19.1100", "Annual % Change": "12.02%"}, "2000": {"Average Stock Price": "19.9817", "Year Open": "24.0600", "Year High": "27.7500", "Year Low": "13.0000", "Year Close": "17.0600", "Annual % Change": "-30.37%"}, "1999": {"Average Stock Price": "20.4365", "Year Open": "17.8800", "Year High": "29.7500", "Year Low": "16.4400", "Year Close": "24.5000", "Annual % Change": "34.25%"}, "1998": {"Average Stock Price": "24.2453", "Year Open": "30.0000", "Year High": "34.6300", "Year Low": "13.6900", "Year Close": "18.2500", "Annual % Change": "-37.88%"}, "1997": {"Average Stock Price": "38.6031", "Year Open": "44.0000", "Year High": "47.5000", "Year Low": "27.0000", "Year Close": "29.3800", "Annual % Change": "-34.35%"}, "1996": {"Average Stock Price": "52.1099", "Year Open": "47.7500", "Year High": "59.8750", "Year Low": "44.3800", "Year Close": "44.7500", "Annual % Change": "-1.39%"}, "1995": {"Average Stock Price": "41.2925", "Year Open": "35.5000", "Year High": "46.0000", "Year Low": "33.2500", "Year Close": "45.3800", "Annual % Change": "26.06%"}, "1994": {"Average Stock Price": "41.2894", "Year Open": "47.7040", "Year High": "47.7040", "Year Low": "34.0000", "Year Close": "36.0000", "Annual % Change": "-21.92%"}, "1993": {"Average Stock Price": "38.5810", "Year Open": "32.4000", "Year High": "47.1040", "Year Low": "29.8000", "Year Close": "46.1040", "Annual % Change": "40.12%"}, "1992": {"Average Stock Price": "35.1718", "Year Open": "32.4000", "Year High": "42.4000", "Year Low": "28.9040", "Year Close": "32.9040", "Annual % Change": "1.86%"}, "1991": {"Average Stock Price": "30.3158", "Year Open": "32.0000", "Year High": "34.9040", "Year Low": "26.6000", "Year Close": "32.3040", "Annual % Change": "-1.22%"}, "1990": {"Average Stock Price": "35.6240", "Year Open": "38.1040", "Year High": "43.4000", "Year Low": "26.1040", "Year Close": "32.7040", "Annual % Change": "-13.94%"}, "1989": {"Average Stock Price": "31.8574", "Year Open": "25.6960", "Year High": "39.8000", "Year Low": "25.3040", "Year Close": "38.0000", "Annual % Change": "43.42%"}, "1988": {"Average Stock Price": "29.0971", "Year Open": "27.0000", "Year High": "37.3040", "Year Low": "24.6000", "Year Close": "26.4960", "Annual % Change": "-6.04%"}, "1987": {"Average Stock Price": "41.3326", "Year Open": "24.6000", "Year High": "80.9040", "Year Low": "22.2000", "Year Close": "28.2000", "Annual % Change": "14.63%"}, "1986": {"Average Stock Price": "20.8279", "Year Open": "18.7480", "Year High": "25.3000", "Year Low": "16.7520", "Year Close": "24.6000", "Annual % Change": "30.52%"}, "1985": {"Average Stock Price": "17.5394", "Year Open": "14.3520", "Year High": "19.4480", "Year Low": "14.3520", "Year Close": "18.8480", "Annual % Change": "31.33%"}, "1984": {"Average Stock Price": "16.7010", "Year Open": "20.2000", "Year High": "21.8000", "Year Low": "12.6000", "Year Close": "14.3520", "Annual % Change": "-29.30%"}}}, "market cap": {"value": "$48.21B"}, "income statement": {"Revenue": {"2019-12-31": "9740.00000", "2018-12-31": "7253.00000", "2017-12-31": "7379.00000", "2016-12-31": "6680.00000", "2015-12-31": "6085.00000", "2014-12-31": "6819.00000", "2013-12-31": "8414.00000", "2012-12-31": "9964.00000", "2011-12-31": "10358.00000", "2010-12-31": "9540.00000", "2009-12-31": "7705.00000", "2008-12-31": "6124.00000", "2007-12-31": "5465.00000", "2006-12-31": "4882.00000", "2005-12-31": "4265.00000"}, "Cost Of Goods Sold": {"2019-12-31": "5195.00000", "2018-12-31": "4093.00000", "2017-12-31": "4062.00000", "2016-12-31": "3738.00000", "2015-12-31": "3578.00000", "2014-12-31": "3919.00000", "2013-12-31": "5299.00000", "2012-12-31": "4334.00000", "2011-12-31": "3890.00000", "2010-12-31": "3484.00000", "2009-12-31": "3008.00000", "2008-12-31": "3038.00000", "2007-12-31": "2826.00000", "2006-12-31": "2335.00000", "2005-12-31": "2235.00000"}, "Gross Profit": {"2019-12-31": "4545.00000", "2018-12-31": "3160.00000", "2017-12-31": "3317.00000", "2016-12-31": "2942.00000", "2015-12-31": "2507.00000", "2014-12-31": "2900.00000", "2013-12-31": "3115.00000", "2012-12-31": "5630.00000", "2011-12-31": "6468.00000", "2010-12-31": "6056.00000", "2009-12-31": "4697.00000", "2008-12-31": "3086.00000", "2007-12-31": "2639.00000", "2006-12-31": "2547.00000", "2005-12-31": "2030.00000"}, "Research And Development Expenses": {"2019-12-31": "415.00000", "2018-12-31": "350.00000", "2017-12-31": "322.00000", "2016-12-31": "282.00000", "2015-12-31": "282.00000", "2014-12-31": "322.00000", "2013-12-31": "469.00000", "2012-12-31": "704.00000", "2011-12-31": "723.00000", "2010-12-31": "434.00000", "2009-12-31": "322.00000", "2008-12-31": "379.00000", "2007-12-31": "250.00000", "2006-12-31": "247.00000", "2005-12-31": "198.00000"}, "SG&A Expenses": {"2019-12-31": "313.00000", "2018-12-31": "244.00000", "2017-12-31": "237.00000", "2016-12-31": "233.00000", "2015-12-31": "241.00000", "2014-12-31": "237.00000", "2013-12-31": "203.00000", "2012-12-31": "212.00000", "2011-12-31": "198.00000", "2010-12-31": "178.00000", "2009-12-31": "159.00000", "2008-12-31": "144.00000", "2007-12-31": "142.00000", "2006-12-31": "136.00000", "2005-12-31": "120.00000"}, "Other Operating Income Or Expenses": {"2019-12-31": "-580.00000", "2018-12-31": "-561.00000", "2017-12-31": "-238.00000", "2016-12-31": "-1230.00000", "2015-12-31": "-425.00000", "2014-12-31": "-260.00000", "2013-12-31": "-4733.00000", "2012-12-31": "-597.00000", "2011-12-31": "-2469.00000", "2010-12-31": "-332.00000", "2009-12-31": "-424.00000", "2008-12-31": "-519.00000", "2007-12-31": "-784.00000", "2006-12-31": "-254.00000", "2005-12-31": "-167.00000"}, "Operating Expenses": {"2019-12-31": "8463.00000", "2018-12-31": "6463.00000", "2017-12-31": "6120.00000", "2016-12-31": "6696.00000", "2015-12-31": "5628.00000", "2014-12-31": "5826.00000", "2013-12-31": "12066.00000", "2012-12-31": "6879.00000", "2011-12-31": "8316.00000", "2010-12-31": "5373.00000", "2009-12-31": "4719.00000", "2008-12-31": "4818.00000", "2007-12-31": "5836.00000", "2006-12-31": "3588.00000", "2005-12-31": "3350.00000"}, "Operating Income": {"2019-12-31": "1277.00000", "2018-12-31": "790.00000", "2017-12-31": "1259.00000", "2016-12-31": "-16.00000", "2015-12-31": "457.00000", "2014-12-31": "993.00000", "2013-12-31": "-3652.00000", "2012-12-31": "3085.00000", "2011-12-31": "2042.00000", "2010-12-31": "4167.00000", "2009-12-31": "2986.00000", "2008-12-31": "1306.00000", "2007-12-31": "-371.00000", "2006-12-31": "1294.00000", "2005-12-31": "915.00000"}, "Total Non-Operating Income/Expense": {"2019-12-31": "2416.00000", "2018-12-31": "-52.00000", "2017-12-31": "-187.00000", "2016-12-31": "-204.00000", "2015-12-31": "-162.00000", "2014-12-31": "-172.00000", "2013-12-31": "46.00000", "2012-12-31": "29.00000", "2011-12-31": "-232.00000", "2010-12-31": "-170.00000", "2009-12-31": "-32.00000", "2008-12-31": "-12.00000", "2007-12-31": "-18.00000", "2006-12-31": "-44.00000", "2005-12-31": "9.00000"}, "Pre-Tax Income": {"2019-12-31": "3693.00000", "2018-12-31": "738.00000", "2017-12-31": "1072.00000", "2016-12-31": "-220.00000", "2015-12-31": "295.00000", "2014-12-31": "821.00000", "2013-12-31": "-3606.00000", "2012-12-31": "3114.00000", "2011-12-31": "1810.00000", "2010-12-31": "3997.00000", "2009-12-31": "2954.00000", "2008-12-31": "1294.00000", "2007-12-31": "-389.00000", "2006-12-31": "1250.00000", "2005-12-31": "924.00000"}, "Income Taxes": {"2019-12-31": "832.00000", "2018-12-31": "386.00000", "2017-12-31": "1127.00000", "2016-12-31": "579.00000", "2015-12-31": "391.00000", "2014-12-31": "204.00000", "2013-12-31": "-755.00000", "2012-12-31": "876.00000", "2011-12-31": "713.00000", "2010-12-31": "856.00000", "2009-12-31": "829.00000", "2008-12-31": "142.00000", "2007-12-31": "190.00000", "2006-12-31": "326.00000", "2005-12-31": "270.00000"}, "Income After Taxes": {"2019-12-31": "2861.00000", "2018-12-31": "352.00000", "2017-12-31": "-55.00000", "2016-12-31": "-799.00000", "2015-12-31": "-96.00000", "2014-12-31": "617.00000", "2013-12-31": "-2851.00000", "2012-12-31": "2238.00000", "2011-12-31": "1097.00000", "2010-12-31": "3141.00000", "2009-12-31": "2125.00000", "2008-12-31": "1152.00000", "2007-12-31": "-579.00000", "2006-12-31": "924.00000", "2005-12-31": "654.00000"}, "Other Income": {"2019-12-31": "", "2018-12-31": "", "2017-12-31": "", "2016-12-31": "", "2015-12-31": "", "2014-12-31": "", "2013-12-31": "", "2012-12-31": "", "2011-12-31": "", "2010-12-31": "", "2009-12-31": "", "2008-12-31": "", "2007-12-31": "", "2006-12-31": "", "2005-12-31": ""}, "Income From Continuous Operations": {"2019-12-31": "2956.00000", "2018-12-31": "319.00000", "2017-12-31": "-71.00000", "2016-12-31": "-812.00000", "2015-12-31": "-141.00000", "2014-12-31": "613.00000", "2013-12-31": "-2856.00000", "2012-12-31": "2187.00000", "2011-12-31": "1108.00000", "2010-12-31": "3144.00000", "2009-12-31": "2109.00000", "2008-12-31": "1147.00000", "2007-12-31": "-580.00000", "2006-12-31": "563.00000", "2005-12-31": "278.00000"}, "Income From Discontinued Operations": {"2019-12-31": "-72.00000", "2018-12-31": "61.00000", "2017-12-31": "-38.00000", "2016-12-31": "-131.00000", "2015-12-31": "445.00000", "2014-12-31": "-284.00000", "2013-12-31": "61.00000", "2012-12-31": "-76.00000", "2011-12-31": "-136.00000", "2010-12-31": "-28.00000", "2009-12-31": "-16.00000", "2008-12-31": "13.00000", "2007-12-31": "-905.00000", "2006-12-31": "228.00000", "2005-12-31": "44.00000"}, "Net Income": {"2019-12-31": "2805.00000", "2018-12-31": "341.00000", "2017-12-31": "-114.00000", "2016-12-31": "-629.00000", "2015-12-31": "220.00000", "2014-12-31": "508.00000", "2013-12-31": "-2534.00000", "2012-12-31": "1802.00000", "2011-12-31": "366.00000", "2010-12-31": "2277.00000", "2009-12-31": "1297.00000", "2008-12-31": "831.00000", "2007-12-31": "-1895.00000", "2006-12-31": "791.00000", "2005-12-31": "322.00000"}, "EBITDA": {"2019-12-31": "3237.00000", "2018-12-31": "2005.00000", "2017-12-31": "2520.00000", "2016-12-31": "1197.00000", "2015-12-31": "1674.00000", "2014-12-31": "2102.00000", "2013-12-31": "-2290.00000", "2012-12-31": "4117.00000", "2011-12-31": "3078.00000", "2010-12-31": "5112.00000", "2009-12-31": "3792.00000", "2008-12-31": "2044.00000", "2007-12-31": "1471.00000", "2006-12-31": "1913.00000", "2005-12-31": "1516.00000"}, "EBIT": {"2019-12-31": "1277.00000", "2018-12-31": "790.00000", "2017-12-31": "1259.00000", "2016-12-31": "-16.00000", "2015-12-31": "457.00000", "2014-12-31": "993.00000", "2013-12-31": "-3652.00000", "2012-12-31": "3085.00000", "2011-12-31": "2042.00000", "2010-12-31": "4167.00000", "2009-12-31": "2986.00000", "2008-12-31": "1306.00000", "2007-12-31": "-371.00000", "2006-12-31": "1294.00000", "2005-12-31": "915.00000"}, "Basic Shares Outstanding": {"2019-12-31": "735.00000", "2018-12-31": "533.00000", "2017-12-31": "533.00000", "2016-12-31": "530.00000", "2015-12-31": "516.00000", "2014-12-31": "499.00000", "2013-12-31": "498.00000", "2012-12-31": "496.00000", "2011-12-31": "494.00000", "2010-12-31": "492.00000", "2009-12-31": "487.00000", "2008-12-31": "454.00000", "2007-12-31": "452.00000", "2006-12-31": "450.00000", "2005-12-31": "446.00000"}, "Shares Outstanding": {"2019-12-31": "737.00000", "2018-12-31": "535.00000", "2017-12-31": "535.00000", "2016-12-31": "532.00000", "2015-12-31": "516.00000", "2014-12-31": "499.00000", "2013-12-31": "498.00000", "2012-12-31": "499.00000", "2011-12-31": "504.00000", "2010-12-31": "500.00000", "2009-12-31": "487.00000", "2008-12-31": "455.00000", "2007-12-31": "452.00000", "2006-12-31": "452.00000", "2005-12-31": "449.00000"}, "Basic EPS": {"2019-12-31": "3.82000", "2018-12-31": "0.64000", "2017-12-31": "-0.21000", "2016-12-31": "-1.19000", "2015-12-31": "0.43000", "2014-12-31": "1.02000", "2013-12-31": "-5.09000", "2012-12-31": "3.64000", "2011-12-31": "0.74000", "2010-12-31": "4.63000", "2009-12-31": "2.66000", "2008-12-31": "1.83000", "2007-12-31": "-4.19000", "2006-12-31": "1.76000", "2005-12-31": "0.72000"}, "EPS - Earnings Per Share": {"2019-12-31": "3.81000", "2018-12-31": "0.64000", "2017-12-31": "-0.21000", "2016-12-31": "-1.18000", "2015-12-31": "0.43000", "2014-12-31": "1.02000", "2013-12-31": "-5.09000", "2012-12-31": "3.61000", "2011-12-31": "0.73000", "2010-12-31": "4.55000", "2009-12-31": "2.66000", "2008-12-31": "1.83000", "2007-12-31": "-4.19000", "2006-12-31": "1.75000", "2005-12-31": "0.72000"}}, "income statement, quarterly": {"Revenue": {"2020-09-30": "3170.00000", "2020-06-30": "2365.00000", "2020-03-31": "2581.00000", "2019-12-31": "2967.00000", "2019-09-30": "2713.00000", "2019-06-30": "2257.00000", "2019-03-31": "1803.00000", "2018-12-31": "2048.00000", "2018-09-30": "1726.00000", "2018-06-30": "1662.00000", "2018-03-31": "1817.00000", "2017-12-31": "1935.00000", "2017-09-30": "1879.00000", "2017-06-30": "1875.00000", "2017-03-31": "1690.00000", "2016-12-31": "1758.00000", "2016-09-30": "1791.00000", "2016-06-30": "1669.00000", "2016-03-31": "1462.00000", "2015-12-31": "645.00000", "2015-09-30": "1560.00000", "2015-06-30": "1908.00000", "2015-03-31": "1972.00000", "2014-12-31": "1544.00000", "2014-09-30": "1746.00000", "2014-06-30": "1765.00000", "2014-03-31": "1764.00000", "2013-12-31": "2188.00000", "2013-09-30": "2020.00000", "2013-06-30": "2018.00000", "2013-03-31": "2188.00000", "2012-12-31": "2572.00000", "2012-09-30": "2480.00000", "2012-06-30": "2229.00000", "2012-03-31": "2683.00000", "2011-12-31": "2765.00000", "2011-09-30": "2744.00000", "2011-06-30": "2384.00000", "2011-03-31": "2465.00000", "2010-12-31": "2548.00000", "2010-09-30": "2597.00000", "2010-06-30": "2153.00000", "2010-03-31": "2242.00000", "2009-12-31": "2518.00000", "2009-09-30": "2049.00000", "2009-06-30": "1602.00000", "2009-03-31": "1536.00000", "2008-12-31": "1307.00000", "2008-09-30": "1371.00000", "2008-06-30": "1503.00000", "2008-03-31": "1943.00000", "2007-12-31": "1349.00000", "2007-09-30": "1616.00000", "2007-06-30": "1276.00000", "2007-03-31": "1224.00000", "2006-12-31": "1355.00000", "2006-09-30": "1102.00000", "2006-06-30": "1293.00000", "2006-03-31": "1132.00000", "2005-12-31": "1178.00000", "2005-09-30": "1145.00000", "2005-06-30": "997.00000", "2005-03-31": "945.00000"}, "Cost Of Goods Sold": {"2020-09-30": "1269.00000", "2020-06-30": "1058.00000", "2020-03-31": "1332.00000", "2019-12-31": "1459.00000", "2019-09-30": "1392.00000", "2019-06-30": "1366.00000", "2019-03-31": "978.00000", "2018-12-31": "1104.00000", "2018-09-30": "995.00000", "2018-06-30": "965.00000", "2018-03-31": "1029.00000", "2017-12-31": "1053.00000", "2017-09-30": "1053.00000", "2017-06-30": "999.00000", "2017-03-31": "957.00000", "2016-12-31": "1002.00000", "2016-09-30": "983.00000", "2016-06-30": "902.00000", "2016-03-31": "851.00000", "2015-12-31": "599.00000", "2015-09-30": "925.00000", "2015-06-30": "1027.00000", "2015-03-31": "1027.00000", "2014-12-31": "591.00000", "2014-09-30": "1185.00000", "2014-06-30": "1060.00000", "2014-03-31": "1083.00000", "2013-12-31": "1482.00000", "2013-09-30": "1078.00000", "2013-06-30": "1682.00000", "2013-03-31": "1057.00000", "2012-12-31": "1227.00000", "2012-09-30": "1088.00000", "2012-06-30": "1002.00000", "2012-03-31": "1017.00000", "2011-12-31": "1025.00000", "2011-09-30": "1008.00000", "2011-06-30": "917.00000", "2011-03-31": "940.00000", "2010-12-31": "876.00000", "2010-09-30": "891.00000", "2010-06-30": "848.00000", "2010-03-31": "869.00000", "2009-12-31": "808.00000", "2009-09-30": "765.00000", "2009-06-30": "696.00000", "2009-03-31": "739.00000", "2008-12-31": "718.00000", "2008-09-30": "780.00000", "2008-06-30": "749.00000", "2008-03-31": "791.00000", "2007-12-31": "667.00000", "2007-09-30": "692.00000", "2007-06-30": "714.00000", "2007-03-31": "753.00000", "2006-12-31": "557.00000", "2006-09-30": "591.00000", "2006-06-30": "628.00000", "2006-03-31": "559.00000", "2005-12-31": "558.00000", "2005-09-30": "588.00000", "2005-06-30": "550.00000", "2005-03-31": "539.00000"}, "Gross Profit": {"2020-09-30": "1901.00000", "2020-06-30": "1307.00000", "2020-03-31": "1249.00000", "2019-12-31": "1508.00000", "2019-09-30": "1321.00000", "2019-06-30": "891.00000", "2019-03-31": "825.00000", "2018-12-31": "944.00000", "2018-09-30": "731.00000", "2018-06-30": "697.00000", "2018-03-31": "788.00000", "2017-12-31": "882.00000", "2017-09-30": "826.00000", "2017-06-30": "876.00000", "2017-03-31": "733.00000", "2016-12-31": "756.00000", "2016-09-30": "808.00000", "2016-06-30": "767.00000", "2016-03-31": "611.00000", "2015-12-31": "46.00000", "2015-09-30": "635.00000", "2015-06-30": "881.00000", "2015-03-31": "945.00000", "2014-12-31": "953.00000", "2014-09-30": "561.00000", "2014-06-30": "705.00000", "2014-03-31": "681.00000", "2013-12-31": "706.00000", "2013-09-30": "942.00000", "2013-06-30": "336.00000", "2013-03-31": "1131.00000", "2012-12-31": "1345.00000", "2012-09-30": "1392.00000", "2012-06-30": "1227.00000", "2012-03-31": "1666.00000", "2011-12-31": "1740.00000", "2011-09-30": "1736.00000", "2011-06-30": "1467.00000", "2011-03-31": "1525.00000", "2010-12-31": "1672.00000", "2010-09-30": "1706.00000", "2010-06-30": "1305.00000", "2010-03-31": "1373.00000", "2009-12-31": "1710.00000", "2009-09-30": "1284.00000", "2009-06-30": "906.00000", "2009-03-31": "797.00000", "2008-12-31": "589.00000", "2008-09-30": "591.00000", "2008-06-30": "754.00000", "2008-03-31": "1152.00000", "2007-12-31": "682.00000", "2007-09-30": "924.00000", "2007-06-30": "562.00000", "2007-03-31": "471.00000", "2006-12-31": "798.00000", "2006-09-30": "511.00000", "2006-06-30": "665.00000", "2006-03-31": "573.00000", "2005-12-31": "620.00000", "2005-09-30": "557.00000", "2005-06-30": "447.00000", "2005-03-31": "406.00000"}, "Research And Development Expenses": {"2020-09-30": "87.00000", "2020-06-30": "52.00000", "2020-03-31": "71.00000", "2019-12-31": "115.00000", "2019-09-30": "131.00000", "2019-06-30": "101.00000", "2019-03-31": "68.00000", "2018-12-31": "101.00000", "2018-09-30": "85.00000", "2018-06-30": "90.00000", "2018-03-31": "74.00000", "2017-12-31": "88.00000", "2017-09-30": "89.00000", "2017-06-30": "83.00000", "2017-03-31": "62.00000", "2016-12-31": "70.00000", "2016-09-30": "73.00000", "2016-06-30": "82.00000", "2016-03-31": "57.00000", "2015-12-31": "75.00000", "2015-09-30": "65.00000", "2015-06-30": "81.00000", "2015-03-31": "61.00000", "2014-12-31": "83.00000", "2014-09-30": "80.00000", "2014-06-30": "83.00000", "2014-03-31": "76.00000", "2013-12-31": "109.00000", "2013-09-30": "127.00000", "2013-06-30": "122.00000", "2013-03-31": "111.00000", "2012-12-31": "137.00000", "2012-09-30": "189.00000", "2012-06-30": "188.00000", "2012-03-31": "190.00000", "2011-12-31": "221.00000", "2011-09-30": "197.00000", "2011-06-30": "175.00000", "2011-03-31": "130.00000", "2010-12-31": "122.00000", "2010-09-30": "113.00000", "2010-06-30": "110.00000", "2010-03-31": "89.00000", "2009-12-31": "75.00000", "2009-09-30": "82.00000", "2009-06-30": "93.00000", "2009-03-31": "72.00000", "2008-12-31": "112.00000", "2008-09-30": "101.00000", "2008-06-30": "97.00000", "2008-03-31": "69.00000", "2007-12-31": "63.00000", "2007-09-30": "73.00000", "2007-06-30": "59.00000", "2007-03-31": "55.00000", "2006-12-31": "60.00000", "2006-09-30": "63.00000", "2006-06-30": "70.00000", "2006-03-31": "54.00000", "2005-12-31": "48.00000", "2005-09-30": "57.00000", "2005-06-30": "50.00000", "2005-03-31": "43.00000"}, "SG&A Expenses": {"2020-09-30": "68.00000", "2020-06-30": "72.00000", "2020-03-31": "65.00000", "2019-12-31": "89.00000", "2019-09-30": "84.00000", "2019-06-30": "81.00000", "2019-03-31": "59.00000", "2018-12-31": "63.00000", "2018-09-30": "59.00000", "2018-06-30": "63.00000", "2018-03-31": "59.00000", "2017-12-31": "66.00000", "2017-09-30": "58.00000", "2017-06-30": "58.00000", "2017-03-31": "55.00000", "2016-12-31": "55.00000", "2016-09-30": "63.00000", "2016-06-30": "62.00000", "2016-03-31": "53.00000", "2015-12-31": "56.00000", "2015-09-30": "59.00000", "2015-06-30": "68.00000", "2015-03-31": "58.00000", "2014-12-31": "99.00000", "2014-09-30": "45.00000", "2014-06-30": "48.00000", "2014-03-31": "45.00000", "2013-12-31": "45.00000", "2013-09-30": "48.00000", "2013-06-30": "54.00000", "2013-03-31": "56.00000", "2012-12-31": "50.00000", "2012-09-30": "51.00000", "2012-06-30": "57.00000", "2012-03-31": "54.00000", "2011-12-31": "53.00000", "2011-09-30": "50.00000", "2011-06-30": "50.00000", "2011-03-31": "45.00000", "2010-12-31": "45.00000", "2010-09-30": "45.00000", "2010-06-30": "43.00000", "2010-03-31": "45.00000", "2009-12-31": "41.00000", "2009-09-30": "39.00000", "2009-06-30": "40.00000", "2009-03-31": "39.00000", "2008-12-31": "41.00000", "2008-09-30": "37.00000", "2008-06-30": "37.00000", "2008-03-31": "29.00000", "2007-12-31": "38.00000", "2007-09-30": "37.00000", "2007-06-30": "34.00000", "2007-03-31": "33.00000", "2006-12-31": "33.00000", "2006-09-30": "29.00000", "2006-06-30": "37.00000", "2006-03-31": "37.00000", "2005-12-31": "25.00000", "2005-09-30": "32.00000", "2005-06-30": "32.00000", "2005-03-31": "31.00000"}, "Other Operating Income Or Expenses": {"2020-09-30": "-156.00000", "2020-06-30": "-224.00000", "2020-03-31": "-91.00000", "2019-12-31": "-172.00000", "2019-09-30": "-100.00000", "2019-06-30": "-210.00000", "2019-03-31": "-98.00000", "2018-12-31": "-70.00000", "2018-09-30": "-402.00000", "2018-06-30": "-50.00000", "2018-03-31": "-39.00000", "2017-12-31": "-108.00000", "2017-09-30": "-27.00000", "2017-06-30": "-57.00000", "2017-03-31": "-46.00000", "2016-12-31": "-1109.00000", "2016-09-30": "-46.00000", "2016-06-30": "-36.00000", "2016-03-31": "-39.00000", "2015-12-31": "-283.00000", "2015-09-30": "-49.00000", "2015-06-30": "-53.00000", "2015-03-31": "-40.00000", "2014-12-31": "-20.00000", "2014-09-30": "-83.00000", "2014-06-30": "-85.00000", "2014-03-31": "-72.00000", "2013-12-31": "-4413.00000", "2013-09-30": "-107.00000", "2013-06-30": "-95.00000", "2013-03-31": "-118.00000", "2012-12-31": "-171.00000", "2012-09-30": "-148.00000", "2012-06-30": "-142.00000", "2012-03-31": "-136.00000", "2011-12-31": "-2210.00000", "2011-09-30": "-42.00000", "2011-06-30": "-130.00000", "2011-03-31": "-87.00000", "2010-12-31": "-88.00000", "2010-09-30": "-68.00000", "2010-06-30": "-74.00000", "2010-03-31": "-102.00000", "2009-12-31": "-230.00000", "2009-09-30": "15.00000", "2009-06-30": "-124.00000", "2009-03-31": "-85.00000", "2008-12-31": "-269.00000", "2008-09-30": "-69.00000", "2008-06-30": "-118.00000", "2008-03-31": "-63.00000", "2007-12-31": "-83.00000", "2007-09-30": "-42.00000", "2007-06-30": "-609.00000", "2007-03-31": "-50.00000", "2006-12-31": "-193.00000", "2006-09-30": "-34.00000", "2006-06-30": "-13.00000", "2006-03-31": "-14.00000", "2005-12-31": "-107.00000", "2005-09-30": "-20.00000", "2005-06-30": "-16.00000", "2005-03-31": "-24.00000"}, "Operating Expenses": {"2020-09-30": "2172.00000", "2020-06-30": "1934.00000", "2020-03-31": "2124.00000", "2019-12-31": "2448.00000", "2019-09-30": "2255.00000", "2019-06-30": "2245.00000", "2019-03-31": "1515.00000", "2018-12-31": "1674.00000", "2018-09-30": "1840.00000", "2018-06-30": "1447.00000", "2018-03-31": "1502.00000", "2017-12-31": "1638.00000", "2017-09-30": "1555.00000", "2017-06-30": "1507.00000", "2017-03-31": "1420.00000", "2016-12-31": "2557.00000", "2016-09-30": "1500.00000", "2016-06-30": "1363.00000", "2016-03-31": "1276.00000", "2015-12-31": "1258.00000", "2015-09-30": "1390.00000", "2015-06-30": "1505.00000", "2015-03-31": "1475.00000", "2014-12-31": "959.00000", "2014-09-30": "1711.00000", "2014-06-30": "1582.00000", "2014-03-31": "1574.00000", "2013-12-31": "4169.00000", "2013-09-30": "1659.00000", "2013-06-30": "4629.00000", "2013-03-31": "1609.00000", "2012-12-31": "1866.00000", "2012-09-30": "1748.00000", "2012-06-30": "1637.00000", "2012-03-31": "1628.00000", "2011-12-31": "3769.00000", "2011-09-30": "1567.00000", "2011-06-30": "1522.00000", "2011-03-31": "1458.00000", "2010-12-31": "1379.00000", "2010-09-30": "1359.00000", "2010-06-30": "1306.00000", "2010-03-31": "1329.00000", "2009-12-31": "1394.00000", "2009-09-30": "1070.00000", "2009-06-30": "1129.00000", "2009-03-31": "1126.00000", "2008-12-31": "1304.00000", "2008-09-30": "1180.00000", "2008-06-30": "1192.00000", "2008-03-31": "1142.00000", "2007-12-31": "2130.00000", "2007-09-30": "1019.00000", "2007-06-30": "1610.00000", "2007-03-31": "1077.00000", "2006-12-31": "1024.00000", "2006-09-30": "866.00000", "2006-06-30": "894.00000", "2006-03-31": "804.00000", "2005-12-31": "897.00000", "2005-09-30": "852.00000", "2005-06-30": "803.00000", "2005-03-31": "798.00000"}, "Operating Income": {"2020-09-30": "998.00000", "2020-06-30": "431.00000", "2020-03-31": "457.00000", "2019-12-31": "519.00000", "2019-09-30": "458.00000", "2019-06-30": "12.00000", "2019-03-31": "288.00000", "2018-12-31": "374.00000", "2018-09-30": "-114.00000", "2018-06-30": "215.00000", "2018-03-31": "315.00000", "2017-12-31": "297.00000", "2017-09-30": "324.00000", "2017-06-30": "368.00000", "2017-03-31": "270.00000", "2016-12-31": "-799.00000", "2016-09-30": "291.00000", "2016-06-30": "306.00000", "2016-03-31": "186.00000", "2015-12-31": "-613.00000", "2015-09-30": "170.00000", "2015-06-30": "403.00000", "2015-03-31": "497.00000", "2014-12-31": "585.00000", "2014-09-30": "35.00000", "2014-06-30": "183.00000", "2014-03-31": "190.00000", "2013-12-31": "-1981.00000", "2013-09-30": "361.00000", "2013-06-30": "-2611.00000", "2013-03-31": "579.00000", "2012-12-31": "706.00000", "2012-09-30": "732.00000", "2012-06-30": "592.00000", "2012-03-31": "1055.00000", "2011-12-31": "-1004.00000", "2011-09-30": "1177.00000", "2011-06-30": "862.00000", "2011-03-31": "1007.00000", "2010-12-31": "1169.00000", "2010-09-30": "1238.00000", "2010-06-30": "847.00000", "2010-03-31": "913.00000", "2009-12-31": "1124.00000", "2009-09-30": "979.00000", "2009-06-30": "473.00000", "2009-03-31": "410.00000", "2008-12-31": "3.00000", "2008-09-30": "191.00000", "2008-06-30": "311.00000", "2008-03-31": "801.00000", "2007-12-31": "-781.00000", "2007-09-30": "597.00000", "2007-06-30": "-334.00000", "2007-03-31": "147.00000", "2006-12-31": "331.00000", "2006-09-30": "236.00000", "2006-06-30": "399.00000", "2006-03-31": "328.00000", "2005-12-31": "281.00000", "2005-09-30": "293.00000", "2005-06-30": "194.00000", "2005-03-31": "147.00000"}, "Total Non-Operating Income/Expense": {"2020-09-30": "-118.00000", "2020-06-30": "119.00000", "2020-03-31": "322.00000", "2019-12-31": "101.00000", "2019-09-30": "2320.00000", "2019-06-30": "8.00000", "2019-03-31": "-13.00000", "2018-12-31": "-96.00000", "2018-09-30": "-14.00000", "2018-06-30": "90.00000", "2018-03-31": "-32.00000", "2017-12-31": "-32.00000", "2017-09-30": "-46.00000", "2017-06-30": "-33.00000", "2017-03-31": "-76.00000", "2016-12-31": "-93.00000", "2016-09-30": "-68.00000", "2016-06-30": "-65.00000", "2016-03-31": "22.00000", "2015-12-31": "-51.00000", "2015-09-30": "68.00000", "2015-06-30": "-105.00000", "2015-03-31": "-74.00000", "2014-12-31": "-24.00000", "2014-09-30": "-10.00000", "2014-06-30": "-91.00000", "2014-03-31": "-47.00000", "2013-12-31": "-109.00000", "2013-09-30": "214.00000", "2013-06-30": "-20.00000", "2013-03-31": "-39.00000", "2012-12-31": "98.00000", "2012-09-30": "-15.00000", "2012-06-30": "-35.00000", "2012-03-31": "-19.00000", "2011-12-31": "-42.00000", "2011-09-30": "-141.00000", "2011-06-30": "-15.00000", "2011-03-31": "-34.00000", "2010-12-31": "-57.00000", "2010-09-30": "-61.00000", "2010-06-30": "-25.00000", "2010-03-31": "-27.00000", "2009-12-31": "80.00000", "2009-09-30": "-75.00000", "2009-06-30": "-14.00000", "2009-03-31": "-23.00000", "2008-12-31": "-14.00000", "2008-09-30": "31.00000", "2008-06-30": "-16.00000", "2008-03-31": "-13.00000", "2007-12-31": "-41.00000", "2007-09-30": "18.00000", "2007-06-30": "12.00000", "2007-03-31": "-7.00000", "2006-12-31": "", "2006-09-30": "-37.00000", "2006-06-30": "-22.00000", "2006-03-31": "15.00000", "2005-12-31": "-93.00000", "2005-09-30": "43.00000", "2005-06-30": "13.00000", "2005-03-31": "46.00000"}, "Pre-Tax Income": {"2020-09-30": "880.00000", "2020-06-30": "550.00000", "2020-03-31": "779.00000", "2019-12-31": "620.00000", "2019-09-30": "2778.00000", "2019-06-30": "20.00000", "2019-03-31": "275.00000", "2018-12-31": "278.00000", "2018-09-30": "-128.00000", "2018-06-30": "305.00000", "2018-03-31": "283.00000", "2017-12-31": "265.00000", "2017-09-30": "278.00000", "2017-06-30": "335.00000", "2017-03-31": "194.00000", "2016-12-31": "-892.00000", "2016-09-30": "223.00000", "2016-06-30": "241.00000", "2016-03-31": "208.00000", "2015-12-31": "-664.00000", "2015-09-30": "238.00000", "2015-06-30": "298.00000", "2015-03-31": "423.00000", "2014-12-31": "561.00000", "2014-09-30": "25.00000", "2014-06-30": "92.00000", "2014-03-31": "143.00000", "2013-12-31": "-2090.00000", "2013-09-30": "575.00000", "2013-06-30": "-2631.00000", "2013-03-31": "540.00000", "2012-12-31": "804.00000", "2012-09-30": "717.00000", "2012-06-30": "557.00000", "2012-03-31": "1036.00000", "2011-12-31": "-1046.00000", "2011-09-30": "1036.00000", "2011-06-30": "847.00000", "2011-03-31": "973.00000", "2010-12-31": "1112.00000", "2010-09-30": "1177.00000", "2010-06-30": "822.00000", "2010-03-31": "886.00000", "2009-12-31": "1204.00000", "2009-09-30": "904.00000", "2009-06-30": "459.00000", "2009-03-31": "387.00000", "2008-12-31": "-11.00000", "2008-09-30": "222.00000", "2008-06-30": "295.00000", "2008-03-31": "788.00000", "2007-12-31": "-822.00000", "2007-09-30": "615.00000", "2007-06-30": "-322.00000", "2007-03-31": "140.00000", "2006-12-31": "331.00000", "2006-09-30": "199.00000", "2006-06-30": "377.00000", "2006-03-31": "343.00000", "2005-12-31": "188.00000", "2005-09-30": "336.00000", "2005-06-30": "207.00000", "2005-03-31": "193.00000"}, "Income Taxes": {"2020-09-30": "305.00000", "2020-06-30": "164.00000", "2020-03-31": "-23.00000", "2019-12-31": "129.00000", "2019-09-30": "558.00000", "2019-06-30": "20.00000", "2019-03-31": "125.00000", "2018-12-31": "260.00000", "2018-09-30": "3.00000", "2018-06-30": "18.00000", "2018-03-31": "105.00000", "2017-12-31": "777.00000", "2017-09-30": "73.00000", "2017-06-30": "166.00000", "2017-03-31": "111.00000", "2016-12-31": "24.00000", "2016-09-30": "90.00000", "2016-06-30": "238.00000", "2016-03-31": "227.00000", "2015-12-31": "-15.00000", "2015-09-30": "61.00000", "2015-06-30": "152.00000", "2015-03-31": "193.00000", "2014-12-31": "226.00000", "2014-09-30": "-47.00000", "2014-06-30": "-53.00000", "2014-03-31": "78.00000", "2013-12-31": "-809.00000", "2013-09-30": "161.00000", "2013-06-30": "-287.00000", "2013-03-31": "180.00000", "2012-12-31": "130.00000", "2012-09-30": "228.00000", "2012-06-30": "175.00000", "2012-03-31": "343.00000", "2011-12-31": "-150.00000", "2011-09-30": "371.00000", "2011-06-30": "187.00000", "2011-03-31": "305.00000", "2010-12-31": "72.00000", "2010-09-30": "360.00000", "2010-06-30": "283.00000", "2010-03-31": "141.00000", "2009-12-31": "335.00000", "2009-09-30": "253.00000", "2009-06-30": "136.00000", "2009-03-31": "105.00000", "2008-12-31": "-54.00000", "2008-09-30": "6.00000", "2008-06-30": "-42.00000", "2008-03-31": "232.00000", "2007-12-31": "79.00000", "2007-09-30": "86.00000", "2007-06-30": "-19.00000", "2007-03-31": "44.00000", "2006-12-31": "62.00000", "2006-09-30": "106.00000", "2006-06-30": "121.00000", "2006-03-31": "37.00000", "2005-12-31": "77.00000", "2005-09-30": "96.00000", "2005-06-30": "44.00000", "2005-03-31": "53.00000"}, "Income After Taxes": {"2020-09-30": "575.00000", "2020-06-30": "386.00000", "2020-03-31": "802.00000", "2019-12-31": "491.00000", "2019-09-30": "2220.00000", "2019-06-30": "", "2019-03-31": "150.00000", "2018-12-31": "18.00000", "2018-09-30": "-131.00000", "2018-06-30": "287.00000", "2018-03-31": "178.00000", "2017-12-31": "-512.00000", "2017-09-30": "205.00000", "2017-06-30": "169.00000", "2017-03-31": "83.00000", "2016-12-31": "-916.00000", "2016-09-30": "133.00000", "2016-06-30": "3.00000", "2016-03-31": "-19.00000", "2015-12-31": "-649.00000", "2015-09-30": "177.00000", "2015-06-30": "146.00000", "2015-03-31": "230.00000", "2014-12-31": "335.00000", "2014-09-30": "72.00000", "2014-06-30": "145.00000", "2014-03-31": "65.00000", "2013-12-31": "-1281.00000", "2013-09-30": "414.00000", "2013-06-30": "-2344.00000", "2013-03-31": "360.00000", "2012-12-31": "674.00000", "2012-09-30": "489.00000", "2012-06-30": "382.00000", "2012-03-31": "693.00000", "2011-12-31": "-896.00000", "2011-09-30": "665.00000", "2011-06-30": "660.00000", "2011-03-31": "668.00000", "2010-12-31": "1040.00000", "2010-09-30": "817.00000", "2010-06-30": "539.00000", "2010-03-31": "745.00000", "2009-12-31": "869.00000", "2009-09-30": "651.00000", "2009-06-30": "323.00000", "2009-03-31": "282.00000", "2008-12-31": "43.00000", "2008-09-30": "216.00000", "2008-06-30": "337.00000", "2008-03-31": "556.00000", "2007-12-31": "-901.00000", "2007-09-30": "529.00000", "2007-06-30": "-303.00000", "2007-03-31": "96.00000", "2006-12-31": "269.00000", "2006-09-30": "93.00000", "2006-06-30": "256.00000", "2006-03-31": "306.00000", "2005-12-31": "111.00000", "2005-09-30": "240.00000", "2005-06-30": "163.00000", "2005-03-31": "140.00000"}, "Other Income": {"2020-09-30": "", "2020-06-30": "", "2020-03-31": "", "2019-12-31": "", "2019-09-30": "", "2019-06-30": "", "2019-03-31": "", "2018-12-31": "", "2018-09-30": "", "2018-06-30": "", "2018-03-31": "", "2017-12-31": "", "2017-09-30": "", "2017-06-30": "", "2017-03-31": "", "2016-12-31": "", "2016-09-30": "", "2016-06-30": "", "2016-03-31": "", "2015-12-31": "", "2015-09-30": "", "2015-06-30": "", "2015-03-31": "", "2014-12-31": "", "2014-09-30": "", "2014-06-30": "", "2014-03-31": "", "2013-12-31": "", "2013-09-30": "", "2013-06-30": "", "2013-03-31": "", "2012-12-31": "", "2012-09-30": "", "2012-06-30": "", "2012-03-31": "", "2011-12-31": "", "2011-09-30": "", "2011-06-30": "", "2011-03-31": "", "2010-12-31": "", "2010-09-30": "", "2010-06-30": "", "2010-03-31": "", "2009-12-31": "", "2009-09-30": "", "2009-06-30": "", "2009-03-31": "", "2008-12-31": "", "2008-09-30": "", "2008-06-30": "", "2008-03-31": "", "2007-12-31": "", "2007-09-30": "", "2007-06-30": "", "2007-03-31": "", "2006-12-31": "", "2006-09-30": "", "2006-06-30": "", "2006-03-31": "", "2005-12-31": "", "2005-09-30": "", "2005-06-30": "", "2005-03-31": ""}, "Income From Continuous Operations": {"2020-09-30": "628.00000", "2020-06-30": "415.00000", "2020-03-31": "839.00000", "2019-12-31": "533.00000", "2019-09-30": "2252.00000", "2019-06-30": "26.00000", "2019-03-31": "145.00000", "2018-12-31": "10.00000", "2018-09-30": "-140.00000", "2018-06-30": "280.00000", "2018-03-31": "169.00000", "2017-12-31": "-524.00000", "2017-09-30": "206.00000", "2017-06-30": "166.00000", "2017-03-31": "81.00000", "2016-12-31": "-921.00000", "2016-09-30": "135.00000", "2016-06-30": "-2.00000", "2016-03-31": "-24.00000", "2015-12-31": "-660.00000", "2015-09-30": "159.00000", "2015-06-30": "139.00000", "2015-03-31": "221.00000", "2014-12-31": "329.00000", "2014-09-30": "72.00000", "2014-06-30": "147.00000", "2014-03-31": "65.00000", "2013-12-31": "-1280.00000", "2013-09-30": "415.00000", "2013-06-30": "-2347.00000", "2013-03-31": "356.00000", "2012-12-31": "662.00000", "2012-09-30": "480.00000", "2012-06-30": "371.00000", "2012-03-31": "674.00000", "2011-12-31": "-897.00000", "2011-09-30": "675.00000", "2011-06-30": "660.00000", "2011-03-31": "670.00000", "2010-12-31": "1050.00000", "2010-09-30": "814.00000", "2010-06-30": "537.00000", "2010-03-31": "743.00000", "2009-12-31": "867.00000", "2009-09-30": "645.00000", "2009-06-30": "320.00000", "2009-03-31": "277.00000", "2008-12-31": "44.00000", "2008-09-30": "215.00000", "2008-06-30": "337.00000", "2008-03-31": "551.00000", "2007-12-31": "-550.00000", "2007-09-30": "331.00000", "2007-06-30": "-401.00000", "2007-03-31": "40.00000", "2006-12-31": "186.00000", "2006-09-30": "42.00000", "2006-06-30": "128.00000", "2006-03-31": "207.00000", "2005-12-31": "-20.00000", "2005-09-30": "125.00000", "2005-06-30": "88.00000", "2005-03-31": "85.00000"}, "Income From Discontinued Operations": {"2020-09-30": "228.00000", "2020-06-30": "-68.00000", "2020-03-31": "-15.00000", "2019-12-31": "28.00000", "2019-09-30": "-48.00000", "2019-06-30": "-26.00000", "2019-03-31": "-26.00000", "2018-12-31": "5.00000", "2018-09-30": "16.00000", "2018-06-30": "18.00000", "2018-03-31": "22.00000", "2017-12-31": "7.00000", "2017-09-30": "-7.00000", "2017-06-30": "-15.00000", "2017-03-31": "-23.00000", "2016-12-31": "94.00000", "2016-09-30": "-448.00000", "2016-06-30": "64.00000", "2016-03-31": "159.00000", "2015-12-31": "302.00000", "2015-09-30": "126.00000", "2015-06-30": "9.00000", "2015-03-31": "8.00000", "2014-12-31": "-268.00000", "2014-09-30": "3.00000", "2014-06-30": "-2.00000", "2014-03-31": "-17.00000", "2013-12-31": "8.00000", "2013-09-30": "-21.00000", "2013-06-30": "74.00000", "2013-03-31": "0.00000", "2012-12-31": "28.00000", "2012-09-30": "-33.00000", "2012-06-30": "", "2012-03-31": "-71.00000", "2011-12-31": "", "2011-09-30": "0.00000", "2011-06-30": "-136.00000", "2011-03-31": "", "2010-12-31": "", "2010-09-30": "0.00000", "2010-06-30": "0.00000", "2010-03-31": "", "2009-12-31": "-2.00000", "2009-09-30": "", "2009-06-30": "-14.00000", "2009-03-31": "", "2008-12-31": "-2.00000", "2008-09-30": "7.00000", "2008-06-30": "2.00000", "2008-03-31": "6.00000", "2007-12-31": "662.00000", "2007-09-30": "66.00000", "2007-06-30": "-1661.00000", "2007-03-31": "28.00000", "2006-12-31": "37.00000", "2006-09-30": "156.00000", "2006-06-30": "33.00000", "2006-03-31": "2.00000", "2005-12-31": "82.00000", "2005-09-30": "1.00000", "2005-06-30": "-38.00000", "2005-03-31": "-1.00000"}, "Net Income": {"2020-09-30": "839.00000", "2020-06-30": "344.00000", "2020-03-31": "822.00000", "2019-12-31": "565.00000", "2019-09-30": "2178.00000", "2019-06-30": "-25.00000", "2019-03-31": "87.00000", "2018-12-31": "2.00000", "2018-09-30": "-145.00000", "2018-06-30": "292.00000", "2018-03-31": "192.00000", "2017-12-31": "-542.00000", "2017-09-30": "206.00000", "2017-06-30": "175.00000", "2017-03-31": "47.00000", "2016-12-31": "-346.00000", "2016-09-30": "-358.00000", "2016-06-30": "23.00000", "2016-03-31": "52.00000", "2015-12-31": "-254.00000", "2015-09-30": "219.00000", "2015-06-30": "72.00000", "2015-03-31": "183.00000", "2014-12-31": "15.00000", "2014-09-30": "213.00000", "2014-06-30": "180.00000", "2014-03-31": "100.00000", "2013-12-31": "-1187.00000", "2013-09-30": "398.00000", "2013-06-30": "-2059.00000", "2013-03-31": "314.00000", "2012-12-31": "666.00000", "2012-09-30": "367.00000", "2012-06-30": "279.00000", "2012-03-31": "490.00000", "2011-12-31": "-1028.00000", "2011-09-30": "493.00000", "2011-06-30": "387.00000", "2011-03-31": "514.00000", "2010-12-31": "812.00000", "2010-09-30": "537.00000", "2010-06-30": "382.00000", "2010-03-31": "546.00000", "2009-12-31": "558.00000", "2009-09-30": "388.00000", "2009-06-30": "162.00000", "2009-03-31": "189.00000", "2008-12-31": "4.00000", "2008-09-30": "191.00000", "2008-06-30": "271.00000", "2008-03-31": "365.00000", "2007-12-31": "-298.00000", "2007-09-30": "397.00000", "2007-06-30": "-2062.00000", "2007-03-31": "68.00000", "2006-12-31": "223.00000", "2006-09-30": "198.00000", "2006-06-30": "161.00000", "2006-03-31": "209.00000", "2005-12-31": "62.00000", "2005-09-30": "126.00000", "2005-06-30": "50.00000", "2005-03-31": "84.00000"}, "EBITDA": {"2020-09-30": "1590.00000", "2020-06-30": "959.00000", "2020-03-31": "1022.00000", "2019-12-31": "1132.00000", "2019-09-30": "1006.00000", "2019-06-30": "499.00000", "2019-03-31": "600.00000", "2018-12-31": "710.00000", "2018-09-30": "185.00000", "2018-06-30": "494.00000", "2018-03-31": "616.00000", "2017-12-31": "620.00000", "2017-09-30": "652.00000", "2017-06-30": "650.00000", "2017-03-31": "598.00000", "2016-12-31": "-478.00000", "2016-09-30": "626.00000", "2016-06-30": "587.00000", "2016-03-31": "462.00000", "2015-12-31": "-290.00000", "2015-09-30": "426.00000", "2015-06-30": "695.00000", "2015-03-31": "843.00000", "2014-12-31": "772.00000", "2014-09-30": "312.00000", "2014-06-30": "530.00000", "2014-03-31": "488.00000", "2013-12-31": "-1600.00000", "2013-09-30": "-1602.00000", "2013-06-30": "66.00000", "2013-03-31": "846.00000", "2012-12-31": "987.00000", "2012-09-30": "1004.00000", "2012-06-30": "840.00000", "2012-03-31": "1286.00000", "2011-12-31": "-744.00000", "2011-09-30": "1447.00000", "2011-06-30": "1112.00000", "2011-03-31": "1263.00000", "2010-12-31": "1417.00000", "2010-09-30": "1480.00000", "2010-06-30": "1078.00000", "2010-03-31": "1137.00000", "2009-12-31": "1330.00000", "2009-09-30": "1188.00000", "2009-06-30": "673.00000", "2009-03-31": "601.00000", "2008-12-31": "163.00000", "2008-09-30": "387.00000", "2008-06-30": "501.00000", "2008-03-31": "993.00000", "2007-12-31": "500.00000", "2007-09-30": "774.00000", "2007-06-30": "-138.00000", "2007-03-31": "335.00000", "2006-12-31": "498.00000", "2006-09-30": "393.00000", "2006-06-30": "547.00000", "2006-03-31": "475.00000", "2005-12-31": "396.00000", "2005-09-30": "495.00000", "2005-06-30": "344.00000", "2005-03-31": "281.00000"}, "EBIT": {"2020-09-30": "998.00000", "2020-06-30": "431.00000", "2020-03-31": "457.00000", "2019-12-31": "519.00000", "2019-09-30": "458.00000", "2019-06-30": "12.00000", "2019-03-31": "288.00000", "2018-12-31": "374.00000", "2018-09-30": "-114.00000", "2018-06-30": "215.00000", "2018-03-31": "315.00000", "2017-12-31": "297.00000", "2017-09-30": "324.00000", "2017-06-30": "368.00000", "2017-03-31": "270.00000", "2016-12-31": "-799.00000", "2016-09-30": "291.00000", "2016-06-30": "306.00000", "2016-03-31": "186.00000", "2015-12-31": "-613.00000", "2015-09-30": "170.00000", "2015-06-30": "403.00000", "2015-03-31": "497.00000", "2014-12-31": "585.00000", "2014-09-30": "35.00000", "2014-06-30": "183.00000", "2014-03-31": "190.00000", "2013-12-31": "-1981.00000", "2013-09-30": "361.00000", "2013-06-30": "-2611.00000", "2013-03-31": "579.00000", "2012-12-31": "706.00000", "2012-09-30": "732.00000", "2012-06-30": "592.00000", "2012-03-31": "1055.00000", "2011-12-31": "-1004.00000", "2011-09-30": "1177.00000", "2011-06-30": "862.00000", "2011-03-31": "1007.00000", "2010-12-31": "1169.00000", "2010-09-30": "1238.00000", "2010-06-30": "847.00000", "2010-03-31": "913.00000", "2009-12-31": "1124.00000", "2009-09-30": "979.00000", "2009-06-30": "473.00000", "2009-03-31": "410.00000", "2008-12-31": "3.00000", "2008-09-30": "191.00000", "2008-06-30": "311.00000", "2008-03-31": "801.00000", "2007-12-31": "-781.00000", "2007-09-30": "597.00000", "2007-06-30": "-334.00000", "2007-03-31": "147.00000", "2006-12-31": "331.00000", "2006-09-30": "236.00000", "2006-06-30": "399.00000", "2006-03-31": "328.00000", "2005-12-31": "281.00000", "2005-09-30": "293.00000", "2005-06-30": "194.00000", "2005-03-31": "147.00000"}, "Basic Shares Outstanding": {"2020-09-30": "803.00000", "2020-06-30": "803.00000", "2020-03-31": "807.00000", "2019-12-31": "735.00000", "2019-09-30": "820.00000", "2019-06-30": "766.00000", "2019-03-31": "534.00000", "2018-12-31": "533.00000", "2018-09-30": "533.00000", "2018-06-30": "533.00000", "2018-03-31": "534.00000", "2017-12-31": "533.00000", "2017-09-30": "533.00000", "2017-06-30": "533.00000", "2017-03-31": "532.00000", "2016-12-31": "530.00000", "2016-09-30": "531.00000", "2016-06-30": "531.00000", "2016-03-31": "530.00000", "2015-12-31": "516.00000", "2015-09-30": "529.00000", "2015-06-30": "505.00000", "2015-03-31": "499.00000", "2014-12-31": "499.00000", "2014-09-30": "499.00000", "2014-06-30": "499.00000", "2014-03-31": "498.00000", "2013-12-31": "498.00000", "2013-09-30": "498.00000", "2013-06-30": "497.00000", "2013-03-31": "497.00000", "2012-12-31": "496.00000", "2012-09-30": "496.00000", "2012-06-30": "496.00000", "2012-03-31": "495.00000", "2011-12-31": "494.00000", "2011-09-30": "494.00000", "2011-06-30": "494.00000", "2011-03-31": "493.00000", "2010-12-31": "492.00000", "2010-09-30": "493.00000", "2010-06-30": "492.00000", "2010-03-31": "491.00000", "2009-12-31": "487.00000", "2009-09-30": "490.00000", "2009-06-30": "490.00000", "2009-03-31": "472.00000", "2008-12-31": "454.00000", "2008-09-30": "454.00000", "2008-06-30": "454.00000", "2008-03-31": "453.00000", "2007-12-31": "452.00000", "2007-09-30": "452.00000", "2007-06-30": "451.00000", "2007-03-31": "451.00000", "2006-12-31": "450.00000", "2006-09-30": "450.00000", "2006-06-30": "449.00000", "2006-03-31": "448.00000", "2005-12-31": "446.00000", "2005-09-30": "446.00000", "2005-06-30": "446.00000", "2005-03-31": "446.00000"}, "Shares Outstanding": {"2020-09-30": "806.00000", "2020-06-30": "805.00000", "2020-03-31": "809.00000", "2019-12-31": "737.00000", "2019-09-30": "822.00000", "2019-06-30": "768.00000", "2019-03-31": "534.00000", "2018-12-31": "535.00000", "2018-09-30": "535.00000", "2018-06-30": "535.00000", "2018-03-31": "535.00000", "2017-12-31": "535.00000", "2017-09-30": "536.00000", "2017-06-30": "535.00000", "2017-03-31": "533.00000", "2016-12-31": "532.00000", "2016-09-30": "533.00000", "2016-06-30": "533.00000", "2016-03-31": "531.00000", "2015-12-31": "516.00000", "2015-09-30": "530.00000", "2015-06-30": "506.00000", "2015-03-31": "500.00000", "2014-12-31": "499.00000", "2014-09-30": "500.00000", "2014-06-30": "499.00000", "2014-03-31": "499.00000", "2013-12-31": "498.00000", "2013-09-30": "498.00000", "2013-06-30": "497.00000", "2013-03-31": "498.00000", "2012-12-31": "499.00000", "2012-09-30": "499.00000", "2012-06-30": "498.00000", "2012-03-31": "504.00000", "2011-12-31": "504.00000", "2011-09-30": "504.00000", "2011-06-30": "501.00000", "2011-03-31": "501.00000", "2010-12-31": "500.00000", "2010-09-30": "502.00000", "2010-06-30": "499.00000", "2010-03-31": "493.00000", "2009-12-31": "487.00000", "2009-09-30": "491.00000", "2009-06-30": "491.00000", "2009-03-31": "473.00000", "2008-12-31": "455.00000", "2008-09-30": "455.00000", "2008-06-30": "456.00000", "2008-03-31": "457.00000", "2007-12-31": "452.00000", "2007-09-30": "453.00000", "2007-06-30": "451.00000", "2007-03-31": "452.00000", "2006-12-31": "452.00000", "2006-09-30": "452.00000", "2006-06-30": "452.00000", "2006-03-31": "451.00000", "2005-12-31": "449.00000", "2005-09-30": "449.00000", "2005-06-30": "449.00000", "2005-03-31": "448.00000"}, "Basic EPS": {"2020-09-30": "1.04000", "2020-06-30": "0.43000", "2020-03-31": "1.02000", "2019-12-31": "1.03000", "2019-09-30": "2.66000", "2019-06-30": "-0.03000", "2019-03-31": "0.16000", "2018-12-31": "0.00000", "2018-09-30": "-0.27000", "2018-06-30": "0.55000", "2018-03-31": "0.36000", "2017-12-31": "-1.01000", "2017-09-30": "0.38000", "2017-06-30": "0.33000", "2017-03-31": "0.09000", "2016-12-31": "-0.66000", "2016-09-30": "-0.67000", "2016-06-30": "0.04000", "2016-03-31": "0.10000", "2015-12-31": "-0.50000", "2015-09-30": "0.42000", "2015-06-30": "0.14000", "2015-03-31": "0.37000", "2014-12-31": "0.03000", "2014-09-30": "0.43000", "2014-06-30": "0.36000", "2014-03-31": "0.20000", "2013-12-31": "-2.38000", "2013-09-30": "0.80000", "2013-06-30": "-4.14000", "2013-03-31": "0.63000", "2012-12-31": "1.35000", "2012-09-30": "0.74000", "2012-06-30": "0.56000", "2012-03-31": "0.99000", "2011-12-31": "-2.08000", "2011-09-30": "1.00000", "2011-06-30": "0.78000", "2011-03-31": "1.04000", "2010-12-31": "1.65000", "2010-09-30": "1.09000", "2010-06-30": "0.78000", "2010-03-31": "1.11000", "2009-12-31": "1.14000", "2009-09-30": "0.79000", "2009-06-30": "0.33000", "2009-03-31": "0.40000", "2008-12-31": "0.00000", "2008-09-30": "0.42000", "2008-06-30": "0.60000", "2008-03-31": "0.81000", "2007-12-31": "-0.65000", "2007-09-30": "0.88000", "2007-06-30": "-4.57000", "2007-03-31": "0.15000", "2006-12-31": "0.49000", "2006-09-30": "0.44000", "2006-06-30": "0.36000", "2006-03-31": "0.47000", "2005-12-31": "0.14000", "2005-09-30": "0.28000", "2005-06-30": "0.11000", "2005-03-31": "0.19000"}, "EPS - Earnings Per Share": {"2020-09-30": "1.04000", "2020-06-30": "0.43000", "2020-03-31": "1.02000", "2019-12-31": "1.03000", "2019-09-30": "2.65000", "2019-06-30": "-0.03000", "2019-03-31": "0.16000", "2018-12-31": "0.01000", "2018-09-30": "-0.27000", "2018-06-30": "0.54000", "2018-03-31": "0.36000", "2017-12-31": "-1.01000", "2017-09-30": "0.38000", "2017-06-30": "0.33000", "2017-03-31": "0.09000", "2016-12-31": "-0.65000", "2016-09-30": "-0.67000", "2016-06-30": "0.04000", "2016-03-31": "0.10000", "2015-12-31": "-0.50000", "2015-09-30": "0.42000", "2015-06-30": "0.14000", "2015-03-31": "0.37000", "2014-12-31": "0.03000", "2014-09-30": "0.43000", "2014-06-30": "0.36000", "2014-03-31": "0.20000", "2013-12-31": "-2.38000", "2013-09-30": "0.80000", "2013-06-30": "-4.14000", "2013-03-31": "0.63000", "2012-12-31": "1.34000", "2012-09-30": "0.74000", "2012-06-30": "0.56000", "2012-03-31": "0.97000", "2011-12-31": "-2.05000", "2011-09-30": "0.98000", "2011-06-30": "0.77000", "2011-03-31": "1.03000", "2010-12-31": "1.60000", "2010-09-30": "1.07000", "2010-06-30": "0.77000", "2010-03-31": "1.11000", "2009-12-31": "1.14000", "2009-09-30": "0.79000", "2009-06-30": "0.33000", "2009-03-31": "0.40000", "2008-12-31": "0.02000", "2008-09-30": "0.42000", "2008-06-30": "0.59000", "2008-03-31": "0.80000", "2007-12-31": "-0.65000", "2007-09-30": "0.88000", "2007-06-30": "-4.57000", "2007-03-31": "0.15000", "2006-12-31": "0.49000", "2006-09-30": "0.44000", "2006-06-30": "0.36000", "2006-03-31": "0.46000", "2005-12-31": "0.14000", "2005-09-30": "0.28000", "2005-06-30": "0.11000", "2005-03-31": "0.19000"}}, "balance sheet": {"Cash On Hand": {"2019-12-31": "2480.00000", "2018-12-31": "3445.00000", "2017-12-31": "3321.00000", "2016-12-31": "2812.00000", "2015-12-31": "2382.00000", "2014-12-31": "2476.00000", "2013-12-31": "1633.00000", "2012-12-31": "1647.00000", "2011-12-31": "1854.00000", "2010-12-31": "4169.00000", "2009-12-31": "3271.00000", "2008-12-31": "447.00000", "2007-12-31": "1292.00000", "2006-12-31": "1275.00000", "2005-12-31": "1899.00000"}, "Receivables": {"2019-12-31": "373.00000", "2018-12-31": "254.00000", "2017-12-31": "237.00000", "2016-12-31": "343.00000", "2015-12-31": "215.00000", "2014-12-31": "476.00000", "2013-12-31": "482.00000", "2012-12-31": "860.00000", "2011-12-31": "620.00000", "2010-12-31": "670.00000", "2009-12-31": "540.00000", "2008-12-31": "318.00000", "2007-12-31": "345.00000", "2006-12-31": "348.00000", "2005-12-31": "229.00000"}, "Inventory": {"2019-12-31": "1014.00000", "2018-12-31": "630.00000", "2017-12-31": "679.00000", "2016-12-31": "617.00000", "2015-12-31": "561.00000", "2014-12-31": "700.00000", "2013-12-31": "717.00000", "2012-12-31": "796.00000", "2011-12-31": "714.00000", "2010-12-31": "658.00000", "2009-12-31": "493.00000", "2008-12-31": "507.00000", "2007-12-31": "463.00000", "2006-12-31": "376.00000", "2005-12-31": "304.00000"}, "Pre-Paid Expenses": {"2019-12-31": "", "2018-12-31": "", "2017-12-31": "", "2016-12-31": "", "2015-12-31": "", "2014-12-31": "", "2013-12-31": "", "2012-12-31": "", "2011-12-31": "", "2010-12-31": "", "2009-12-31": "", "2008-12-31": "", "2007-12-31": "", "2006-12-31": "", "2005-12-31": ""}, "Other Current Assets": {"2019-12-31": "2405.00000", "2018-12-31": "948.00000", "2017-12-31": "829.00000", "2016-12-31": "905.00000", "2015-12-31": "1825.00000", "2014-12-31": "1547.00000", "2013-12-31": "1811.00000", "2012-12-31": "2447.00000", "2011-12-31": "1804.00000", "2010-12-31": "1579.00000", "2009-12-31": "1303.00000", "2008-12-31": "745.00000", "2007-12-31": "460.00000", "2006-12-31": "470.00000", "2005-12-31": "331.00000"}, "Total Current Assets": {"2019-12-31": "6272.00000", "2018-12-31": "5277.00000", "2017-12-31": "5066.00000", "2016-12-31": "4677.00000", "2015-12-31": "4983.00000", "2014-12-31": "5439.00000", "2013-12-31": "4889.00000", "2012-12-31": "5945.00000", "2011-12-31": "5388.00000", "2010-12-31": "7253.00000", "2009-12-31": "5822.00000", "2008-12-31": "2301.00000", "2007-12-31": "2672.00000", "2006-12-31": "2625.00000", "2005-12-31": "3000.00000"}, "Property, Plant, And Equipment": {"2019-12-31": "25276.00000", "2018-12-31": "12258.00000", "2017-12-31": "12338.00000", "2016-12-31": "12485.00000", "2015-12-31": "13210.00000", "2014-12-31": "13650.00000", "2013-12-31": "14277.00000", "2012-12-31": "18010.00000", "2011-12-31": "15881.00000", "2010-12-31": "12907.00000", "2009-12-31": "12370.00000", "2008-12-31": "10128.00000", "2007-12-31": "9140.00000", "2006-12-31": "6544.00000", "2005-12-31": "5581.00000"}, "Long-Term Investments": {"2019-12-31": "3199.00000", "2018-12-31": "271.00000", "2017-12-31": "280.00000", "2016-12-31": "207.00000", "2015-12-31": "402.00000", "2014-12-31": "334.00000", "2013-12-31": "439.00000", "2012-12-31": "1446.00000", "2011-12-31": "1472.00000", "2010-12-31": "1568.00000", "2009-12-31": "1186.00000", "2008-12-31": "655.00000", "2007-12-31": "1531.00000", "2006-12-31": "1319.00000", "2005-12-31": "955.00000"}, "Goodwill And Intangible Assets": {"2019-12-31": "2674.00000", "2018-12-31": "58.00000", "2017-12-31": "", "2016-12-31": "", "2015-12-31": "", "2014-12-31": "", "2013-12-31": "", "2012-12-31": "", "2011-12-31": "", "2010-12-31": "", "2009-12-31": "", "2008-12-31": "", "2007-12-31": "186.00000", "2006-12-31": "1338.00000", "2005-12-31": "2879.00000"}, "Other Long-Term Assets": {"2019-12-31": "520.00000", "2018-12-31": "584.00000", "2017-12-31": "565.00000", "2016-12-31": "467.00000", "2015-12-31": "2927.00000", "2014-12-31": "883.00000", "2013-12-31": "844.00000", "2012-12-31": "872.00000", "2011-12-31": "857.00000", "2010-12-31": "741.00000", "2009-12-31": "482.00000", "2008-12-31": "468.00000", "2007-12-31": "254.00000", "2006-12-31": "2170.00000", "2005-12-31": "363.00000"}, "Total Long-Term Assets": {"2019-12-31": "33702.00000", "2018-12-31": "15438.00000", "2017-12-31": "15580.00000", "2016-12-31": "16354.00000", "2015-12-31": "20147.00000", "2014-12-31": "19477.00000", "2013-12-31": "19718.00000", "2012-12-31": "23705.00000", "2011-12-31": "20723.00000", "2010-12-31": "18410.00000", "2009-12-31": "16477.00000", "2008-12-31": "13426.00000", "2007-12-31": "12926.00000", "2006-12-31": "12976.00000", "2005-12-31": "10992.00000"}, "Total Assets": {"2019-12-31": "39974.00000", "2018-12-31": "20715.00000", "2017-12-31": "20646.00000", "2016-12-31": "21031.00000", "2015-12-31": "25130.00000", "2014-12-31": "24916.00000", "2013-12-31": "24607.00000", "2012-12-31": "29650.00000", "2011-12-31": "26111.00000", "2010-12-31": "25663.00000", "2009-12-31": "22299.00000", "2008-12-31": "15727.00000", "2007-12-31": "15598.00000", "2006-12-31": "15601.00000", "2005-12-31": "13992.00000"}, "Total Current Liabilities": {"2019-12-31": "2385.00000", "2018-12-31": "1787.00000", "2017-12-31": "1398.00000", "2016-12-31": "1750.00000", "2015-12-31": "1416.00000", "2014-12-31": "2198.00000", "2013-12-31": "2740.00000", "2012-12-31": "3141.00000", "2011-12-31": "3940.00000", "2010-12-31": "2747.00000", "2009-12-31": "2320.00000", "2008-12-31": "1577.00000", "2007-12-31": "1500.00000", "2006-12-31": "1707.00000", "2005-12-31": "1339.00000"}, "Long Term Debt": {"2019-12-31": "6734.00000", "2018-12-31": "3608.00000", "2017-12-31": "4061.00000", "2016-12-31": "4049.00000", "2015-12-31": "5854.00000", "2014-12-31": "6480.00000", "2013-12-31": "6145.00000", "2012-12-31": "6288.00000", "2011-12-31": "3624.00000", "2010-12-31": "4182.00000", "2009-12-31": "4652.00000", "2008-12-31": "3072.00000", "2007-12-31": "2683.00000", "2006-12-31": "1752.00000", "2005-12-31": "1723.00000"}, "Other Non-Current Liabilities": {"2019-12-31": "6031.00000", "2018-12-31": "3196.00000", "2017-12-31": "3073.00000", "2016-12-31": "2766.00000", "2015-12-31": "3030.00000", "2014-12-31": "2493.00000", "2013-12-31": "2178.00000", "2012-12-31": "2415.00000", "2011-12-31": "1992.00000", "2010-12-31": "1530.00000", "2009-12-31": "1373.00000", "2008-12-31": "1366.00000", "2007-12-31": "1393.00000", "2006-12-31": "1081.00000", "2005-12-31": "1177.00000"}, "Total Long Term Liabilities": {"2019-12-31": "15219.00000", "2018-12-31": "7463.00000", "2017-12-31": "7729.00000", "2016-12-31": "7407.00000", "2015-12-31": "9422.00000", "2014-12-31": "9629.00000", "2013-12-31": "8958.00000", "2012-12-31": "9561.00000", "2011-12-31": "6400.00000", "2010-12-31": "7200.00000", "2009-12-31": "7366.00000", "2008-12-31": "5489.00000", "2007-12-31": "6550.00000", "2006-12-31": "4557.00000", "2005-12-31": "4277.00000"}, "Total Liabilities": {"2019-12-31": "17604.00000", "2018-12-31": "9250.00000", "2017-12-31": "9127.00000", "2016-12-31": "9157.00000", "2015-12-31": "10838.00000", "2014-12-31": "11827.00000", "2013-12-31": "11698.00000", "2012-12-31": "12702.00000", "2011-12-31": "10340.00000", "2010-12-31": "9947.00000", "2009-12-31": "9686.00000", "2008-12-31": "7066.00000", "2007-12-31": "8050.00000", "2006-12-31": "6264.00000", "2005-12-31": "5616.00000"}, "Common Stock Net": {"2019-12-31": "1298.00000", "2018-12-31": "855.00000", "2017-12-31": "855.00000", "2016-12-31": "849.00000", "2015-12-31": "847.00000", "2014-12-31": "798.00000", "2013-12-31": "789.00000", "2012-12-31": "787.00000", "2011-12-31": "784.00000", "2010-12-31": "778.00000", "2009-12-31": "770.00000", "2008-12-31": "709.00000", "2007-12-31": "696.00000", "2006-12-31": "677.00000", "2005-12-31": "666.00000"}, "Retained Earnings (Accumulated Deficit)": {"2019-12-31": "2291.00000", "2018-12-31": "383.00000", "2017-12-31": "410.00000", "2016-12-31": "716.00000", "2015-12-31": "1410.00000", "2014-12-31": "1242.00000", "2013-12-31": "848.00000", "2012-12-31": "4166.00000", "2011-12-31": "3052.00000", "2010-12-31": "3180.00000", "2009-12-31": "1149.00000", "2008-12-31": "4.00000", "2007-12-31": "-801.00000", "2006-12-31": "1284.00000", "2005-12-31": "754.00000"}, "Comprehensive Income": {"2019-12-31": "-265.00000", "2018-12-31": "-284.00000", "2017-12-31": "-292.00000", "2016-12-31": "-334.00000", "2015-12-31": "-334.00000", "2014-12-31": "-478.00000", "2013-12-31": "-182.00000", "2012-12-31": "490.00000", "2011-12-31": "652.00000", "2010-12-31": "1108.00000", "2009-12-31": "626.00000", "2008-12-31": "-253.00000", "2007-12-31": "957.00000", "2006-12-31": "673.00000", "2005-12-31": "378.00000"}, "Other Share Holders Equity": {"2019-12-31": "", "2018-12-31": "", "2017-12-31": "", "2016-12-31": "", "2015-12-31": "", "2014-12-31": "", "2013-12-31": "", "2012-12-31": "", "2011-12-31": "", "2010-12-31": "", "2009-12-31": "", "2008-12-31": "", "2007-12-31": "", "2006-12-31": "", "2005-12-31": ""}, "Share Holder Equity": {"2019-12-31": "22370.00000", "2018-12-31": "11465.00000", "2017-12-31": "11519.00000", "2016-12-31": "11874.00000", "2015-12-31": "14292.00000", "2014-12-31": "13089.00000", "2013-12-31": "12909.00000", "2012-12-31": "16948.00000", "2011-12-31": "15771.00000", "2010-12-31": "15716.00000", "2009-12-31": "12613.00000", "2008-12-31": "8661.00000", "2007-12-31": "7548.00000", "2006-12-31": "9337.00000", "2005-12-31": "8376.00000"}, "Total Liabilities And Share Holders Equity": {"2019-12-31": "39974.00000", "2018-12-31": "20715.00000", "2017-12-31": "20646.00000", "2016-12-31": "21031.00000", "2015-12-31": "25130.00000", "2014-12-31": "24916.00000", "2013-12-31": "24607.00000", "2012-12-31": "29650.00000", "2011-12-31": "26111.00000", "2010-12-31": "25663.00000", "2009-12-31": "22299.00000", "2008-12-31": "15727.00000", "2007-12-31": "15598.00000", "2006-12-31": "15601.00000", "2005-12-31": "13992.00000"}}, "balance sheet, quarterly": {"Cash On Hand": {"2020-09-30": "5141.00000", "2020-06-30": "4118.00000", "2020-03-31": "3884.00000", "2019-12-31": "2480.00000", "2019-09-30": "2869.00000", "2019-06-30": "1851.00000", "2019-03-31": "3601.00000", "2018-12-31": "3445.00000", "2018-09-30": "3126.00000", "2018-06-30": "3183.00000", "2018-03-31": "3170.00000", "2017-12-31": "3321.00000", "2017-09-30": "3045.00000", "2017-06-30": "3166.00000", "2017-03-31": "2970.00000", "2016-12-31": "2812.00000", "2016-09-30": "2179.00000", "2016-06-30": "2948.00000", "2016-03-31": "2488.00000", "2015-12-31": "2382.00000", "2015-09-30": "2989.00000", "2015-06-30": "3341.00000", "2015-03-31": "2637.00000", "2014-12-31": "2476.00000", "2014-09-30": "1860.00000", "2014-06-30": "1737.00000", "2014-03-31": "1558.00000", "2013-12-31": "1633.00000", "2013-09-30": "1566.00000", "2013-06-30": "1876.00000", "2013-03-31": "1453.00000", "2012-12-31": "1647.00000", "2012-09-30": "1638.00000", "2012-06-30": "2029.00000", "2012-03-31": "2791.00000", "2011-12-31": "1854.00000", "2011-09-30": "2229.00000", "2011-06-30": "2058.00000", "2011-03-31": "4662.00000", "2010-12-31": "4169.00000", "2010-09-30": "3997.00000", "2010-06-30": "3666.00000", "2010-03-31": "3437.00000", "2009-12-31": "3271.00000", "2009-09-30": "3041.00000", "2009-06-30": "563.00000", "2009-03-31": "1464.00000", "2008-12-31": "447.00000", "2008-09-30": "880.00000", "2008-06-30": "1108.00000", "2008-03-31": "1073.00000", "2007-12-31": "1292.00000", "2007-09-30": "2138.00000", "2007-06-30": "1696.00000", "2007-03-31": "916.00000", "2006-12-31": "1275.00000", "2006-09-30": "1332.00000", "2006-06-30": "1489.00000", "2006-03-31": "1514.00000", "2005-12-31": "1899.00000", "2005-09-30": "2047.00000", "2005-06-30": "1839.00000", "2005-03-31": "2169.00000"}, "Receivables": {"2020-09-30": "324.00000", "2020-06-30": "255.00000", "2020-03-31": "220.00000", "2019-12-31": "373.00000", "2019-09-30": "383.00000", "2019-06-30": "330.00000", "2019-03-31": "289.00000", "2018-12-31": "254.00000", "2018-09-30": "272.00000", "2018-06-30": "234.00000", "2018-03-31": "330.00000", "2017-12-31": "237.00000", "2017-09-30": "247.00000", "2017-06-30": "337.00000", "2017-03-31": "285.00000", "2016-12-31": "343.00000", "2016-09-30": "293.00000", "2016-06-30": "509.00000", "2016-03-31": "495.00000", "2015-12-31": "215.00000", "2015-09-30": "349.00000", "2015-06-30": "555.00000", "2015-03-31": "416.00000", "2014-12-31": "476.00000", "2014-09-30": "391.00000", "2014-06-30": "446.00000", "2014-03-31": "525.00000", "2013-12-31": "482.00000", "2013-09-30": "472.00000", "2013-06-30": "546.00000", "2013-03-31": "765.00000", "2012-12-31": "860.00000", "2012-09-30": "784.00000", "2012-06-30": "649.00000", "2012-03-31": "711.00000", "2011-12-31": "620.00000", "2011-09-30": "571.00000", "2011-06-30": "553.00000", "2011-03-31": "552.00000", "2010-12-31": "670.00000", "2010-09-30": "582.00000", "2010-06-30": "464.00000", "2010-03-31": "601.00000", "2009-12-31": "540.00000", "2009-09-30": "394.00000", "2009-06-30": "512.00000", "2009-03-31": "549.00000", "2008-12-31": "318.00000", "2008-09-30": "322.00000", "2008-06-30": "410.00000", "2008-03-31": "451.00000", "2007-12-31": "345.00000", "2007-09-30": "499.00000", "2007-06-30": "366.00000", "2007-03-31": "417.00000", "2006-12-31": "348.00000", "2006-09-30": "298.00000", "2006-06-30": "353.00000", "2006-03-31": "274.00000", "2005-12-31": "229.00000", "2005-09-30": "278.00000", "2005-06-30": "293.00000", "2005-03-31": "257.00000"}, "Inventory": {"2020-09-30": "983.00000", "2020-06-30": "961.00000", "2020-03-31": "971.00000", "2019-12-31": "1014.00000", "2019-09-30": "1102.00000", "2019-06-30": "1147.00000", "2019-03-31": "634.00000", "2018-12-31": "630.00000", "2018-09-30": "713.00000", "2018-06-30": "697.00000", "2018-03-31": "657.00000", "2017-12-31": "679.00000", "2017-09-30": "692.00000", "2017-06-30": "665.00000", "2017-03-31": "666.00000", "2016-12-31": "617.00000", "2016-09-30": "609.00000", "2016-06-30": "728.00000", "2016-03-31": "710.00000", "2015-12-31": "561.00000", "2015-09-30": "766.00000", "2015-06-30": "748.00000", "2015-03-31": "684.00000", "2014-12-31": "700.00000", "2014-09-30": "846.00000", "2014-06-30": "863.00000", "2014-03-31": "814.00000", "2013-12-31": "717.00000", "2013-09-30": "793.00000", "2013-06-30": "803.00000", "2013-03-31": "846.00000", "2012-12-31": "796.00000", "2012-09-30": "842.00000", "2012-06-30": "803.00000", "2012-03-31": "699.00000", "2011-12-31": "714.00000", "2011-09-30": "720.00000", "2011-06-30": "671.00000", "2011-03-31": "607.00000", "2010-12-31": "658.00000", "2010-09-30": "526.00000", "2010-06-30": "510.00000", "2010-03-31": "501.00000", "2009-12-31": "493.00000", "2009-09-30": "479.00000", "2009-06-30": "481.00000", "2009-03-31": "475.00000", "2008-12-31": "507.00000", "2008-09-30": "508.00000", "2008-06-30": "454.00000", "2008-03-31": "423.00000", "2007-12-31": "463.00000", "2007-09-30": "387.00000", "2007-06-30": "406.00000", "2007-03-31": "381.00000", "2006-12-31": "376.00000", "2006-09-30": "372.00000", "2006-06-30": "349.00000", "2006-03-31": "349.00000", "2005-12-31": "304.00000", "2005-09-30": "342.00000", "2005-06-30": "282.00000", "2005-03-31": "289.00000"}, "Pre-Paid Expenses": {"2020-09-30": "", "2020-06-30": "", "2020-03-31": "", "2019-12-31": "", "2019-09-30": "", "2019-06-30": "", "2019-03-31": "", "2018-12-31": "", "2018-09-30": "", "2018-06-30": "", "2018-03-31": "", "2017-12-31": "", "2017-09-30": "", "2017-06-30": "", "2017-03-31": "", "2016-12-31": "", "2016-09-30": "", "2016-06-30": "", "2016-03-31": "", "2015-12-31": "", "2015-09-30": "", "2015-06-30": "", "2015-03-31": "", "2014-12-31": "", "2014-09-30": "", "2014-06-30": "", "2014-03-31": "", "2013-12-31": "", "2013-09-30": "", "2013-06-30": "", "2013-03-31": "", "2012-12-31": "", "2012-09-30": "", "2012-06-30": "", "2012-03-31": "", "2011-12-31": "", "2011-09-30": "", "2011-06-30": "", "2011-03-31": "", "2010-12-31": "", "2010-09-30": "", "2010-06-30": "", "2010-03-31": "", "2009-12-31": "", "2009-09-30": "", "2009-06-30": "", "2009-03-31": "", "2008-12-31": "", "2008-09-30": "", "2008-06-30": "", "2008-03-31": "", "2007-12-31": "", "2007-09-30": "", "2007-06-30": "", "2007-03-31": "", "2006-12-31": "", "2006-09-30": "", "2006-06-30": "", "2006-03-31": "", "2005-12-31": "", "2005-09-30": "", "2005-06-30": "", "2005-03-31": ""}, "Other Current Assets": {"2020-09-30": "1212.00000", "2020-06-30": "1350.00000", "2020-03-31": "1380.00000", "2019-12-31": "2405.00000", "2019-09-30": "1344.00000", "2019-06-30": "1310.00000", "2019-03-31": "873.00000", "2018-12-31": "948.00000", "2018-09-30": "824.00000", "2018-06-30": "853.00000", "2018-03-31": "781.00000", "2017-12-31": "829.00000", "2017-09-30": "824.00000", "2017-06-30": "930.00000", "2017-03-31": "917.00000", "2016-12-31": "905.00000", "2016-09-30": "4032.00000", "2016-06-30": "1109.00000", "2016-03-31": "1087.00000", "2015-12-31": "1825.00000", "2015-09-30": "898.00000", "2015-06-30": "1700.00000", "2015-03-31": "2191.00000", "2014-12-31": "1547.00000", "2014-09-30": "2068.00000", "2014-06-30": "2021.00000", "2014-03-31": "2111.00000", "2013-12-31": "1811.00000", "2013-09-30": "2177.00000", "2013-06-30": "1582.00000", "2013-03-31": "2265.00000", "2012-12-31": "2447.00000", "2012-09-30": "1809.00000", "2012-06-30": "1536.00000", "2012-03-31": "1628.00000", "2011-12-31": "1804.00000", "2011-09-30": "2415.00000", "2011-06-30": "2309.00000", "2011-03-31": "1885.00000", "2010-12-31": "1579.00000", "2010-09-30": "1756.00000", "2010-06-30": "1229.00000", "2010-03-31": "1193.00000", "2009-12-31": "1303.00000", "2009-09-30": "935.00000", "2009-06-30": "713.00000", "2009-03-31": "669.00000", "2008-12-31": "745.00000", "2008-09-30": "811.00000", "2008-06-30": "773.00000", "2008-03-31": "491.00000", "2007-12-31": "460.00000", "2007-09-30": "525.00000", "2007-06-30": "465.00000", "2007-03-31": "432.00000", "2006-12-31": "470.00000", "2006-09-30": "451.00000", "2006-06-30": "435.00000", "2006-03-31": "392.00000", "2005-12-31": "331.00000", "2005-09-30": "469.00000", "2005-06-30": "524.00000", "2005-03-31": "284.00000"}, "Total Current Assets": {"2020-09-30": "7660.00000", "2020-06-30": "6684.00000", "2020-03-31": "6455.00000", "2019-12-31": "6272.00000", "2019-09-30": "5698.00000", "2019-06-30": "4638.00000", "2019-03-31": "5397.00000", "2018-12-31": "5277.00000", "2018-09-30": "4935.00000", "2018-06-30": "4967.00000", "2018-03-31": "4938.00000", "2017-12-31": "5066.00000", "2017-09-30": "4808.00000", "2017-06-30": "5098.00000", "2017-03-31": "4838.00000", "2016-12-31": "4677.00000", "2016-09-30": "7113.00000", "2016-06-30": "5294.00000", "2016-03-31": "4780.00000", "2015-12-31": "4983.00000", "2015-09-30": "5195.00000", "2015-06-30": "6556.00000", "2015-03-31": "6151.00000", "2014-12-31": "5439.00000", "2014-09-30": "5488.00000", "2014-06-30": "5354.00000", "2014-03-31": "5247.00000", "2013-12-31": "4889.00000", "2013-09-30": "5221.00000", "2013-06-30": "5022.00000", "2013-03-31": "5626.00000", "2012-12-31": "5945.00000", "2012-09-30": "5324.00000", "2012-06-30": "5272.00000", "2012-03-31": "6092.00000", "2011-12-31": "5388.00000", "2011-09-30": "6360.00000", "2011-06-30": "5899.00000", "2011-03-31": "7884.00000", "2010-12-31": "7253.00000", "2010-09-30": "7056.00000", "2010-06-30": "6071.00000", "2010-03-31": "5961.00000", "2009-12-31": "5822.00000", "2009-09-30": "5038.00000", "2009-06-30": "2457.00000", "2009-03-31": "3351.00000", "2008-12-31": "2301.00000", "2008-09-30": "2625.00000", "2008-06-30": "2847.00000", "2008-03-31": "2546.00000", "2007-12-31": "2672.00000", "2007-09-30": "3692.00000", "2007-06-30": "3071.00000", "2007-03-31": "2295.00000", "2006-12-31": "2625.00000", "2006-09-30": "2593.00000", "2006-06-30": "2818.00000", "2006-03-31": "2709.00000", "2005-12-31": "3000.00000", "2005-09-30": "3136.00000", "2005-06-30": "2938.00000", "2005-03-31": "3215.00000"}, "Property, Plant, And Equipment": {"2020-09-30": "24333.00000", "2020-06-30": "24676.00000", "2020-03-31": "24952.00000", "2019-12-31": "25276.00000", "2019-09-30": "26197.00000", "2019-06-30": "23377.00000", "2019-03-31": "12264.00000", "2018-12-31": "12258.00000", "2018-09-30": "12209.00000", "2018-06-30": "12351.00000", "2018-03-31": "12311.00000", "2017-12-31": "12338.00000", "2017-09-30": "12173.00000", "2017-06-30": "12262.00000", "2017-03-31": "12378.00000", "2016-12-31": "12485.00000", "2016-09-30": "13170.00000", "2016-06-30": "14234.00000", "2016-03-31": "14284.00000", "2015-12-31": "13210.00000", "2015-09-30": "14335.00000", "2015-06-30": "13646.00000", "2015-03-31": "13612.00000", "2014-12-31": "13650.00000", "2014-09-30": "13901.00000", "2014-06-30": "14043.00000", "2014-03-31": "14138.00000", "2013-12-31": "14277.00000", "2013-09-30": "16322.00000", "2013-06-30": "16244.00000", "2013-03-31": "18151.00000", "2012-12-31": "18010.00000", "2012-09-30": "17472.00000", "2012-06-30": "16936.00000", "2012-03-31": "16364.00000", "2011-12-31": "15881.00000", "2011-09-30": "17019.00000", "2011-06-30": "16663.00000", "2011-03-31": "13074.00000", "2010-12-31": "12907.00000", "2010-09-30": "12532.00000", "2010-06-30": "12399.00000", "2010-03-31": "12456.00000", "2009-12-31": "12370.00000", "2009-09-30": "12150.00000", "2009-06-30": "11825.00000", "2009-03-31": "10194.00000", "2008-12-31": "10128.00000", "2008-09-30": "10172.00000", "2008-06-30": "10032.00000", "2008-03-31": "9744.00000", "2007-12-31": "9140.00000", "2007-09-30": "7334.00000", "2007-06-30": "7024.00000", "2007-03-31": "7036.00000", "2006-12-31": "6544.00000", "2006-09-30": "6547.00000", "2006-06-30": "6185.00000", "2006-03-31": "6011.00000", "2005-12-31": "5581.00000", "2005-09-30": "5527.00000", "2005-06-30": "5344.00000", "2005-03-31": "5400.00000"}, "Long-Term Investments": {"2020-09-30": "3030.00000", "2020-06-30": "3003.00000", "2020-03-31": "2890.00000", "2019-12-31": "3199.00000", "2019-09-30": "3295.00000", "2019-06-30": "3710.00000", "2019-03-31": "336.00000", "2018-12-31": "271.00000", "2018-09-30": "331.00000", "2018-06-30": "353.00000", "2018-03-31": "273.00000", "2017-12-31": "280.00000", "2017-09-30": "292.00000", "2017-06-30": "306.00000", "2017-03-31": "208.00000", "2016-12-31": "207.00000", "2016-09-30": "239.00000", "2016-06-30": "237.00000", "2016-03-31": "240.00000", "2015-12-31": "402.00000", "2015-09-30": "378.00000", "2015-06-30": "249.00000", "2015-03-31": "272.00000", "2014-12-31": "334.00000", "2014-09-30": "323.00000", "2014-06-30": "347.00000", "2014-03-31": "393.00000", "2013-12-31": "439.00000", "2013-09-30": "540.00000", "2013-06-30": "485.00000", "2013-03-31": "1361.00000", "2012-12-31": "1446.00000", "2012-09-30": "1397.00000", "2012-06-30": "1185.00000", "2012-03-31": "1479.00000", "2011-12-31": "1472.00000", "2011-09-30": "1254.00000", "2011-06-30": "1675.00000", "2011-03-31": "1779.00000", "2010-12-31": "1568.00000", "2010-09-30": "1278.00000", "2010-06-30": "1146.00000", "2010-03-31": "1232.00000", "2009-12-31": "1186.00000", "2009-09-30": "1069.00000", "2009-06-30": "902.00000", "2009-03-31": "753.00000", "2008-12-31": "655.00000", "2008-09-30": "1307.00000", "2008-06-30": "1933.00000", "2008-03-31": "1522.00000", "2007-12-31": "1531.00000", "2007-09-30": "351.00000", "2007-06-30": "472.00000", "2007-03-31": "1230.00000", "2006-12-31": "1319.00000", "2006-09-30": "1239.00000", "2006-06-30": "1308.00000", "2006-03-31": "1182.00000", "2005-12-31": "955.00000", "2005-09-30": "795.00000", "2005-06-30": "539.00000", "2005-03-31": "515.00000"}, "Goodwill And Intangible Assets": {"2020-09-30": "2771.00000", "2020-06-30": "2771.00000", "2020-03-31": "2763.00000", "2019-12-31": "2674.00000", "2019-09-30": "3078.00000", "2019-06-30": "2156.00000", "2019-03-31": "", "2018-12-31": "58.00000", "2018-09-30": "", "2018-06-30": "", "2018-03-31": "", "2017-12-31": "", "2017-09-30": "", "2017-06-30": "", "2017-03-31": "", "2016-12-31": "", "2016-09-30": "", "2016-06-30": "", "2016-03-31": "", "2015-12-31": "", "2015-09-30": "", "2015-06-30": "", "2015-03-31": "", "2014-12-31": "", "2014-09-30": "", "2014-06-30": "", "2014-03-31": "", "2013-12-31": "", "2013-09-30": "", "2013-06-30": "", "2013-03-31": "", "2012-12-31": "", "2012-09-30": "", "2012-06-30": "", "2012-03-31": "", "2011-12-31": "", "2011-09-30": "", "2011-06-30": "", "2011-03-31": "", "2010-12-31": "", "2010-09-30": "", "2010-06-30": "", "2010-03-31": "", "2009-12-31": "", "2009-09-30": "188.00000", "2009-06-30": "188.00000", "2009-03-31": "188.00000", "2008-12-31": "", "2008-09-30": "188.00000", "2008-06-30": "186.00000", "2008-03-31": "186.00000", "2007-12-31": "186.00000", "2007-09-30": "1320.00000", "2007-06-30": "1320.00000", "2007-03-31": "2986.00000", "2006-12-31": "1338.00000", "2006-09-30": "2895.00000", "2006-06-30": "2902.00000", "2006-03-31": "2902.00000", "2005-12-31": "2879.00000", "2005-09-30": "2992.00000", "2005-06-30": "2992.00000", "2005-03-31": "3025.00000"}, "Other Long-Term Assets": {"2020-09-30": "562.00000", "2020-06-30": "596.00000", "2020-03-31": "603.00000", "2019-12-31": "520.00000", "2019-09-30": "534.00000", "2019-06-30": "743.00000", "2019-03-31": "670.00000", "2018-12-31": "584.00000", "2018-09-30": "606.00000", "2018-06-30": "610.00000", "2018-03-31": "564.00000", "2017-12-31": "565.00000", "2017-09-30": "479.00000", "2017-06-30": "450.00000", "2017-03-31": "443.00000", "2016-12-31": "467.00000", "2016-09-30": "387.00000", "2016-06-30": "718.00000", "2016-03-31": "695.00000", "2015-12-31": "2927.00000", "2015-09-30": "928.00000", "2015-06-30": "910.00000", "2015-03-31": "934.00000", "2014-12-31": "883.00000", "2014-09-30": "891.00000", "2014-06-30": "848.00000", "2014-03-31": "881.00000", "2013-12-31": "844.00000", "2013-09-30": "827.00000", "2013-06-30": "808.00000", "2013-03-31": "888.00000", "2012-12-31": "872.00000", "2012-09-30": "896.00000", "2012-06-30": "1002.00000", "2012-03-31": "904.00000", "2011-12-31": "857.00000", "2011-09-30": "781.00000", "2011-06-30": "946.00000", "2011-03-31": "815.00000", "2010-12-31": "741.00000", "2010-09-30": "702.00000", "2010-06-30": "463.00000", "2010-03-31": "447.00000", "2009-12-31": "482.00000", "2009-09-30": "292.00000", "2009-06-30": "287.00000", "2009-03-31": "182.00000", "2008-12-31": "468.00000", "2008-09-30": "250.00000", "2008-06-30": "274.00000", "2008-03-31": "248.00000", "2007-12-31": "254.00000", "2007-09-30": "501.00000", "2007-06-30": "504.00000", "2007-03-31": "185.00000", "2006-12-31": "2170.00000", "2006-09-30": "238.00000", "2006-06-30": "274.00000", "2006-03-31": "274.00000", "2005-12-31": "363.00000", "2005-09-30": "297.00000", "2005-06-30": "519.00000", "2005-03-31": "177.00000"}, "Total Long-Term Assets": {"2020-09-30": "32891.00000", "2020-06-30": "33201.00000", "2020-03-31": "33244.00000", "2019-12-31": "33702.00000", "2019-09-30": "35065.00000", "2019-06-30": "32349.00000", "2019-03-31": "15483.00000", "2018-12-31": "15438.00000", "2018-09-30": "15624.00000", "2018-06-30": "15688.00000", "2018-03-31": "15545.00000", "2017-12-31": "15580.00000", "2017-09-30": "16028.00000", "2017-06-30": "16044.00000", "2017-03-31": "16131.00000", "2016-12-31": "16354.00000", "2016-09-30": "16968.00000", "2016-06-30": "19409.00000", "2016-03-31": "19773.00000", "2015-12-31": "20147.00000", "2015-09-30": "20359.00000", "2015-06-30": "19405.00000", "2015-03-31": "19451.00000", "2014-12-31": "19477.00000", "2014-09-30": "19633.00000", "2014-06-30": "19622.00000", "2014-03-31": "19551.00000", "2013-12-31": "19718.00000", "2013-09-30": "21578.00000", "2013-06-30": "21454.00000", "2013-03-31": "23825.00000", "2012-12-31": "23705.00000", "2012-09-30": "24199.00000", "2012-06-30": "23388.00000", "2012-03-31": "22869.00000", "2011-12-31": "20723.00000", "2011-09-30": "22779.00000", "2011-06-30": "22739.00000", "2011-03-31": "18970.00000", "2010-12-31": "18410.00000", "2010-09-30": "17320.00000", "2010-06-30": "16698.00000", "2010-03-31": "16684.00000", "2009-12-31": "16477.00000", "2009-09-30": "16109.00000", "2009-06-30": "15654.00000", "2009-03-31": "13674.00000", "2008-12-31": "13426.00000", "2008-09-30": "14073.00000", "2008-06-30": "14396.00000", "2008-03-31": "13468.00000", "2007-12-31": "12926.00000", "2007-09-30": "11292.00000", "2007-06-30": "10790.00000", "2007-03-31": "12880.00000", "2006-12-31": "12976.00000", "2006-09-30": "12528.00000", "2006-06-30": "12012.00000", "2006-03-31": "11716.00000", "2005-12-31": "10992.00000", "2005-09-30": "10819.00000", "2005-06-30": "10496.00000", "2005-03-31": "10269.00000"}, "Total Assets": {"2020-09-30": "40551.00000", "2020-06-30": "39885.00000", "2020-03-31": "39699.00000", "2019-12-31": "39974.00000", "2019-09-30": "40763.00000", "2019-06-30": "36987.00000", "2019-03-31": "20880.00000", "2018-12-31": "20715.00000", "2018-09-30": "20559.00000", "2018-06-30": "20655.00000", "2018-03-31": "20483.00000", "2017-12-31": "20646.00000", "2017-09-30": "20836.00000", "2017-06-30": "21142.00000", "2017-03-31": "20969.00000", "2016-12-31": "21031.00000", "2016-09-30": "24081.00000", "2016-06-30": "24703.00000", "2016-03-31": "24553.00000", "2015-12-31": "25130.00000", "2015-09-30": "25554.00000", "2015-06-30": "25961.00000", "2015-03-31": "25602.00000", "2014-12-31": "24916.00000", "2014-09-30": "25121.00000", "2014-06-30": "24976.00000", "2014-03-31": "24798.00000", "2013-12-31": "24607.00000", "2013-09-30": "26799.00000", "2013-06-30": "26476.00000", "2013-03-31": "29451.00000", "2012-12-31": "29650.00000", "2012-09-30": "29523.00000", "2012-06-30": "28660.00000", "2012-03-31": "28961.00000", "2011-12-31": "26111.00000", "2011-09-30": "29139.00000", "2011-06-30": "28638.00000", "2011-03-31": "26854.00000", "2010-12-31": "25663.00000", "2010-09-30": "24376.00000", "2010-06-30": "22769.00000", "2010-03-31": "22645.00000", "2009-12-31": "22299.00000", "2009-09-30": "21147.00000", "2009-06-30": "18111.00000", "2009-03-31": "17025.00000", "2008-12-31": "15727.00000", "2008-09-30": "16698.00000", "2008-06-30": "17243.00000", "2008-03-31": "16014.00000", "2007-12-31": "15598.00000", "2007-09-30": "14984.00000", "2007-06-30": "13861.00000", "2007-03-31": "15175.00000", "2006-12-31": "15601.00000", "2006-09-30": "15121.00000", "2006-06-30": "14830.00000", "2006-03-31": "14425.00000", "2005-12-31": "13992.00000", "2005-09-30": "13955.00000", "2005-06-30": "13434.00000", "2005-03-31": "13484.00000"}, "Total Current Liabilities": {"2020-09-30": "2703.00000", "2020-06-30": "2378.00000", "2020-03-31": "1952.00000", "2019-12-31": "2385.00000", "2019-09-30": "2611.00000", "2019-06-30": "2538.00000", "2019-03-31": "1815.00000", "2018-12-31": "1787.00000", "2018-09-30": "1051.00000", "2018-06-30": "1080.00000", "2018-03-31": "1181.00000", "2017-12-31": "1398.00000", "2017-09-30": "1150.00000", "2017-06-30": "1572.00000", "2017-03-31": "1565.00000", "2016-12-31": "1750.00000", "2016-09-30": "2536.00000", "2016-06-30": "1360.00000", "2016-03-31": "1458.00000", "2015-12-31": "1416.00000", "2015-09-30": "1691.00000", "2015-06-30": "2356.00000", "2015-03-31": "2834.00000", "2014-12-31": "2198.00000", "2014-09-30": "2511.00000", "2014-06-30": "2252.00000", "2014-03-31": "2884.00000", "2013-12-31": "2740.00000", "2013-09-30": "3258.00000", "2013-06-30": "2198.00000", "2013-03-31": "2652.00000", "2012-12-31": "3141.00000", "2012-09-30": "2571.00000", "2012-06-30": "2367.00000", "2012-03-31": "2571.00000", "2011-12-31": "3940.00000", "2011-09-30": "4475.00000", "2011-06-30": "3440.00000", "2011-03-31": "3501.00000", "2010-12-31": "2747.00000", "2010-09-30": "2798.00000", "2010-06-30": "2195.00000", "2010-03-31": "2013.00000", "2009-12-31": "2320.00000", "2009-09-30": "2201.00000", "2009-06-30": "1854.00000", "2009-03-31": "1571.00000", "2008-12-31": "1577.00000", "2008-09-30": "1550.00000", "2008-06-30": "1616.00000", "2008-03-31": "1418.00000", "2007-12-31": "1500.00000", "2007-09-30": "1622.00000", "2007-06-30": "1274.00000", "2007-03-31": "1466.00000", "2006-12-31": "1707.00000", "2006-09-30": "1638.00000", "2006-06-30": "1649.00000", "2006-03-31": "1502.00000", "2005-12-31": "1339.00000", "2005-09-30": "1240.00000", "2005-06-30": "1060.00000", "2005-03-31": "1109.00000"}, "Long Term Debt": {"2020-09-30": "6026.00000", "2020-06-30": "6028.00000", "2020-03-31": "6561.00000", "2019-12-31": "6734.00000", "2019-09-30": "6739.00000", "2019-06-30": "6057.00000", "2019-03-31": "3688.00000", "2018-12-31": "3608.00000", "2018-09-30": "4170.00000", "2018-06-30": "4108.00000", "2018-03-31": "4088.00000", "2017-12-31": "4061.00000", "2017-09-30": "4046.00000", "2017-06-30": "4046.00000", "2017-03-31": "4049.00000", "2016-12-31": "4049.00000", "2016-09-30": "4552.00000", "2016-06-30": "5375.00000", "2016-03-31": "5369.00000", "2015-12-31": "5854.00000", "2015-09-30": "6085.00000", "2015-06-30": "6140.00000", "2015-03-31": "6221.00000", "2014-12-31": "6480.00000", "2014-09-30": "6630.00000", "2014-06-30": "6673.00000", "2014-03-31": "6146.00000", "2013-12-31": "6145.00000", "2013-09-30": "5949.00000", "2013-06-30": "6726.00000", "2013-03-31": "6379.00000", "2012-12-31": "6288.00000", "2012-09-30": "6099.00000", "2012-06-30": "6088.00000", "2012-03-31": "6081.00000", "2011-12-31": "3624.00000", "2011-09-30": "3659.00000", "2011-06-30": "3771.00000", "2011-03-31": "3676.00000", "2010-12-31": "4182.00000", "2010-09-30": "4289.00000", "2010-06-30": "4280.00000", "2010-03-31": "4496.00000", "2009-12-31": "4652.00000", "2009-09-30": "4698.00000", "2009-06-30": "2810.00000", "2009-03-31": "2749.00000", "2008-12-31": "3072.00000", "2008-09-30": "3355.00000", "2008-06-30": "3085.00000", "2008-03-31": "2886.00000", "2007-12-31": "2683.00000", "2007-09-30": "2745.00000", "2007-06-30": "2493.00000", "2007-03-31": "1726.00000", "2006-12-31": "1752.00000", "2006-09-30": "1799.00000", "2006-06-30": "1709.00000", "2006-03-31": "1705.00000", "2005-12-31": "1723.00000", "2005-09-30": "1790.00000", "2005-06-30": "1795.00000", "2005-03-31": "1890.00000"}, "Other Non-Current Liabilities": {"2020-09-30": "5811.00000", "2020-06-30": "6235.00000", "2020-03-31": "6109.00000", "2019-12-31": "6031.00000", "2019-09-30": "5964.00000", "2019-06-30": "5561.00000", "2019-03-31": "3244.00000", "2018-12-31": "3196.00000", "2018-09-30": "3101.00000", "2018-06-30": "3045.00000", "2018-03-31": "3063.00000", "2017-12-31": "3073.00000", "2017-09-30": "2803.00000", "2017-06-30": "2870.00000", "2017-03-31": "2832.00000", "2016-12-31": "2766.00000", "2016-09-30": "2321.00000", "2016-06-30": "2659.00000", "2016-03-31": "2608.00000", "2015-12-31": "3030.00000", "2015-09-30": "2446.00000", "2015-06-30": "2438.00000", "2015-03-31": "2477.00000", "2014-12-31": "2493.00000", "2014-09-30": "2147.00000", "2014-06-30": "2230.00000", "2014-03-31": "2191.00000", "2013-12-31": "2178.00000", "2013-09-30": "2292.00000", "2013-06-30": "2508.00000", "2013-03-31": "2433.00000", "2012-12-31": "2415.00000", "2012-09-30": "2151.00000", "2012-06-30": "2160.00000", "2012-03-31": "2144.00000", "2011-12-31": "1992.00000", "2011-09-30": "1709.00000", "2011-06-30": "1699.00000", "2011-03-31": "1525.00000", "2010-12-31": "1530.00000", "2010-09-30": "1338.00000", "2010-06-30": "1419.00000", "2010-03-31": "1361.00000", "2009-12-31": "1373.00000", "2009-09-30": "1350.00000", "2009-06-30": "1456.00000", "2009-03-31": "1352.00000", "2008-12-31": "1366.00000", "2008-09-30": "1086.00000", "2008-06-30": "1123.00000", "2008-03-31": "1241.00000", "2007-12-31": "1393.00000", "2007-09-30": "1060.00000", "2007-06-30": "1101.00000", "2007-03-31": "1064.00000", "2006-12-31": "1081.00000", "2006-09-30": "1081.00000", "2006-06-30": "1066.00000", "2006-03-31": "1061.00000", "2005-12-31": "1177.00000", "2005-09-30": "1142.00000", "2005-06-30": "1187.00000", "2005-03-31": "1035.00000"}, "Total Long Term Liabilities": {"2020-09-30": "14271.00000", "2020-06-30": "14579.00000", "2020-03-31": "15012.00000", "2019-12-31": "15219.00000", "2019-09-30": "15717.00000", "2019-06-30": "14124.00000", "2019-03-31": "7594.00000", "2018-12-31": "7463.00000", "2018-09-30": "7934.00000", "2018-06-30": "7790.00000", "2018-03-31": "7747.00000", "2017-12-31": "7729.00000", "2017-09-30": "7455.00000", "2017-06-30": "7530.00000", "2017-03-31": "7488.00000", "2016-12-31": "7407.00000", "2016-09-30": "7436.00000", "2016-06-30": "8960.00000", "2016-03-31": "8842.00000", "2015-12-31": "9422.00000", "2015-09-30": "9294.00000", "2015-06-30": "9337.00000", "2015-03-31": "9405.00000", "2014-12-31": "9629.00000", "2014-09-30": "9511.00000", "2014-06-30": "9633.00000", "2014-03-31": "9033.00000", "2013-12-31": "8958.00000", "2013-09-30": "8999.00000", "2013-06-30": "10040.00000", "2013-03-31": "9674.00000", "2012-12-31": "9561.00000", "2012-09-30": "10436.00000", "2012-06-30": "10304.00000", "2012-03-31": "10325.00000", "2011-12-31": "6400.00000", "2011-09-30": "7960.00000", "2011-06-30": "8205.00000", "2011-03-31": "6732.00000", "2010-12-31": "7200.00000", "2010-09-30": "7059.00000", "2010-06-30": "7019.00000", "2010-03-31": "7227.00000", "2009-12-31": "7366.00000", "2009-09-30": "7277.00000", "2009-06-30": "5503.00000", "2009-03-31": "5225.00000", "2008-12-31": "5489.00000", "2008-09-30": "7073.00000", "2008-06-30": "7032.00000", "2008-03-31": "6714.00000", "2007-12-31": "6550.00000", "2007-09-30": "5733.00000", "2007-06-30": "5285.00000", "2007-03-31": "4522.00000", "2006-12-31": "4557.00000", "2006-09-30": "4447.00000", "2006-06-30": "4284.00000", "2006-03-31": "4252.00000", "2005-12-31": "4277.00000", "2005-09-30": "4369.00000", "2005-06-30": "4323.00000", "2005-03-31": "4354.00000"}, "Total Liabilities": {"2020-09-30": "16974.00000", "2020-06-30": "16957.00000", "2020-03-31": "16964.00000", "2019-12-31": "17604.00000", "2019-09-30": "18328.00000", "2019-06-30": "16662.00000", "2019-03-31": "9409.00000", "2018-12-31": "9250.00000", "2018-09-30": "8985.00000", "2018-06-30": "8870.00000", "2018-03-31": "8928.00000", "2017-12-31": "9127.00000", "2017-09-30": "8605.00000", "2017-06-30": "9102.00000", "2017-03-31": "9053.00000", "2016-12-31": "9157.00000", "2016-09-30": "9972.00000", "2016-06-30": "10320.00000", "2016-03-31": "10300.00000", "2015-12-31": "10838.00000", "2015-09-30": "10985.00000", "2015-06-30": "11693.00000", "2015-03-31": "12239.00000", "2014-12-31": "11827.00000", "2014-09-30": "12022.00000", "2014-06-30": "11885.00000", "2014-03-31": "11917.00000", "2013-12-31": "11698.00000", "2013-09-30": "12257.00000", "2013-06-30": "12238.00000", "2013-03-31": "12326.00000", "2012-12-31": "12702.00000", "2012-09-30": "13007.00000", "2012-06-30": "12671.00000", "2012-03-31": "12896.00000", "2011-12-31": "10340.00000", "2011-09-30": "12435.00000", "2011-06-30": "11645.00000", "2011-03-31": "10233.00000", "2010-12-31": "9947.00000", "2010-09-30": "9857.00000", "2010-06-30": "9214.00000", "2010-03-31": "9240.00000", "2009-12-31": "9686.00000", "2009-09-30": "9478.00000", "2009-06-30": "7357.00000", "2009-03-31": "6796.00000", "2008-12-31": "7066.00000", "2008-09-30": "8623.00000", "2008-06-30": "8648.00000", "2008-03-31": "8132.00000", "2007-12-31": "8050.00000", "2007-09-30": "7355.00000", "2007-06-30": "6559.00000", "2007-03-31": "5988.00000", "2006-12-31": "6264.00000", "2006-09-30": "6085.00000", "2006-06-30": "5933.00000", "2006-03-31": "5754.00000", "2005-12-31": "5616.00000", "2005-09-30": "5609.00000", "2005-06-30": "5383.00000", "2005-03-31": "5463.00000"}, "Common Stock Net": {"2020-09-30": "1292.00000", "2020-06-30": "1291.00000", "2020-03-31": "1290.00000", "2019-12-31": "1298.00000", "2019-09-30": "1317.00000", "2019-06-30": "1317.00000", "2019-03-31": "860.00000", "2018-12-31": "855.00000", "2018-09-30": "855.00000", "2018-06-30": "857.00000", "2018-03-31": "857.00000", "2017-12-31": "855.00000", "2017-09-30": "853.00000", "2017-06-30": "853.00000", "2017-03-31": "853.00000", "2016-12-31": "849.00000", "2016-09-30": "849.00000", "2016-06-30": "849.00000", "2016-03-31": "849.00000", "2015-12-31": "847.00000", "2015-09-30": "846.00000", "2015-06-30": "846.00000", "2015-03-31": "800.00000", "2014-12-31": "798.00000", "2014-09-30": "798.00000", "2014-06-30": "798.00000", "2014-03-31": "798.00000", "2013-12-31": "789.00000", "2013-09-30": "789.00000", "2013-06-30": "789.00000", "2013-03-31": "788.00000", "2012-12-31": "787.00000", "2012-09-30": "786.00000", "2012-06-30": "786.00000", "2012-03-31": "785.00000", "2011-12-31": "784.00000", "2011-09-30": "781.00000", "2011-06-30": "780.00000", "2011-03-31": "779.00000", "2010-12-31": "778.00000", "2010-09-30": "778.00000", "2010-06-30": "775.00000", "2010-03-31": "773.00000", "2009-12-31": "770.00000", "2009-09-30": "768.00000", "2009-06-30": "768.00000", "2009-03-31": "766.00000", "2008-12-31": "709.00000", "2008-09-30": "704.00000", "2008-06-30": "703.00000", "2008-03-31": "698.00000", "2007-12-31": "696.00000", "2007-09-30": "690.00000", "2007-06-30": "683.00000", "2007-03-31": "680.00000", "2006-12-31": "677.00000", "2006-09-30": "675.00000", "2006-06-30": "673.00000", "2006-03-31": "669.00000", "2005-12-31": "666.00000", "2005-09-30": "664.00000", "2005-06-30": "660.00000", "2005-03-31": "659.00000"}, "Retained Earnings (Accumulated Deficit)": {"2020-09-30": "3623.00000", "2020-06-30": "2989.00000", "2020-03-31": "2846.00000", "2019-12-31": "2291.00000", "2019-09-30": "2036.00000", "2019-06-30": "-25.00000", "2019-03-31": "385.00000", "2018-12-31": "383.00000", "2018-09-30": "361.00000", "2018-06-30": "592.00000", "2018-03-31": "380.00000", "2017-12-31": "410.00000", "2017-09-30": "1051.00000", "2017-06-30": "885.00000", "2017-03-31": "735.00000", "2016-12-31": "716.00000", "2016-09-30": "1086.00000", "2016-06-30": "1458.00000", "2016-03-31": "1449.00000", "2015-12-31": "1410.00000", "2015-09-30": "1678.00000", "2015-06-30": "1474.00000", "2015-03-31": "1413.00000", "2014-12-31": "1242.00000", "2014-09-30": "1239.00000", "2014-06-30": "1039.00000", "2014-03-31": "968.00000", "2013-12-31": "848.00000", "2013-09-30": "2361.00000", "2013-06-30": "2077.00000", "2013-03-31": "4270.00000", "2012-12-31": "4166.00000", "2012-09-30": "3667.00000", "2012-06-30": "3474.00000", "2012-03-31": "3369.00000", "2011-12-31": "3052.00000", "2011-09-30": "4253.00000", "2011-06-30": "3908.00000", "2011-03-31": "3620.00000", "2010-12-31": "3180.00000", "2010-09-30": "2442.00000", "2010-06-30": "1979.00000", "2010-03-31": "1646.00000", "2009-12-31": "1149.00000", "2009-09-30": "641.00000", "2009-06-30": "302.00000", "2009-03-31": "189.00000", "2008-12-31": "4.00000", "2008-09-30": "43.00000", "2008-06-30": "-154.00000", "2008-03-31": "-430.00000", "2007-12-31": "-801.00000", "2007-09-30": "-512.00000", "2007-06-30": "-908.00000", "2007-03-31": "1199.00000", "2006-12-31": "1284.00000", "2006-09-30": "1106.00000", "2006-06-30": "953.00000", "2006-03-31": "838.00000", "2005-12-31": "754.00000", "2005-09-30": "737.00000", "2005-06-30": "655.00000", "2005-03-31": "651.00000"}, "Comprehensive Income": {"2020-09-30": "-245.00000", "2020-06-30": "-247.00000", "2020-03-31": "-252.00000", "2019-12-31": "-265.00000", "2019-09-30": "-265.00000", "2019-06-30": "-257.00000", "2019-03-31": "-269.00000", "2018-12-31": "-284.00000", "2018-09-30": "-150.00000", "2018-06-30": "-162.00000", "2018-03-31": "-169.00000", "2017-12-31": "-292.00000", "2017-09-30": "-292.00000", "2017-06-30": "-318.00000", "2017-03-31": "-322.00000", "2016-12-31": "-334.00000", "2016-09-30": "-302.00000", "2016-06-30": "-341.00000", "2016-03-31": "-386.00000", "2015-12-31": "-334.00000", "2015-09-30": "-389.00000", "2015-06-30": "-440.00000", "2015-03-31": "-492.00000", "2014-12-31": "-478.00000", "2014-09-30": "-310.00000", "2014-06-30": "-242.00000", "2014-03-31": "-205.00000", "2013-12-31": "-182.00000", "2013-09-30": "-56.00000", "2013-06-30": "-71.00000", "2013-03-31": "429.00000", "2012-12-31": "490.00000", "2012-09-30": "595.00000", "2012-06-30": "361.00000", "2012-03-31": "658.00000", "2011-12-31": "652.00000", "2011-09-30": "462.00000", "2011-06-30": "1310.00000", "2011-03-31": "1389.00000", "2010-12-31": "1108.00000", "2010-09-30": "768.00000", "2010-06-30": "526.00000", "2010-03-31": "743.00000", "2009-12-31": "626.00000", "2009-09-30": "454.00000", "2009-06-30": "141.00000", "2009-03-31": "-208.00000", "2008-12-31": "-253.00000", "2008-09-30": "704.00000", "2008-06-30": "1395.00000", "2008-03-31": "937.00000", "2007-12-31": "957.00000", "2007-09-30": "743.00000", "2007-06-30": "789.00000", "2007-03-31": "582.00000", "2006-12-31": "673.00000", "2006-09-30": "572.00000", "2006-06-30": "602.00000", "2006-03-31": "533.00000", "2005-12-31": "378.00000", "2005-09-30": "399.00000", "2005-06-30": "195.00000", "2005-03-31": "177.00000"}, "Other Share Holders Equity": {"2020-09-30": "", "2020-06-30": "", "2020-03-31": "", "2019-12-31": "", "2019-09-30": "", "2019-06-30": "", "2019-03-31": "", "2018-12-31": "", "2018-09-30": "", "2018-06-30": "", "2018-03-31": "", "2017-12-31": "", "2017-09-30": "", "2017-06-30": "", "2017-03-31": "", "2016-12-31": "", "2016-09-30": "", "2016-06-30": "", "2016-03-31": "", "2015-12-31": "", "2015-09-30": "", "2015-06-30": "", "2015-03-31": "", "2014-12-31": "", "2014-09-30": "", "2014-06-30": "", "2014-03-31": "", "2013-12-31": "", "2013-09-30": "", "2013-06-30": "", "2013-03-31": "", "2012-12-31": "", "2012-09-30": "", "2012-06-30": "", "2012-03-31": "", "2011-12-31": "", "2011-09-30": "", "2011-06-30": "", "2011-03-31": "", "2010-12-31": "", "2010-09-30": "", "2010-06-30": "", "2010-03-31": "", "2009-12-31": "", "2009-09-30": "", "2009-06-30": "", "2009-03-31": "", "2008-12-31": "", "2008-09-30": "", "2008-06-30": "", "2008-03-31": "", "2007-12-31": "", "2007-09-30": "", "2007-06-30": "", "2007-03-31": "", "2006-12-31": "", "2006-09-30": "", "2006-06-30": "", "2006-03-31": "", "2005-12-31": "", "2005-09-30": "", "2005-06-30": "", "2005-03-31": ""}, "Share Holder Equity": {"2020-09-30": "23577.00000", "2020-06-30": "22928.00000", "2020-03-31": "22735.00000", "2019-12-31": "22370.00000", "2019-09-30": "22435.00000", "2019-06-30": "20325.00000", "2019-03-31": "11471.00000", "2018-12-31": "11465.00000", "2018-09-30": "11574.00000", "2018-06-30": "11785.00000", "2018-03-31": "11555.00000", "2017-12-31": "11519.00000", "2017-09-30": "12231.00000", "2017-06-30": "12040.00000", "2017-03-31": "11916.00000", "2016-12-31": "11874.00000", "2016-09-30": "14109.00000", "2016-06-30": "14383.00000", "2016-03-31": "14253.00000", "2015-12-31": "14292.00000", "2015-09-30": "14569.00000", "2015-06-30": "14268.00000", "2015-03-31": "13363.00000", "2014-12-31": "13089.00000", "2014-09-30": "13099.00000", "2014-06-30": "13091.00000", "2014-03-31": "12881.00000", "2013-12-31": "12909.00000", "2013-09-30": "14542.00000", "2013-06-30": "14238.00000", "2013-03-31": "17125.00000", "2012-12-31": "16948.00000", "2012-09-30": "16516.00000", "2012-06-30": "15989.00000", "2012-03-31": "16065.00000", "2011-12-31": "15771.00000", "2011-09-30": "16704.00000", "2011-06-30": "16993.00000", "2011-03-31": "16621.00000", "2010-12-31": "15716.00000", "2010-09-30": "14519.00000", "2010-06-30": "13555.00000", "2010-03-31": "13405.00000", "2009-12-31": "12613.00000", "2009-09-30": "11669.00000", "2009-06-30": "10754.00000", "2009-03-31": "10229.00000", "2008-12-31": "8661.00000", "2008-09-30": "8075.00000", "2008-06-30": "8595.00000", "2008-03-31": "7882.00000", "2007-12-31": "7548.00000", "2007-09-30": "7629.00000", "2007-06-30": "7302.00000", "2007-03-31": "9187.00000", "2006-12-31": "9337.00000", "2006-09-30": "9036.00000", "2006-06-30": "8897.00000", "2006-03-31": "8671.00000", "2005-12-31": "8376.00000", "2005-09-30": "8346.00000", "2005-06-30": "8051.00000", "2005-03-31": "8021.00000"}, "Total Liabilities And Share Holders Equity": {"2020-09-30": "40551.00000", "2020-06-30": "39885.00000", "2020-03-31": "39699.00000", "2019-12-31": "39974.00000", "2019-09-30": "40763.00000", "2019-06-30": "36987.00000", "2019-03-31": "20880.00000", "2018-12-31": "20715.00000", "2018-09-30": "20559.00000", "2018-06-30": "20655.00000", "2018-03-31": "20483.00000", "2017-12-31": "20646.00000", "2017-09-30": "20836.00000", "2017-06-30": "21142.00000", "2017-03-31": "20969.00000", "2016-12-31": "21031.00000", "2016-09-30": "24081.00000", "2016-06-30": "24703.00000", "2016-03-31": "24553.00000", "2015-12-31": "25130.00000", "2015-09-30": "25554.00000", "2015-06-30": "25961.00000", "2015-03-31": "25602.00000", "2014-12-31": "24916.00000", "2014-09-30": "25121.00000", "2014-06-30": "24976.00000", "2014-03-31": "24798.00000", "2013-12-31": "24607.00000", "2013-09-30": "26799.00000", "2013-06-30": "26476.00000", "2013-03-31": "29451.00000", "2012-12-31": "29650.00000", "2012-09-30": "29523.00000", "2012-06-30": "28660.00000", "2012-03-31": "28961.00000", "2011-12-31": "26111.00000", "2011-09-30": "29139.00000", "2011-06-30": "28638.00000", "2011-03-31": "26854.00000", "2010-12-31": "25663.00000", "2010-09-30": "24376.00000", "2010-06-30": "22769.00000", "2010-03-31": "22645.00000", "2009-12-31": "22299.00000", "2009-09-30": "21147.00000", "2009-06-30": "18111.00000", "2009-03-31": "17025.00000", "2008-12-31": "15727.00000", "2008-09-30": "16698.00000", "2008-06-30": "17243.00000", "2008-03-31": "16014.00000", "2007-12-31": "15598.00000", "2007-09-30": "14984.00000", "2007-06-30": "13861.00000", "2007-03-31": "15175.00000", "2006-12-31": "15601.00000", "2006-09-30": "15121.00000", "2006-06-30": "14830.00000", "2006-03-31": "14425.00000", "2005-12-31": "13992.00000", "2005-09-30": "13955.00000", "2005-06-30": "13434.00000", "2005-03-31": "13484.00000"}}, "cash flow statement": {"Net Income/Loss": {"2019-12-31": "2884.00000", "2018-12-31": "380.00000", "2017-12-31": "-109.00000", "2016-12-31": "-943.00000", "2015-12-31": "304.00000", "2014-12-31": "329.00000", "2013-12-31": "-2795.00000", "2012-12-31": "2111.00000", "2011-12-31": "972.00000", "2010-12-31": "3116.00000", "2009-12-31": "2093.00000", "2008-12-31": "1160.00000", "2007-12-31": "-1485.00000", "2006-12-31": "791.00000", "2005-12-31": "322.00000"}, "Total Depreciation And Amortization - Cash Flow": {"2019-12-31": "1960.00000", "2018-12-31": "1215.00000", "2017-12-31": "1261.00000", "2016-12-31": "1213.00000", "2015-12-31": "1217.00000", "2014-12-31": "1109.00000", "2013-12-31": "1362.00000", "2012-12-31": "1032.00000", "2011-12-31": "1036.00000", "2010-12-31": "945.00000", "2009-12-31": "806.00000", "2008-12-31": "738.00000", "2007-12-31": "1842.00000", "2006-12-31": "619.00000", "2005-12-31": "601.00000"}, "Other Non-Cash Items": {"2019-12-31": "-1669.00000", "2018-12-31": "975.00000", "2017-12-31": "1364.00000", "2016-12-31": "3009.00000", "2015-12-31": "830.00000", "2014-12-31": "690.00000", "2013-12-31": "4062.00000", "2012-12-31": "302.00000", "2011-12-31": "1887.00000", "2010-12-31": "-140.00000", "2009-12-31": "275.00000", "2008-12-31": "22.00000", "2007-12-31": "1037.00000", "2006-12-31": "162.00000", "2005-12-31": "543.00000"}, "Total Non-Cash Items": {"2019-12-31": "291.00000", "2018-12-31": "2190.00000", "2017-12-31": "2625.00000", "2016-12-31": "4222.00000", "2015-12-31": "2047.00000", "2014-12-31": "1799.00000", "2013-12-31": "5424.00000", "2012-12-31": "1334.00000", "2011-12-31": "2923.00000", "2010-12-31": "805.00000", "2009-12-31": "1081.00000", "2008-12-31": "760.00000", "2007-12-31": "2879.00000", "2006-12-31": "781.00000", "2005-12-31": "1144.00000"}, "Change In Accounts Receivable": {"2019-12-31": "", "2018-12-31": "", "2017-12-31": "", "2016-12-31": "", "2015-12-31": "", "2014-12-31": "", "2013-12-31": "", "2012-12-31": "", "2011-12-31": "", "2010-12-31": "", "2009-12-31": "", "2008-12-31": "", "2007-12-31": "", "2006-12-31": "-110.00000", "2005-12-31": "-62.00000"}, "Change In Inventories": {"2019-12-31": "", "2018-12-31": "", "2017-12-31": "", "2016-12-31": "", "2015-12-31": "", "2014-12-31": "", "2013-12-31": "", "2012-12-31": "", "2011-12-31": "", "2010-12-31": "", "2009-12-31": "", "2008-12-31": "", "2007-12-31": "", "2006-12-31": "-382.00000", "2005-12-31": "-178.00000"}, "Change In Accounts Payable": {"2019-12-31": "", "2018-12-31": "", "2017-12-31": "", "2016-12-31": "", "2015-12-31": "", "2014-12-31": "", "2013-12-31": "", "2012-12-31": "", "2011-12-31": "", "2010-12-31": "", "2009-12-31": "", "2008-12-31": "", "2007-12-31": "", "2006-12-31": "", "2005-12-31": ""}, "Change In Assets/Liabilities": {"2019-12-31": "-309.00000", "2018-12-31": "-743.00000", "2017-12-31": "-392.00000", "2016-12-31": "-493.00000", "2015-12-31": "-206.00000", "2014-12-31": "-690.00000", "2013-12-31": "-1086.00000", "2012-12-31": "-1073.00000", "2011-12-31": "-311.00000", "2010-12-31": "-754.00000", "2009-12-31": "-227.00000", "2008-12-31": "-627.00000", "2007-12-31": "-729.00000", "2006-12-31": "-85.00000", "2005-12-31": "-77.00000"}, "Total Change In Assets/Liabilities": {"2019-12-31": "-309.00000", "2018-12-31": "-743.00000", "2017-12-31": "-392.00000", "2016-12-31": "-493.00000", "2015-12-31": "-206.00000", "2014-12-31": "-690.00000", "2013-12-31": "-1086.00000", "2012-12-31": "-1073.00000", "2011-12-31": "-311.00000", "2010-12-31": "-754.00000", "2009-12-31": "-227.00000", "2008-12-31": "-627.00000", "2007-12-31": "-729.00000", "2006-12-31": "-347.00000", "2005-12-31": "-223.00000"}, "Cash Flow From Operating Activities": {"2019-12-31": "2866.00000", "2018-12-31": "1827.00000", "2017-12-31": "2124.00000", "2016-12-31": "2786.00000", "2015-12-31": "2145.00000", "2014-12-31": "1438.00000", "2013-12-31": "1543.00000", "2012-12-31": "2372.00000", "2011-12-31": "3584.00000", "2010-12-31": "3167.00000", "2009-12-31": "2947.00000", "2008-12-31": "1293.00000", "2007-12-31": "665.00000", "2006-12-31": "1225.00000", "2005-12-31": "1243.00000"}, "Net Change In Property, Plant, And Equipment": {"2019-12-31": "-1463.00000", "2018-12-31": "-1032.00000", "2017-12-31": "-866.00000", "2016-12-31": "-1133.00000", "2015-12-31": "-1311.00000", "2014-12-31": "-1040.00000", "2013-12-31": "-1900.00000", "2012-12-31": "-3210.00000", "2011-12-31": "-2787.00000", "2010-12-31": "-1402.00000", "2009-12-31": "-1769.00000", "2008-12-31": "-1870.00000", "2007-12-31": "-1669.00000", "2006-12-31": "-1537.00000", "2005-12-31": "-1204.00000"}, "Net Change In Intangible Assets": {"2019-12-31": "", "2018-12-31": "", "2017-12-31": "", "2016-12-31": "", "2015-12-31": "", "2014-12-31": "", "2013-12-31": "", "2012-12-31": "", "2011-12-31": "", "2010-12-31": "", "2009-12-31": "", "2008-12-31": "", "2007-12-31": "", "2006-12-31": "", "2005-12-31": ""}, "Net Acquisitions/Divestitures": {"2019-12-31": "127.00000", "2018-12-31": "-140.00000", "2017-12-31": "", "2016-12-31": "", "2015-12-31": "-823.00000", "2014-12-31": "-28.00000", "2013-12-31": "-13.00000", "2012-12-31": "-25.00000", "2011-12-31": "-2309.00000", "2010-12-31": "-4.00000", "2009-12-31": "-1007.00000", "2008-12-31": "-325.00000", "2007-12-31": "-792.00000", "2006-12-31": "-348.00000", "2005-12-31": ""}, "Net Change In Short-term Investments": {"2019-12-31": "", "2018-12-31": "", "2017-12-31": "", "2016-12-31": "", "2015-12-31": "", "2014-12-31": "", "2013-12-31": "-1.00000", "2012-12-31": "-220.00000", "2011-12-31": "60.00000", "2010-12-31": "-25.00000", "2009-12-31": "12.00000", "2008-12-31": "33.00000", "2007-12-31": "-34.00000", "2006-12-31": "723.00000", "2005-12-31": "-146.00000"}, "Net Change In Long-Term Investments": {"2019-12-31": "87.00000", "2018-12-31": "-21.00000", "2017-12-31": "-95.00000", "2016-12-31": "180.00000", "2015-12-31": "12.00000", "2014-12-31": "-1.00000", "2013-12-31": "589.00000", "2012-12-31": "210.00000", "2011-12-31": "", "2010-12-31": "", "2009-12-31": "", "2008-12-31": "", "2007-12-31": "", "2006-12-31": "", "2005-12-31": ""}, "Net Change In Investments - Total": {"2019-12-31": "87.00000", "2018-12-31": "-21.00000", "2017-12-31": "-95.00000", "2016-12-31": "180.00000", "2015-12-31": "12.00000", "2014-12-31": "-1.00000", "2013-12-31": "588.00000", "2012-12-31": "-10.00000", "2011-12-31": "60.00000", "2010-12-31": "-25.00000", "2009-12-31": "12.00000", "2008-12-31": "33.00000", "2007-12-31": "-34.00000", "2006-12-31": "723.00000", "2005-12-31": "-146.00000"}, "Investing Activities - Other": {"2019-12-31": "23.00000", "2018-12-31": "16.00000", "2017-12-31": "15.00000", "2016-12-31": "879.00000", "2015-12-31": "81.00000", "2014-12-31": "562.00000", "2013-12-31": "12.00000", "2012-12-31": "-19.00000", "2011-12-31": "-31.00000", "2010-12-31": "12.00000", "2009-12-31": "-17.00000", "2008-12-31": "5.00000", "2007-12-31": "1382.00000", "2006-12-31": "358.00000", "2005-12-31": "373.00000"}, "Cash Flow From Investing Activities": {"2019-12-31": "-1226.00000", "2018-12-31": "-1177.00000", "2017-12-31": "-946.00000", "2016-12-31": "-74.00000", "2015-12-31": "-2041.00000", "2014-12-31": "-507.00000", "2013-12-31": "-1313.00000", "2012-12-31": "-3264.00000", "2011-12-31": "-5067.00000", "2010-12-31": "-1419.00000", "2009-12-31": "-2781.00000", "2008-12-31": "-2157.00000", "2007-12-31": "-1113.00000", "2006-12-31": "-804.00000", "2005-12-31": "-977.00000"}, "Net Long-Term Debt": {"2019-12-31": "-1241.00000", "2018-12-31": "-4.00000", "2017-12-31": "-384.00000", "2016-12-31": "-1307.00000", "2015-12-31": "-229.00000", "2014-12-31": "-87.00000", "2013-12-31": "388.00000", "2012-12-31": "1548.00000", "2011-12-31": "-262.00000", "2010-12-31": "-430.00000", "2009-12-31": "1568.00000", "2008-12-31": "595.00000", "2007-12-31": "965.00000", "2006-12-31": "87.00000", "2005-12-31": "366.00000"}, "Net Current Debt": {"2019-12-31": "", "2018-12-31": "", "2017-12-31": "", "2016-12-31": "", "2015-12-31": "", "2014-12-31": "", "2013-12-31": "", "2012-12-31": "", "2011-12-31": "", "2010-12-31": "", "2009-12-31": "", "2008-12-31": "", "2007-12-31": "", "2006-12-31": "", "2005-12-31": ""}, "Debt Issuance/Retirement Net - Total": {"2019-12-31": "-1241.00000", "2018-12-31": "-4.00000", "2017-12-31": "-384.00000", "2016-12-31": "-1307.00000", "2015-12-31": "-229.00000", "2014-12-31": "-87.00000", "2013-12-31": "388.00000", "2012-12-31": "1548.00000", "2011-12-31": "-262.00000", "2010-12-31": "-430.00000", "2009-12-31": "1568.00000", "2008-12-31": "595.00000", "2007-12-31": "965.00000", "2006-12-31": "87.00000", "2005-12-31": "366.00000"}, "Net Common Equity Issued/Repurchased": {"2019-12-31": "-479.00000", "2018-12-31": "-98.00000", "2017-12-31": "", "2016-12-31": "", "2015-12-31": "675.00000", "2014-12-31": "", "2013-12-31": "2.00000", "2012-12-31": "24.00000", "2011-12-31": "40.00000", "2010-12-31": "60.00000", "2009-12-31": "1278.00000", "2008-12-31": "29.00000", "2007-12-31": "299.00000", "2006-12-31": "78.00000", "2005-12-31": "43.00000"}, "Net Total Equity Issued/Repurchased": {"2019-12-31": "-479.00000", "2018-12-31": "-98.00000", "2017-12-31": "", "2016-12-31": "", "2015-12-31": "675.00000", "2014-12-31": "", "2013-12-31": "2.00000", "2012-12-31": "24.00000", "2011-12-31": "40.00000", "2010-12-31": "60.00000", "2009-12-31": "1278.00000", "2008-12-31": "29.00000", "2007-12-31": "299.00000", "2006-12-31": "78.00000", "2005-12-31": "43.00000"}, "Total Common And Preferred Stock Dividends Paid": {"2019-12-31": "-889.00000", "2018-12-31": "-301.00000", "2017-12-31": "-134.00000", "2016-12-31": "-213.00000", "2015-12-31": "-55.00000", "2014-12-31": "-118.00000", "2013-12-31": "-612.00000", "2012-12-31": "-698.00000", "2011-12-31": "-611.00000", "2010-12-31": "-708.00000", "2009-12-31": "-590.00000", "2008-12-31": "-571.00000", "2007-12-31": "-451.00000", "2006-12-31": "-444.00000", "2005-12-31": "-365.00000"}, "Financial Activities - Other": {"2019-12-31": "-168.00000", "2018-12-31": "-52.00000", "2017-12-31": "-150.00000", "2016-12-31": "-297.00000", "2015-12-31": "-89.00000", "2014-12-31": "140.00000", "2013-12-31": "10.00000", "2012-12-31": "-185.00000", "2011-12-31": "-21.00000", "2010-12-31": "163.00000", "2009-12-31": "314.00000", "2008-12-31": "70.00000", "2007-12-31": "-348.00000", "2006-12-31": "-61.00000", "2005-12-31": "-6.00000"}, "Cash Flow From Financial Activities": {"2019-12-31": "-2777.00000", "2018-12-31": "-455.00000", "2017-12-31": "-668.00000", "2016-12-31": "-1817.00000", "2015-12-31": "302.00000", "2014-12-31": "-65.00000", "2013-12-31": "-212.00000", "2012-12-31": "689.00000", "2011-12-31": "-854.00000", "2010-12-31": "-915.00000", "2009-12-31": "2570.00000", "2008-12-31": "123.00000", "2007-12-31": "465.00000", "2006-12-31": "-340.00000", "2005-12-31": "38.00000"}, "Net Cash Flow": {"2019-12-31": "-1140.00000", "2018-12-31": "191.00000", "2017-12-31": "516.00000", "2016-12-31": "394.00000", "2015-12-31": "128.00000", "2014-12-31": "919.00000", "2013-12-31": "-6.00000", "2012-12-31": "-199.00000", "2011-12-31": "-2296.00000", "2010-12-31": "841.00000", "2009-12-31": "2780.00000", "2008-12-31": "-795.00000", "2007-12-31": "67.00000", "2006-12-31": "84.00000", "2005-12-31": "301.00000"}, "Stock-Based Compensation": {"2019-12-31": "97.00000", "2018-12-31": "76.00000", "2017-12-31": "70.00000", "2016-12-31": "70.00000", "2015-12-31": "77.00000", "2014-12-31": "51.00000", "2013-12-31": "64.00000", "2012-12-31": "72.00000", "2011-12-31": "79.00000", "2010-12-31": "70.00000", "2009-12-31": "57.00000", "2008-12-31": "50.00000", "2007-12-31": "46.00000", "2006-12-31": "50.00000", "2005-12-31": "27.00000"}, "Common Stock Dividends Paid": {"2019-12-31": "-889.00000", "2018-12-31": "-301.00000", "2017-12-31": "-134.00000", "2016-12-31": "-213.00000", "2015-12-31": "-55.00000", "2014-12-31": "-118.00000", "2013-12-31": "-612.00000", "2012-12-31": "-698.00000", "2011-12-31": "-611.00000", "2010-12-31": "-708.00000", "2009-12-31": "-590.00000", "2008-12-31": "-571.00000", "2007-12-31": "-451.00000", "2006-12-31": "-444.00000", "2005-12-31": "-365.00000"}}, "cash flow statement, quarterly": {"Net Income/Loss": {"2020-09-30": 856, "2020-06-30": 347, "2020-03-31": "824.00000", "2019-12-31": 561, "2019-09-30": 2204, "2019-06-30": 0, "2019-03-31": "119.00000", "2018-12-31": 15, "2018-09-30": -124, "2018-06-30": 298, "2018-03-31": "191.00000", "2017-12-31": -517, "2017-09-30": 199, "2017-06-30": 151, "2017-03-31": "58.00000", "2016-12-31": -827, "2016-09-30": -313, "2016-06-30": 62, "2016-03-31": "135.00000", "2015-12-31": -358, "2015-09-30": 285, "2015-06-30": 148, "2015-03-31": "229.00000", "2014-12-31": 61, "2014-09-30": 75, "2014-06-30": 145, "2014-03-31": "48.00000", "2013-12-31": -1272, "2013-09-30": 394, "2013-06-30": -2273, "2013-03-31": "356.00000", "2012-12-31": 690, "2012-09-30": 447, "2012-06-30": 371, "2012-03-31": "603.00000", "2011-12-31": -897, "2011-09-30": 675, "2011-06-30": 524, "2011-03-31": "670.00000", "2010-12-31": 1022, "2010-09-30": 814, "2010-06-30": 537, "2010-03-31": "743.00000", "2009-12-31": 865, "2009-09-30": 645, "2009-06-30": 306, "2009-03-31": "277.00000", "2008-12-31": 42, "2008-09-30": 222, "2008-06-30": 339, "2008-03-31": "557.00000", "2007-12-31": 112, "2007-09-30": 397, "2007-06-30": -2062, "2007-03-31": "68.00000", "2006-12-31": 223, "2006-09-30": 198, "2006-06-30": 161, "2006-03-31": "209.00000", "2005-12-31": 62, "2005-09-30": 126, "2005-06-30": 50, "2005-03-31": "84.00000"}, "Total Depreciation And Amortization - Cash Flow": {"2020-09-30": 592, "2020-06-30": 528, "2020-03-31": "565.00000", "2019-12-31": 613, "2019-09-30": 548, "2019-06-30": 487, "2019-03-31": "312.00000", "2018-12-31": 336, "2018-09-30": 299, "2018-06-30": 279, "2018-03-31": "301.00000", "2017-12-31": 323, "2017-09-30": 328, "2017-06-30": 282, "2017-03-31": "328.00000", "2016-12-31": 321, "2016-09-30": 335, "2016-06-30": 281, "2016-03-31": "276.00000", "2015-12-31": 323, "2015-09-30": 256, "2015-06-30": 292, "2015-03-31": "346.00000", "2014-12-31": 187, "2014-09-30": 277, "2014-06-30": 347, "2014-03-31": "298.00000", "2013-12-31": 381, "2013-09-30": -1963, "2013-06-30": 2677, "2013-03-31": "267.00000", "2012-12-31": 281, "2012-09-30": 272, "2012-06-30": 248, "2012-03-31": "231.00000", "2011-12-31": 260, "2011-09-30": 270, "2011-06-30": 250, "2011-03-31": "256.00000", "2010-12-31": 248, "2010-09-30": 242, "2010-06-30": 231, "2010-03-31": "224.00000", "2009-12-31": 206, "2009-09-30": 209, "2009-06-30": 200, "2009-03-31": "191.00000", "2008-12-31": 160, "2008-09-30": 196, "2008-06-30": 190, "2008-03-31": "192.00000", "2007-12-31": 1281, "2007-09-30": 177, "2007-06-30": 196, "2007-03-31": "188.00000", "2006-12-31": 167, "2006-09-30": 157, "2006-06-30": 148, "2006-03-31": "147.00000", "2005-12-31": 115, "2005-09-30": 202, "2005-06-30": 150, "2005-03-31": "134.00000"}, "Other Non-Cash Items": {"2020-09-30": -20, "2020-06-30": -66, "2020-03-31": "-480.00000", "2019-12-31": -69, "2019-09-30": -1811, "2019-06-30": 81, "2019-03-31": "130.00000", "2018-12-31": 465, "2018-09-30": 407, "2018-06-30": -19, "2018-03-31": "122.00000", "2017-12-31": 878, "2017-09-30": 144, "2017-06-30": 173, "2017-03-31": "169.00000", "2016-12-31": 1200, "2016-09-30": 1029, "2016-06-30": 408, "2016-03-31": "372.00000", "2015-12-31": 331, "2015-09-30": 183, "2015-06-30": 193, "2015-03-31": "123.00000", "2014-12-31": 327, "2014-09-30": 193, "2014-06-30": -14, "2014-03-31": "184.00000", "2013-12-31": 1809, "2013-09-30": 2102, "2013-06-30": 54, "2013-03-31": "97.00000", "2012-12-31": -95, "2012-09-30": 126, "2012-06-30": 140, "2012-03-31": "131.00000", "2011-12-31": 1527, "2011-09-30": 119, "2011-06-30": 199, "2011-03-31": "42.00000", "2010-12-31": -257, "2010-09-30": 133, "2010-06-30": 63, "2010-03-31": "-79.00000", "2009-12-31": 127, "2009-09-30": 50, "2009-06-30": 51, "2009-03-31": "47.00000", "2008-12-31": 235, "2008-09-30": -58, "2008-06-30": -54, "2008-03-31": "-101.00000", "2007-12-31": -759, "2007-09-30": 23, "2007-06-30": 1636, "2007-03-31": "137.00000", "2006-12-31": 4, "2006-09-30": -99, "2006-06-30": 204, "2006-03-31": "53.00000", "2005-12-31": 433, "2005-09-30": 33, "2005-06-30": 43, "2005-03-31": "34.00000"}, "Total Non-Cash Items": {"2020-09-30": 572, "2020-06-30": 462, "2020-03-31": "85.00000", "2019-12-31": 544, "2019-09-30": -1263, "2019-06-30": 568, "2019-03-31": "442.00000", "2018-12-31": 801, "2018-09-30": 706, "2018-06-30": 260, "2018-03-31": "423.00000", "2017-12-31": 1201, "2017-09-30": 472, "2017-06-30": 455, "2017-03-31": "497.00000", "2016-12-31": 1521, "2016-09-30": 1364, "2016-06-30": 689, "2016-03-31": "648.00000", "2015-12-31": 654, "2015-09-30": 439, "2015-06-30": 485, "2015-03-31": "469.00000", "2014-12-31": 514, "2014-09-30": 470, "2014-06-30": 333, "2014-03-31": "482.00000", "2013-12-31": 2190, "2013-09-30": 139, "2013-06-30": 2731, "2013-03-31": "364.00000", "2012-12-31": 186, "2012-09-30": 398, "2012-06-30": 388, "2012-03-31": "362.00000", "2011-12-31": 1787, "2011-09-30": 389, "2011-06-30": 449, "2011-03-31": "298.00000", "2010-12-31": -9, "2010-09-30": 375, "2010-06-30": 294, "2010-03-31": "145.00000", "2009-12-31": 333, "2009-09-30": 259, "2009-06-30": 251, "2009-03-31": "238.00000", "2008-12-31": 395, "2008-09-30": 138, "2008-06-30": 136, "2008-03-31": "91.00000", "2007-12-31": 522, "2007-09-30": 200, "2007-06-30": 1832, "2007-03-31": "325.00000", "2006-12-31": 171, "2006-09-30": 58, "2006-06-30": 352, "2006-03-31": "200.00000", "2005-12-31": 548, "2005-09-30": 235, "2005-06-30": 193, "2005-03-31": "168.00000"}, "Change In Accounts Receivable": {"2020-09-30": 0, "2020-06-30": 0, "2020-03-31": "", "2019-12-31": 0, "2019-09-30": 0, "2019-06-30": 0, "2019-03-31": "", "2018-12-31": 0, "2018-09-30": 0, "2018-06-30": 0, "2018-03-31": "", "2017-12-31": 0, "2017-09-30": 0, "2017-06-30": 0, "2017-03-31": "", "2016-12-31": 0, "2016-09-30": 0, "2016-06-30": 52, "2016-03-31": "-52.00000", "2015-12-31": 0, "2015-09-30": 0, "2015-06-30": 0, "2015-03-31": "", "2014-12-31": 0, "2014-09-30": 0, "2014-06-30": 0, "2014-03-31": "", "2013-12-31": 0, "2013-09-30": 0, "2013-06-30": 0, "2013-03-31": "", "2012-12-31": 0, "2012-09-30": 0, "2012-06-30": 0, "2012-03-31": "", "2011-12-31": 0, "2011-09-30": 0, "2011-06-30": 0, "2011-03-31": "", "2010-12-31": 0, "2010-09-30": 0, "2010-06-30": 0, "2010-03-31": "", "2009-12-31": 0, "2009-09-30": -68, "2009-06-30": 40, "2009-03-31": "28.00000", "2008-12-31": 0, "2008-09-30": 0, "2008-06-30": 98, "2008-03-31": "-98.00000", "2007-12-31": 0, "2007-09-30": 0, "2007-06-30": -1, "2007-03-31": "1.00000", "2006-12-31": -58, "2006-09-30": 46, "2006-06-30": -54, "2006-03-31": "-44.00000", "2005-12-31": -87, "2005-09-30": 69, "2005-06-30": -14, "2005-03-31": "-30.00000"}, "Change In Inventories": {"2020-09-30": 0, "2020-06-30": 0, "2020-03-31": "", "2019-12-31": 0, "2019-09-30": 0, "2019-06-30": 0, "2019-03-31": "", "2018-12-31": 0, "2018-09-30": 0, "2018-06-30": 0, "2018-03-31": "", "2017-12-31": 0, "2017-09-30": 0, "2017-06-30": 0, "2017-03-31": "", "2016-12-31": 0, "2016-09-30": 0, "2016-06-30": 96, "2016-03-31": "-96.00000", "2015-12-31": 0, "2015-09-30": 0, "2015-06-30": 0, "2015-03-31": "", "2014-12-31": 0, "2014-09-30": 0, "2014-06-30": 0, "2014-03-31": "", "2013-12-31": 0, "2013-09-30": 0, "2013-06-30": 0, "2013-03-31": "", "2012-12-31": 0, "2012-09-30": 0, "2012-06-30": 0, "2012-03-31": "", "2011-12-31": 0, "2011-09-30": 0, "2011-06-30": 0, "2011-03-31": "", "2010-12-31": 0, "2010-09-30": 0, "2010-06-30": 0, "2010-03-31": "", "2009-12-31": 0, "2009-09-30": 155, "2009-06-30": -121, "2009-03-31": "-34.00000", "2008-12-31": 0, "2008-09-30": 0, "2008-06-30": 4, "2008-03-31": "-4.00000", "2007-12-31": 0, "2007-09-30": 0, "2007-06-30": -10, "2007-03-31": "10.00000", "2006-12-31": -59, "2006-09-30": -99, "2006-06-30": -101, "2006-03-31": "-123.00000", "2005-12-31": -23, "2005-09-30": -83, "2005-06-30": -59, "2005-03-31": "-13.00000"}, "Change In Accounts Payable": {"2020-09-30": 0, "2020-06-30": 0, "2020-03-31": "", "2019-12-31": 0, "2019-09-30": 0, "2019-06-30": 0, "2019-03-31": "", "2018-12-31": 0, "2018-09-30": 0, "2018-06-30": 0, "2018-03-31": "", "2017-12-31": 0, "2017-09-30": 0, "2017-06-30": 0, "2017-03-31": "", "2016-12-31": 0, "2016-09-30": 0, "2016-06-30": 0, "2016-03-31": "", "2015-12-31": 0, "2015-09-30": 0, "2015-06-30": 0, "2015-03-31": "", "2014-12-31": 0, "2014-09-30": 0, "2014-06-30": 0, "2014-03-31": "", "2013-12-31": 0, "2013-09-30": 0, "2013-06-30": 0, "2013-03-31": "", "2012-12-31": 0, "2012-09-30": 0, "2012-06-30": 0, "2012-03-31": "", "2011-12-31": 0, "2011-09-30": 0, "2011-06-30": 0, "2011-03-31": "", "2010-12-31": 0, "2010-09-30": 0, "2010-06-30": 0, "2010-03-31": "", "2009-12-31": 0, "2009-09-30": 0, "2009-06-30": 0, "2009-03-31": "", "2008-12-31": 0, "2008-09-30": 0, "2008-06-30": 0, "2008-03-31": "", "2007-12-31": 0, "2007-09-30": 0, "2007-06-30": 0, "2007-03-31": "", "2006-12-31": 0, "2006-09-30": 0, "2006-06-30": 0, "2006-03-31": "", "2005-12-31": 0, "2005-09-30": 0, "2005-06-30": 0, "2005-03-31": ""}, "Change In Assets/Liabilities": {"2020-09-30": 168, "2020-06-30": -145, "2020-03-31": "27.00000", "2019-12-31": 100, "2019-09-30": -150, "2019-06-30": -269, "2019-03-31": "10.00000", "2018-12-31": -76, "2018-09-30": -157, "2018-06-30": -159, "2018-03-31": "-351.00000", "2017-12-31": 61, "2017-09-30": -185, "2017-06-30": -84, "2017-03-31": "-184.00000", "2016-12-31": -67, "2016-09-30": -195, "2016-06-30": -132, "2016-03-31": "-99.00000", "2015-12-31": -24, "2015-09-30": 86, "2015-06-30": -195, "2015-03-31": "-73.00000", "2014-12-31": -16, "2014-09-30": -221, "2014-06-30": -103, "2014-03-31": "-350.00000", "2013-12-31": -536, "2013-09-30": -93, "2013-06-30": -170, "2013-03-31": "-287.00000", "2012-12-31": -34, "2012-09-30": -271, "2012-06-30": -412, "2012-03-31": "-356.00000", "2011-12-31": 32, "2011-09-30": 197, "2011-06-30": -561, "2011-03-31": "21.00000", "2010-12-31": -168, "2010-09-30": -335, "2010-06-30": -78, "2010-03-31": "-173.00000", "2009-12-31": -200, "2009-09-30": -10, "2009-06-30": -9, "2009-03-31": "-8.00000", "2008-12-31": -207, "2008-09-30": -161, "2008-06-30": -215, "2008-03-31": "-44.00000", "2007-12-31": 38, "2007-09-30": -41, "2007-06-30": -715, "2007-03-31": "-11.00000", "2006-12-31": 8, "2006-09-30": -54, "2006-06-30": -16, "2006-03-31": "-23.00000", "2005-12-31": -53, "2005-09-30": -13, "2005-06-30": -9, "2005-03-31": "-2.00000"}, "Total Change In Assets/Liabilities": {"2020-09-30": 168, "2020-06-30": -145, "2020-03-31": "27.00000", "2019-12-31": 100, "2019-09-30": -150, "2019-06-30": -269, "2019-03-31": "10.00000", "2018-12-31": -76, "2018-09-30": -157, "2018-06-30": -159, "2018-03-31": "-351.00000", "2017-12-31": 61, "2017-09-30": -185, "2017-06-30": -84, "2017-03-31": "-184.00000", "2016-12-31": -67, "2016-09-30": -195, "2016-06-30": 26, "2016-03-31": "-257.00000", "2015-12-31": -24, "2015-09-30": 86, "2015-06-30": -195, "2015-03-31": "-73.00000", "2014-12-31": -16, "2014-09-30": -221, "2014-06-30": -103, "2014-03-31": "-350.00000", "2013-12-31": -536, "2013-09-30": -93, "2013-06-30": -170, "2013-03-31": "-287.00000", "2012-12-31": -34, "2012-09-30": -271, "2012-06-30": -412, "2012-03-31": "-356.00000", "2011-12-31": 32, "2011-09-30": 197, "2011-06-30": -561, "2011-03-31": "21.00000", "2010-12-31": -168, "2010-09-30": -335, "2010-06-30": -78, "2010-03-31": "-173.00000", "2009-12-31": -200, "2009-09-30": 151, "2009-06-30": -48, "2009-03-31": "-130.00000", "2008-12-31": -207, "2008-09-30": -161, "2008-06-30": -105, "2008-03-31": "-154.00000", "2007-12-31": 38, "2007-09-30": -41, "2007-06-30": -391, "2007-03-31": "-335.00000", "2006-12-31": 35, "2006-09-30": -31, "2006-06-30": -177, "2006-03-31": "-174.00000", "2005-12-31": -128, "2005-09-30": 76, "2005-06-30": -107, "2005-03-31": "-64.00000"}, "Cash Flow From Operating Activities": {"2020-09-30": 1596, "2020-06-30": 664, "2020-03-31": "936.00000", "2019-12-31": 1205, "2019-09-30": 791, "2019-06-30": 299, "2019-03-31": "571.00000", "2018-12-31": 740, "2018-09-30": 425, "2018-06-30": 399, "2018-03-31": "263.00000", "2017-12-31": 745, "2017-09-30": 486, "2017-06-30": 522, "2017-03-31": "371.00000", "2016-12-31": 627, "2016-09-30": 856, "2016-06-30": 777, "2016-03-31": "526.00000", "2015-12-31": 272, "2015-09-30": 810, "2015-06-30": 438, "2015-03-31": "625.00000", "2014-12-31": 559, "2014-09-30": 324, "2014-06-30": 375, "2014-03-31": "180.00000", "2013-12-31": 382, "2013-09-30": 440, "2013-06-30": 288, "2013-03-31": "433.00000", "2012-12-31": 842, "2012-09-30": 574, "2012-06-30": 347, "2012-03-31": "609.00000", "2011-12-31": 922, "2011-09-30": 1261, "2011-06-30": 412, "2011-03-31": "989.00000", "2010-12-31": 845, "2010-09-30": 854, "2010-06-30": 753, "2010-03-31": "715.00000", "2009-12-31": 998, "2009-09-30": 1055, "2009-06-30": 509, "2009-03-31": "385.00000", "2008-12-31": 230, "2008-09-30": 199, "2008-06-30": 370, "2008-03-31": "494.00000", "2007-12-31": 672, "2007-09-30": 556, "2007-06-30": -621, "2007-03-31": "58.00000", "2006-12-31": 429, "2006-09-30": 225, "2006-06-30": 336, "2006-03-31": "235.00000", "2005-12-31": 482, "2005-09-30": 437, "2005-06-30": 136, "2005-03-31": "188.00000"}, "Net Change In Property, Plant, And Equipment": {"2020-09-30": -296, "2020-06-30": -280, "2020-03-31": "-328.00000", "2019-12-31": -430, "2019-09-30": -428, "2019-06-30": -380, "2019-03-31": "-225.00000", "2018-12-31": -269, "2018-09-30": -274, "2018-06-30": -258, "2018-03-31": "-231.00000", "2017-12-31": -309, "2017-09-30": -194, "2017-06-30": -183, "2017-03-31": "-180.00000", "2016-12-31": -301, "2016-09-30": -269, "2016-06-30": -283, "2016-03-31": "-280.00000", "2015-12-31": -422, "2015-09-30": -283, "2015-06-30": -322, "2015-03-31": "-284.00000", "2014-12-31": -274, "2014-09-30": -277, "2014-06-30": -254, "2014-03-31": "-235.00000", "2013-12-31": -372, "2013-09-30": -408, "2013-06-30": -610, "2013-03-31": "-510.00000", "2012-12-31": -816, "2012-09-30": -816, "2012-06-30": -882, "2012-03-31": "-696.00000", "2011-12-31": -1006, "2011-09-30": -761, "2011-06-30": -618, "2011-03-31": "-402.00000", "2010-12-31": -430, "2010-09-30": -344, "2010-06-30": -319, "2010-03-31": "-309.00000", "2009-12-31": -455, "2009-09-30": -404, "2009-06-30": -580, "2009-03-31": "-330.00000", "2008-12-31": -520, "2008-09-30": -457, "2008-06-30": -443, "2008-03-31": "-450.00000", "2007-12-31": -510, "2007-09-30": -449, "2007-06-30": -350, "2007-03-31": "-360.00000", "2006-12-31": -433, "2006-09-30": -404, "2006-06-30": -333, "2006-03-31": "-367.00000", "2005-12-31": -320, "2005-09-30": -328, "2005-06-30": -314, "2005-03-31": "-242.00000"}, "Net Change In Intangible Assets": {"2020-09-30": 0, "2020-06-30": 0, "2020-03-31": "", "2019-12-31": 0, "2019-09-30": 0, "2019-06-30": 0, "2019-03-31": "", "2018-12-31": 0, "2018-09-30": 0, "2018-06-30": 0, "2018-03-31": "", "2017-12-31": 0, "2017-09-30": 0, "2017-06-30": 0, "2017-03-31": "", "2016-12-31": 0, "2016-09-30": 0, "2016-06-30": 0, "2016-03-31": "", "2015-12-31": 0, "2015-09-30": 0, "2015-06-30": 0, "2015-03-31": "", "2014-12-31": 0, "2014-09-30": 0, "2014-06-30": 0, "2014-03-31": "", "2013-12-31": 0, "2013-09-30": 0, "2013-06-30": 0, "2013-03-31": "", "2012-12-31": 0, "2012-09-30": 0, "2012-06-30": 0, "2012-03-31": "", "2011-12-31": 0, "2011-09-30": 0, "2011-06-30": 0, "2011-03-31": "", "2010-12-31": 0, "2010-09-30": 0, "2010-06-30": 0, "2010-03-31": "", "2009-12-31": 0, "2009-09-30": 0, "2009-06-30": 0, "2009-03-31": "", "2008-12-31": 0, "2008-09-30": 0, "2008-06-30": 0, "2008-03-31": "", "2007-12-31": 0, "2007-09-30": 0, "2007-06-30": 0, "2007-03-31": "", "2006-12-31": 0, "2006-09-30": 0, "2006-06-30": 0, "2006-03-31": "", "2005-12-31": 0, "2005-09-30": 0, "2005-06-30": 0, "2005-03-31": ""}, "Net Acquisitions/Divestitures": {"2020-09-30": 0, "2020-06-30": 0, "2020-03-31": "", "2019-12-31": 0, "2019-09-30": 6, "2019-06-30": 121, "2019-03-31": "", "2018-12-31": -2, "2018-09-30": -99, "2018-06-30": -39, "2018-03-31": "", "2017-12-31": 0, "2017-09-30": 0, "2017-06-30": 0, "2017-03-31": "", "2016-12-31": 0, "2016-09-30": 0, "2016-06-30": 0, "2016-03-31": "", "2015-12-31": 48, "2015-09-30": -871, "2015-06-30": 0, "2015-03-31": "", "2014-12-31": 0, "2014-09-30": 0, "2014-06-30": 0, "2014-03-31": "-28.00000", "2013-12-31": 0, "2013-09-30": 0, "2013-06-30": -5, "2013-03-31": "-8.00000", "2012-12-31": -3, "2012-09-30": 0, "2012-06-30": -11, "2012-03-31": "-11.00000", "2011-12-31": -8, "2011-09-30": -10, "2011-06-30": -2284, "2011-03-31": "-7.00000", "2010-12-31": -2, "2010-09-30": -2, "2010-06-30": 0, "2010-03-31": "", "2009-12-31": -241, "2009-09-30": -6, "2009-06-30": -749, "2009-03-31": "-11.00000", "2008-12-31": 11, "2008-09-30": -1, "2008-06-30": -14, "2008-03-31": "-321.00000", "2007-12-31": -946, "2007-09-30": 80, "2007-06-30": 76, "2007-03-31": "-2.00000", "2006-12-31": -255, "2006-09-30": 119, "2006-06-30": -22, "2006-03-31": "-190.00000", "2005-12-31": -115, "2005-09-30": 115, "2005-06-30": 0, "2005-03-31": ""}, "Net Change In Short-term Investments": {"2020-09-30": 0, "2020-06-30": 0, "2020-03-31": "", "2019-12-31": 0, "2019-09-30": 0, "2019-06-30": 0, "2019-03-31": "", "2018-12-31": 0, "2018-09-30": 0, "2018-06-30": 0, "2018-03-31": "", "2017-12-31": 0, "2017-09-30": 0, "2017-06-30": 0, "2017-03-31": "", "2016-12-31": 0, "2016-09-30": 0, "2016-06-30": 0, "2016-03-31": "", "2015-12-31": -29, "2015-09-30": 29, "2015-06-30": 0, "2015-03-31": "", "2014-12-31": -25, "2014-09-30": 25, "2014-06-30": -25, "2014-03-31": "25.00000", "2013-12-31": -588, "2013-09-30": 587, "2013-06-30": 0, "2013-03-31": "0.00000", "2012-12-31": -220, "2012-09-30": 90, "2012-06-30": 53, "2012-03-31": "-143.00000", "2011-12-31": 3, "2011-09-30": 17, "2011-06-30": 52, "2011-03-31": "-12.00000", "2010-12-31": -17, "2010-09-30": -2, "2010-06-30": -3, "2010-03-31": "-3.00000", "2009-12-31": 12, "2009-09-30": 0, "2009-06-30": 0, "2009-03-31": "", "2008-12-31": 1, "2008-09-30": 32, "2008-06-30": 3, "2008-03-31": "-3.00000", "2007-12-31": -2, "2007-09-30": -8, "2007-06-30": 5, "2007-03-31": "-29.00000", "2006-12-31": 135, "2006-09-30": 115, "2006-06-30": 175, "2006-03-31": "298.00000", "2005-12-31": -178, "2005-09-30": 250, "2005-06-30": 11, "2005-03-31": "-229.00000"}, "Net Change In Long-Term Investments": {"2020-09-30": 35, "2020-06-30": 28, "2020-03-31": "252.00000", "2019-12-31": 39, "2019-09-30": -2, "2019-06-30": 100, "2019-03-31": "-50.00000", "2018-12-31": -20, "2018-09-30": -7, "2018-06-30": 12, "2018-03-31": "-6.00000", "2017-12-31": -16, "2017-09-30": 15, "2017-06-30": -113, "2017-03-31": "19.00000", "2016-12-31": -4, "2016-09-30": 2, "2016-06-30": -2, "2016-03-31": "184.00000", "2015-12-31": 12, "2015-09-30": -29, "2015-06-30": 0, "2015-03-31": "29.00000", "2014-12-31": -1, "2014-09-30": -24, "2014-06-30": 25, "2014-03-31": "-1.00000", "2013-12-31": 589, "2013-09-30": 0, "2013-06-30": 0, "2013-03-31": "", "2012-12-31": 210, "2012-09-30": 0, "2012-06-30": 0, "2012-03-31": "", "2011-12-31": 0, "2011-09-30": 0, "2011-06-30": 0, "2011-03-31": "", "2010-12-31": 0, "2010-09-30": 0, "2010-06-30": 0, "2010-03-31": "", "2009-12-31": 0, "2009-09-30": 0, "2009-06-30": 0, "2009-03-31": "", "2008-12-31": 0, "2008-09-30": 0, "2008-06-30": 0, "2008-03-31": "", "2007-12-31": 0, "2007-09-30": 0, "2007-06-30": 0, "2007-03-31": "", "2006-12-31": 0, "2006-09-30": 0, "2006-06-30": 0, "2006-03-31": "", "2005-12-31": 0, "2005-09-30": 0, "2005-06-30": 0, "2005-03-31": ""}, "Net Change In Investments - Total": {"2020-09-30": 35, "2020-06-30": 28, "2020-03-31": "252.00000", "2019-12-31": 39, "2019-09-30": -2, "2019-06-30": 100, "2019-03-31": "-50.00000", "2018-12-31": -20, "2018-09-30": -7, "2018-06-30": 12, "2018-03-31": "-6.00000", "2017-12-31": -16, "2017-09-30": 15, "2017-06-30": -113, "2017-03-31": "19.00000", "2016-12-31": -4, "2016-09-30": 2, "2016-06-30": -2, "2016-03-31": "184.00000", "2015-12-31": -17, "2015-09-30": 0, "2015-06-30": 0, "2015-03-31": "29.00000", "2014-12-31": -26, "2014-09-30": 1, "2014-06-30": 0, "2014-03-31": "24.00000", "2013-12-31": 1, "2013-09-30": 587, "2013-06-30": 0, "2013-03-31": "", "2012-12-31": -10, "2012-09-30": 90, "2012-06-30": 53, "2012-03-31": "-143.00000", "2011-12-31": 3, "2011-09-30": 17, "2011-06-30": 52, "2011-03-31": "-12.00000", "2010-12-31": -17, "2010-09-30": -2, "2010-06-30": -3, "2010-03-31": "-3.00000", "2009-12-31": 12, "2009-09-30": 0, "2009-06-30": 0, "2009-03-31": "", "2008-12-31": 1, "2008-09-30": 32, "2008-06-30": 3, "2008-03-31": "-3.00000", "2007-12-31": -2, "2007-09-30": -8, "2007-06-30": 5, "2007-03-31": "-29.00000", "2006-12-31": 135, "2006-09-30": 115, "2006-06-30": 175, "2006-03-31": "298.00000", "2005-12-31": -178, "2005-09-30": 250, "2005-06-30": 11, "2005-03-31": "-229.00000"}, "Investing Activities - Other": {"2020-09-30": -76, "2020-06-30": -32, "2020-03-31": "1199.00000", "2019-12-31": -18, "2019-09-30": -14, "2019-06-30": 55, "2019-03-31": "", "2018-12-31": -2, "2018-09-30": 13, "2018-06-30": 4, "2018-03-31": "1.00000", "2017-12-31": -3, "2017-09-30": 1, "2017-06-30": 14, "2017-03-31": "3.00000", "2016-12-31": 933, "2016-09-30": -30, "2016-06-30": -9, "2016-03-31": "-15.00000", "2015-12-31": 2, "2015-09-30": 41, "2015-06-30": -3, "2015-03-31": "41.00000", "2014-12-31": 385, "2014-09-30": 112, "2014-06-30": 4, "2014-03-31": "61.00000", "2013-12-31": -5, "2013-09-30": -11, "2013-06-30": 17, "2013-03-31": "11.00000", "2012-12-31": 16, "2012-09-30": -11, "2012-06-30": -19, "2012-03-31": "-5.00000", "2011-12-31": -28, "2011-09-30": 6, "2011-06-30": -12, "2011-03-31": "3.00000", "2010-12-31": 32, "2010-09-30": -49, "2010-06-30": 2, "2010-03-31": "27.00000", "2009-12-31": -9, "2009-09-30": -6, "2009-06-30": 11, "2009-03-31": "-13.00000", "2008-12-31": -21, "2008-09-30": 42, "2008-06-30": -20, "2008-03-31": "4.00000", "2007-12-31": 1196, "2007-09-30": 20, "2007-06-30": 165, "2007-03-31": "1.00000", "2006-12-31": 339, "2006-09-30": 13, "2006-06-30": 4, "2006-03-31": "2.00000", "2005-12-31": 311, "2005-09-30": 2, "2005-06-30": 8, "2005-03-31": "52.00000"}, "Cash Flow From Investing Activities": {"2020-09-30": -337, "2020-06-30": -284, "2020-03-31": "1123.00000", "2019-12-31": -409, "2019-09-30": -438, "2019-06-30": -104, "2019-03-31": "-275.00000", "2018-12-31": -293, "2018-09-30": -367, "2018-06-30": -281, "2018-03-31": "-236.00000", "2017-12-31": -328, "2017-09-30": -178, "2017-06-30": -282, "2017-03-31": "-158.00000", "2016-12-31": 628, "2016-09-30": -297, "2016-06-30": -294, "2016-03-31": "-111.00000", "2015-12-31": -389, "2015-09-30": -1113, "2015-06-30": -325, "2015-03-31": "-214.00000", "2014-12-31": 85, "2014-09-30": -164, "2014-06-30": -250, "2014-03-31": "-178.00000", "2013-12-31": -376, "2013-09-30": 168, "2013-06-30": -598, "2013-03-31": "-507.00000", "2012-12-31": -813, "2012-09-30": -737, "2012-06-30": -859, "2012-03-31": "-855.00000", "2011-12-31": -1039, "2011-09-30": -748, "2011-06-30": -2862, "2011-03-31": "-418.00000", "2010-12-31": -417, "2010-09-30": -397, "2010-06-30": -320, "2010-03-31": "-285.00000", "2009-12-31": -693, "2009-09-30": -416, "2009-06-30": -1318, "2009-03-31": "-354.00000", "2008-12-31": -529, "2008-09-30": -384, "2008-06-30": -474, "2008-03-31": "-770.00000", "2007-12-31": -262, "2007-09-30": -357, "2007-06-30": -104, "2007-03-31": "-390.00000", "2006-12-31": -214, "2006-09-30": -157, "2006-06-30": -176, "2006-03-31": "-257.00000", "2005-12-31": -302, "2005-09-30": 39, "2005-06-30": -295, "2005-03-31": "-419.00000"}, "Net Long-Term Debt": {"2020-09-30": -49, "2020-06-30": -90, "2020-03-31": "-85.00000", "2019-12-31": -644, "2019-09-30": 653, "2019-06-30": -1250, "2019-03-31": "", "2018-12-31": -1, "2018-09-30": 0, "2018-06-30": -3, "2018-03-31": "", "2017-12-31": -1, "2017-09-30": -383, "2017-06-30": 0, "2017-03-31": "", "2016-12-31": -530, "2016-09-30": -276, "2016-06-30": -2, "2016-03-31": "-499.00000", "2015-12-31": -2, "2015-09-30": 54, "2015-06-30": -76, "2015-03-31": "-205.00000", "2014-12-31": -102, "2014-09-30": 2, "2014-06-30": 10, "2014-03-31": "3.00000", "2013-12-31": 186, "2013-09-30": -251, "2013-06-30": 373, "2013-03-31": "80.00000", "2012-12-31": 161, "2012-09-30": -15, "2012-06-30": -37, "2012-03-31": "1439.00000", "2011-12-31": 26, "2011-09-30": -90, "2011-06-30": -167, "2011-03-31": "-31.00000", "2010-12-31": -156, "2010-09-30": -11, "2010-06-30": -13, "2010-03-31": "-250.00000", "2009-12-31": -130, "2009-09-30": 1872, "2009-06-30": 46, "2009-03-31": "-220.00000", "2008-12-31": 43, "2008-09-30": 154, "2008-06-30": 202, "2008-03-31": "196.00000", "2007-12-31": -112, "2007-09-30": 334, "2007-06-30": 764, "2007-03-31": "-21.00000", "2006-12-31": -48, "2006-09-30": 99, "2006-06-30": 56, "2006-03-31": "-20.00000", "2005-12-31": -77, "2005-09-30": -71, "2005-06-30": -53, "2005-03-31": "567.00000"}, "Net Current Debt": {"2020-09-30": 0, "2020-06-30": 0, "2020-03-31": "", "2019-12-31": 0, "2019-09-30": 0, "2019-06-30": 0, "2019-03-31": "", "2018-12-31": 0, "2018-09-30": 0, "2018-06-30": 0, "2018-03-31": "", "2017-12-31": 0, "2017-09-30": 0, "2017-06-30": 0, "2017-03-31": "", "2016-12-31": 0, "2016-09-30": 0, "2016-06-30": 0, "2016-03-31": "", "2015-12-31": 0, "2015-09-30": 0, "2015-06-30": 0, "2015-03-31": "", "2014-12-31": 0, "2014-09-30": 0, "2014-06-30": 0, "2014-03-31": "", "2013-12-31": 0, "2013-09-30": 0, "2013-06-30": 0, "2013-03-31": "", "2012-12-31": 0, "2012-09-30": 0, "2012-06-30": 0, "2012-03-31": "", "2011-12-31": 0, "2011-09-30": 0, "2011-06-30": 0, "2011-03-31": "", "2010-12-31": 0, "2010-09-30": 0, "2010-06-30": 0, "2010-03-31": "", "2009-12-31": 0, "2009-09-30": 0, "2009-06-30": 0, "2009-03-31": "", "2008-12-31": 0, "2008-09-30": 0, "2008-06-30": 0, "2008-03-31": "", "2007-12-31": 0, "2007-09-30": 0, "2007-06-30": 0, "2007-03-31": "", "2006-12-31": 0, "2006-09-30": 0, "2006-06-30": 0, "2006-03-31": "", "2005-12-31": 0, "2005-09-30": 0, "2005-06-30": 0, "2005-03-31": ""}, "Debt Issuance/Retirement Net - Total": {"2020-09-30": -49, "2020-06-30": -90, "2020-03-31": "-85.00000", "2019-12-31": -644, "2019-09-30": 653, "2019-06-30": -1250, "2019-03-31": "", "2018-12-31": -1, "2018-09-30": 0, "2018-06-30": -3, "2018-03-31": "", "2017-12-31": -1, "2017-09-30": -383, "2017-06-30": 0, "2017-03-31": "", "2016-12-31": -530, "2016-09-30": -276, "2016-06-30": -2, "2016-03-31": "-499.00000", "2015-12-31": -2, "2015-09-30": 54, "2015-06-30": -76, "2015-03-31": "-205.00000", "2014-12-31": -102, "2014-09-30": 2, "2014-06-30": 10, "2014-03-31": "3.00000", "2013-12-31": 186, "2013-09-30": -251, "2013-06-30": 373, "2013-03-31": "80.00000", "2012-12-31": 161, "2012-09-30": -15, "2012-06-30": -37, "2012-03-31": "1439.00000", "2011-12-31": 26, "2011-09-30": -90, "2011-06-30": -167, "2011-03-31": "-31.00000", "2010-12-31": -156, "2010-09-30": -11, "2010-06-30": -13, "2010-03-31": "-250.00000", "2009-12-31": -130, "2009-09-30": 1872, "2009-06-30": 46, "2009-03-31": "-220.00000", "2008-12-31": 43, "2008-09-30": 154, "2008-06-30": 202, "2008-03-31": "196.00000", "2007-12-31": -112, "2007-09-30": 334, "2007-06-30": 764, "2007-03-31": "-21.00000", "2006-12-31": -48, "2006-09-30": 99, "2006-06-30": 56, "2006-03-31": "-20.00000", "2005-12-31": -77, "2005-09-30": -71, "2005-06-30": -53, "2005-03-31": "567.00000"}, "Net Common Equity Issued/Repurchased": {"2020-09-30": 50, "2020-06-30": 0, "2020-03-31": "-321.00000", "2019-12-31": -479, "2019-09-30": 0, "2019-06-30": 0, "2019-03-31": "", "2018-12-31": -2, "2018-09-30": -26, "2018-06-30": -6, "2018-03-31": "-64.00000", "2017-12-31": 0, "2017-09-30": 0, "2017-06-30": 0, "2017-03-31": "", "2016-12-31": 0, "2016-09-30": 0, "2016-06-30": 0, "2016-03-31": "", "2015-12-31": -37, "2015-09-30": 37, "2015-06-30": 675, "2015-03-31": "", "2014-12-31": 0, "2014-09-30": 0, "2014-06-30": 0, "2014-03-31": "", "2013-12-31": 0, "2013-09-30": 0, "2013-06-30": 1, "2013-03-31": "1.00000", "2012-12-31": 4, "2012-09-30": 5, "2012-06-30": 13, "2012-03-31": "2.00000", "2011-12-31": 5, "2011-09-30": 27, "2011-06-30": 5, "2011-03-31": "3.00000", "2010-12-31": 4, "2010-09-30": 26, "2010-06-30": 27, "2010-03-31": "3.00000", "2009-12-31": 30, "2009-09-30": 1, "2009-06-30": 8, "2009-03-31": "1239.00000", "2008-12-31": 2, "2008-09-30": 3, "2008-06-30": 7, "2008-03-31": "17.00000", "2007-12-31": 31, "2007-09-30": 254, "2007-06-30": 5, "2007-03-31": "9.00000", "2006-12-31": 12, "2006-09-30": 9, "2006-06-30": 19, "2006-03-31": "38.00000", "2005-12-31": 26, "2005-09-30": 11, "2005-06-30": 2, "2005-03-31": "4.00000"}, "Net Total Equity Issued/Repurchased": {"2020-09-30": 50, "2020-06-30": 0, "2020-03-31": "-321.00000", "2019-12-31": -479, "2019-09-30": 0, "2019-06-30": 0, "2019-03-31": "", "2018-12-31": -2, "2018-09-30": -26, "2018-06-30": -6, "2018-03-31": "-64.00000", "2017-12-31": 0, "2017-09-30": 0, "2017-06-30": 0, "2017-03-31": "", "2016-12-31": 0, "2016-09-30": 0, "2016-06-30": 0, "2016-03-31": "", "2015-12-31": -37, "2015-09-30": 37, "2015-06-30": 675, "2015-03-31": "", "2014-12-31": 0, "2014-09-30": 0, "2014-06-30": 0, "2014-03-31": "", "2013-12-31": 0, "2013-09-30": 0, "2013-06-30": 1, "2013-03-31": "1.00000", "2012-12-31": 4, "2012-09-30": 5, "2012-06-30": 13, "2012-03-31": "2.00000", "2011-12-31": 5, "2011-09-30": 27, "2011-06-30": 5, "2011-03-31": "3.00000", "2010-12-31": 4, "2010-09-30": 26, "2010-06-30": 27, "2010-03-31": "3.00000", "2009-12-31": 30, "2009-09-30": 1, "2009-06-30": 8, "2009-03-31": "1239.00000", "2008-12-31": 2, "2008-09-30": 3, "2008-06-30": 7, "2008-03-31": "17.00000", "2007-12-31": 31, "2007-09-30": 254, "2007-06-30": 5, "2007-03-31": "9.00000", "2006-12-31": 12, "2006-09-30": 9, "2006-06-30": 19, "2006-03-31": "38.00000", "2005-12-31": 26, "2005-09-30": 11, "2005-06-30": 2, "2005-03-31": "4.00000"}, "Total Common And Preferred Stock Dividends Paid": {"2020-09-30": -201, "2020-06-30": -155, "2020-03-31": "-158.00000", "2019-12-31": -114, "2019-09-30": -109, "2019-06-30": -546, "2019-03-31": "-120.00000", "2018-12-31": -75, "2018-09-30": -76, "2018-06-30": -74, "2018-03-31": "-76.00000", "2017-12-31": -40, "2017-09-30": -40, "2017-06-30": -27, "2017-03-31": "-27.00000", "2016-12-31": -26, "2016-09-30": -14, "2016-06-30": -14, "2016-03-31": "-159.00000", "2015-12-31": -14, "2015-09-30": -15, "2015-06-30": -11, "2015-03-31": "-15.00000", "2014-12-31": -12, "2014-09-30": -13, "2014-06-30": -16, "2014-03-31": "-77.00000", "2013-12-31": -101, "2013-09-30": -124, "2013-06-30": -176, "2013-03-31": "-211.00000", "2012-12-31": -174, "2012-09-30": -174, "2012-06-30": -177, "2012-03-31": "-173.00000", "2011-12-31": -273, "2011-09-30": -148, "2011-06-30": -101, "2011-03-31": "-89.00000", "2010-12-31": -176, "2010-09-30": -127, "2010-06-30": -136, "2010-03-31": "-269.00000", "2009-12-31": -328, "2009-09-30": -52, "2009-06-30": -161, "2009-03-31": "-49.00000", "2008-12-31": -188, "2008-09-30": -145, "2008-06-30": -95, "2008-03-31": "-143.00000", "2007-12-31": -199, "2007-09-30": -47, "2007-06-30": -159, "2007-03-31": "-46.00000", "2006-12-31": -74, "2006-09-30": -191, "2006-06-30": -89, "2006-03-31": "-90.00000", "2005-12-31": -146, "2005-09-30": -59, "2005-06-30": -99, "2005-03-31": "-61.00000"}, "Financial Activities - Other": {"2020-09-30": -42, "2020-06-30": -46, "2020-03-31": "-22.00000", "2019-12-31": -34, "2019-09-30": -14, "2019-06-30": -97, "2019-03-31": "-23.00000", "2018-12-31": -31, "2018-09-30": -13, "2018-06-30": 31, "2018-03-31": "-39.00000", "2017-12-31": -85, "2017-09-30": -12, "2017-06-30": -28, "2017-03-31": "-25.00000", "2016-12-31": -10, "2016-09-30": -179, "2016-06-30": -24, "2016-03-31": "-84.00000", "2015-12-31": -6, "2015-09-30": -115, "2015-06-30": 8, "2015-03-31": "24.00000", "2014-12-31": 102, "2014-09-30": -15, "2014-06-30": 59, "2014-03-31": "-6.00000", "2013-12-31": -5, "2013-09-30": -4, "2013-06-30": -6, "2013-03-31": "25.00000", "2012-12-31": -11, "2012-09-30": -1, "2012-06-30": 1, "2012-03-31": "-174.00000", "2011-12-31": -24, "2011-09-30": 3, "2011-06-30": 0, "2011-03-31": "", "2010-12-31": -3, "2010-09-30": -2, "2010-06-30": -68, "2010-03-31": "236.00000", "2009-12-31": 311, "2009-09-30": 0, "2009-06-30": -9, "2009-03-31": "12.00000", "2008-12-31": 54, "2008-09-30": 11, "2008-06-30": 4, "2008-03-31": "1.00000", "2007-12-31": 11, "2007-09-30": -361, "2007-06-30": -6, "2007-03-31": "8.00000", "2006-12-31": 5, "2006-09-30": -64, "2006-06-30": 6, "2006-03-31": "-8.00000", "2005-12-31": 4, "2005-09-30": -3, "2005-06-30": -6, "2005-03-31": "-1.00000"}, "Cash Flow From Financial Activities": {"2020-09-30": -242, "2020-06-30": -291, "2020-03-31": "-586.00000", "2019-12-31": -1271, "2019-09-30": 530, "2019-06-30": -1893, "2019-03-31": "-143.00000", "2018-12-31": -109, "2018-09-30": -115, "2018-06-30": -52, "2018-03-31": "-179.00000", "2017-12-31": -126, "2017-09-30": -435, "2017-06-30": -55, "2017-03-31": "-52.00000", "2016-12-31": -566, "2016-09-30": -469, "2016-06-30": -40, "2016-03-31": "-742.00000", "2015-12-31": -59, "2015-09-30": -39, "2015-06-30": 596, "2015-03-31": "-196.00000", "2014-12-31": -12, "2014-09-30": -26, "2014-06-30": 53, "2014-03-31": "-80.00000", "2013-12-31": 80, "2013-09-30": -379, "2013-06-30": 192, "2013-03-31": "-105.00000", "2012-12-31": -20, "2012-09-30": -185, "2012-06-30": -200, "2012-03-31": "1094.00000", "2011-12-31": -266, "2011-09-30": -208, "2011-06-30": -263, "2011-03-31": "-117.00000", "2010-12-31": -331, "2010-09-30": -114, "2010-06-30": -190, "2010-03-31": "-280.00000", "2009-12-31": -117, "2009-09-30": 1821, "2009-06-30": -116, "2009-03-31": "982.00000", "2008-12-31": -89, "2008-09-30": 23, "2008-06-30": 118, "2008-03-31": "71.00000", "2007-12-31": -269, "2007-09-30": 180, "2007-06-30": 604, "2007-03-31": "-50.00000", "2006-12-31": -105, "2006-09-30": -147, "2006-06-30": -8, "2006-03-31": "-80.00000", "2005-12-31": -193, "2005-09-30": -122, "2005-06-30": -156, "2005-03-31": "509.00000"}, "Net Cash Flow": {"2020-09-30": 1021, "2020-06-30": 93, "2020-03-31": "1469.00000", "2019-12-31": -474, "2019-09-30": 881, "2019-06-30": -1697, "2019-03-31": "150.00000", "2018-12-31": 338, "2018-09-30": -59, "2018-06-30": 64, "2018-03-31": "-152.00000", "2017-12-31": 294, "2017-09-30": -126, "2017-06-30": 186, "2017-03-31": "162.00000", "2016-12-31": 658, "2016-09-30": -82, "2016-06-30": 400, "2016-03-31": "-582.00000", "2015-12-31": -71, "2015-09-30": -706, "2015-06-30": 710, "2015-03-31": "195.00000", "2014-12-31": 696, "2014-09-30": 125, "2014-06-30": 178, "2014-03-31": "-80.00000", "2013-12-31": 80, "2013-09-30": 227, "2013-06-30": -130, "2013-03-31": "-183.00000", "2012-12-31": 12, "2012-09-30": -348, "2012-06-30": -715, "2012-03-31": "852.00000", "2011-12-31": -375, "2011-09-30": 280, "2011-06-30": -2678, "2011-03-31": "477.00000", "2010-12-31": 105, "2010-09-30": 349, "2010-06-30": 238, "2010-03-31": "149.00000", "2009-12-31": 193, "2009-09-30": 2478, "2009-06-30": -905, "2009-03-31": "1014.00000", "2008-12-31": -418, "2008-09-30": -182, "2008-06-30": 22, "2008-03-31": "-217.00000", "2007-12-31": 180, "2007-09-30": 385, "2007-06-30": -118, "2007-03-31": "-380.00000", "2006-12-31": 107, "2006-09-30": -76, "2006-06-30": 156, "2006-03-31": "-103.00000", "2005-12-31": -13, "2005-09-30": 354, "2005-06-30": -316, "2005-03-31": "276.00000"}, "Stock-Based Compensation": {"2020-09-30": 17, "2020-06-30": 17, "2020-03-31": "21.00000", "2019-12-31": 21, "2019-09-30": 22, "2019-06-30": 35, "2019-03-31": "19.00000", "2018-12-31": 19, "2018-09-30": 19, "2018-06-30": 19, "2018-03-31": "19.00000", "2017-12-31": 17, "2017-09-30": 18, "2017-06-30": 19, "2017-03-31": "16.00000", "2016-12-31": 16, "2016-09-30": 17, "2016-06-30": 21, "2016-03-31": "16.00000", "2015-12-31": 19, "2015-09-30": 18, "2015-06-30": 20, "2015-03-31": "20.00000", "2014-12-31": 9, "2014-09-30": 15, "2014-06-30": 14, "2014-03-31": "13.00000", "2013-12-31": 9, "2013-09-30": 17, "2013-06-30": 19, "2013-03-31": "19.00000", "2012-12-31": 17, "2012-09-30": 19, "2012-06-30": 19, "2012-03-31": "17.00000", "2011-12-31": 17, "2011-09-30": 18, "2011-06-30": 25, "2011-03-31": "19.00000", "2010-12-31": 16, "2010-09-30": 15, "2010-06-30": 21, "2010-03-31": "18.00000", "2009-12-31": 13, "2009-09-30": 14, "2009-06-30": 16, "2009-03-31": "14.00000", "2008-12-31": 12, "2008-09-30": 14, "2008-06-30": 13, "2008-03-31": "11.00000", "2007-12-31": 10, "2007-09-30": 11, "2007-06-30": 12, "2007-03-31": "13.00000", "2006-12-31": 50, "2006-09-30": 0, "2006-06-30": 0, "2006-03-31": "", "2005-12-31": 27, "2005-09-30": 0, "2005-06-30": 0, "2005-03-31": ""}, "Common Stock Dividends Paid": {"2020-09-30": -201, "2020-06-30": -155, "2020-03-31": "-158.00000", "2019-12-31": -114, "2019-09-30": -109, "2019-06-30": -546, "2019-03-31": "-120.00000", "2018-12-31": -75, "2018-09-30": -76, "2018-06-30": -74, "2018-03-31": "-76.00000", "2017-12-31": -40, "2017-09-30": -40, "2017-06-30": -27, "2017-03-31": "-27.00000", "2016-12-31": -26, "2016-09-30": -14, "2016-06-30": -14, "2016-03-31": "-159.00000", "2015-12-31": -14, "2015-09-30": -15, "2015-06-30": -11, "2015-03-31": "-15.00000", "2014-12-31": -12, "2014-09-30": -13, "2014-06-30": -16, "2014-03-31": "-77.00000", "2013-12-31": -101, "2013-09-30": -124, "2013-06-30": -176, "2013-03-31": "-211.00000", "2012-12-31": -174, "2012-09-30": -174, "2012-06-30": -177, "2012-03-31": "-173.00000", "2011-12-31": -273, "2011-09-30": -148, "2011-06-30": -101, "2011-03-31": "-89.00000", "2010-12-31": -176, "2010-09-30": -127, "2010-06-30": -136, "2010-03-31": "-269.00000", "2009-12-31": -328, "2009-09-30": -52, "2009-06-30": -161, "2009-03-31": "-49.00000", "2008-12-31": -188, "2008-09-30": -145, "2008-06-30": -95, "2008-03-31": "-143.00000", "2007-12-31": -199, "2007-09-30": -47, "2007-06-30": -159, "2007-03-31": "-46.00000", "2006-12-31": -74, "2006-09-30": -191, "2006-06-30": -89, "2006-03-31": "-90.00000", "2005-12-31": -146, "2005-09-30": -59, "2005-06-30": -99, "2005-03-31": "-61.00000"}}, "financial ratios": {"Current Ratio": {"2019-12-31": "2.62980", "2018-12-31": "2.95300", "2017-12-31": "3.62370", "2016-12-31": "2.67260", "2015-12-31": "3.51910", "2014-12-31": "2.47450", "2013-12-31": "1.78430", "2012-12-31": "1.89270", "2011-12-31": "1.36750", "2010-12-31": "2.64030", "2009-12-31": "2.50950", "2008-12-31": "1.45910", "2007-12-31": "1.78130", "2006-12-31": "1.53780", "2005-12-31": "2.24050"}, "Long-term Debt / Capital": {"2019-12-31": "0.23140", "2018-12-31": "0.23940", "2017-12-31": "0.26070", "2016-12-31": "0.25430", "2015-12-31": "0.29060", "2014-12-31": "0.33110", "2013-12-31": "0.32250", "2012-12-31": "0.27060", "2011-12-31": "0.18690", "2010-12-31": "0.21020", "2009-12-31": "0.26940", "2008-12-31": "0.26180", "2007-12-31": "0.26220", "2006-12-31": "0.15800", "2005-12-31": "0.17060"}, "Debt/Equity Ratio": {"2019-12-31": "0.30550", "2018-12-31": "0.37170", "2017-12-31": "0.35290", "2016-12-31": "0.38870", "2015-12-31": "0.41020", "2014-12-31": "0.50780", "2013-12-31": "0.52210", "2012-12-31": "0.37160", "2011-12-31": "0.27350", "2010-12-31": "0.28260", "2009-12-31": "0.38130", "2008-12-31": "0.37370", "2007-12-31": "0.38920", "2006-12-31": "0.20470", "2005-12-31": "0.22900"}, "Gross Margin": {"2019-12-31": "46.66330", "2018-12-31": "43.56820", "2017-12-31": "44.95190", "2016-12-31": "44.04190", "2015-12-31": "41.19970", "2014-12-31": "42.52820", "2013-12-31": "37.02160", "2012-12-31": "56.50340", "2011-12-31": "62.44450", "2010-12-31": "63.48010", "2009-12-31": "60.96040", "2008-12-31": "50.39190", "2007-12-31": "48.28910", "2006-12-31": "52.17120", "2005-12-31": "47.59670"}, "Operating Margin": {"2019-12-31": "13.11090", "2018-12-31": "10.89210", "2017-12-31": "17.06190", "2016-12-31": "-0.23950", "2015-12-31": "7.51030", "2014-12-31": "14.56230", "2013-12-31": "-43.40390", "2012-12-31": "30.96150", "2011-12-31": "19.71420", "2010-12-31": "43.67920", "2009-12-31": "38.75410", "2008-12-31": "21.32590", "2007-12-31": "-6.78870", "2006-12-31": "26.50550", "2005-12-31": "21.45370"}, "EBIT Margin": {"2019-12-31": "13.11090", "2018-12-31": "10.89210", "2017-12-31": "17.06190", "2016-12-31": "-0.23950", "2015-12-31": "7.51030", "2014-12-31": "14.56230", "2013-12-31": "-43.40390", "2012-12-31": "30.96150", "2011-12-31": "19.71420", "2010-12-31": "43.67920", "2009-12-31": "38.75410", "2008-12-31": "21.32590", "2007-12-31": "-6.78870", "2006-12-31": "26.50550", "2005-12-31": "21.45370"}, "EBITDA Margin": {"2019-12-31": "33.23410", "2018-12-31": "27.64370", "2017-12-31": "34.15100", "2016-12-31": "17.91920", "2015-12-31": "27.51030", "2014-12-31": "30.82560", "2013-12-31": "-27.21660", "2012-12-31": "41.31880", "2011-12-31": "29.71620", "2010-12-31": "53.58490", "2009-12-31": "49.21480", "2008-12-31": "33.37690", "2007-12-31": "26.91670", "2006-12-31": "39.18480", "2005-12-31": "35.54510"}, "Pre-Tax Profit Margin": {"2019-12-31": "37.91580", "2018-12-31": "10.17510", "2017-12-31": "14.52770", "2016-12-31": "-3.29340", "2015-12-31": "4.84800", "2014-12-31": "12.03990", "2013-12-31": "-42.85710", "2012-12-31": "31.25250", "2011-12-31": "17.47440", "2010-12-31": "41.89730", "2009-12-31": "38.33870", "2008-12-31": "21.13000", "2007-12-31": "-7.11800", "2006-12-31": "25.60430", "2005-12-31": "21.66470"}, "Net Profit Margin": {"2019-12-31": "28.79880", "2018-12-31": "4.70150", "2017-12-31": "-1.54490", "2016-12-31": "-9.41620", "2015-12-31": "3.61540", "2014-12-31": "7.44980", "2013-12-31": "-30.11650", "2012-12-31": "18.08510", "2011-12-31": "3.53350", "2010-12-31": "23.86790", "2009-12-31": "16.83320", "2008-12-31": "13.56960", "2007-12-31": "-34.67520", "2006-12-31": "16.20240", "2005-12-31": "7.54980"}, "Asset Turnover": {"2019-12-31": "0.24370", "2018-12-31": "0.35010", "2017-12-31": "0.35740", "2016-12-31": "0.31760", "2015-12-31": "0.24210", "2014-12-31": "0.27370", "2013-12-31": "0.34190", "2012-12-31": "0.33610", "2011-12-31": "0.39670", "2010-12-31": "0.37170", "2009-12-31": "0.34550", "2008-12-31": "0.38940", "2007-12-31": "0.35040", "2006-12-31": "0.31290", "2005-12-31": "0.30480"}, "Inventory Turnover Ratio": {"2019-12-31": "5.12330", "2018-12-31": "6.49680", "2017-12-31": "5.98230", "2016-12-31": "6.05830", "2015-12-31": "6.37790", "2014-12-31": "5.59860", "2013-12-31": "7.39050", "2012-12-31": "5.44470", "2011-12-31": "5.44820", "2010-12-31": "5.29480", "2009-12-31": "6.10140", "2008-12-31": "5.99210", "2007-12-31": "6.10370", "2006-12-31": "6.21010", "2005-12-31": "7.35200"}, "Receiveable Turnover": {"2019-12-31": "26.11260", "2018-12-31": "28.55510", "2017-12-31": "31.13500", "2016-12-31": "19.47520", "2015-12-31": "28.30230", "2014-12-31": "14.32560", "2013-12-31": "17.45640", "2012-12-31": "11.58610", "2011-12-31": "16.70650", "2010-12-31": "14.23880", "2009-12-31": "14.26850", "2008-12-31": "19.25790", "2007-12-31": "15.84060", "2006-12-31": "14.02870", "2005-12-31": "18.62450"}, "Days Sales In Receivables": {"2019-12-31": "13.97790", "2018-12-31": "12.78230", "2017-12-31": "11.72310", "2016-12-31": "18.74180", "2015-12-31": "12.89650", "2014-12-31": "25.47880", "2013-12-31": "20.90920", "2012-12-31": "31.50340", "2011-12-31": "21.84790", "2010-12-31": "25.63420", "2009-12-31": "25.58080", "2008-12-31": "18.95330", "2007-12-31": "23.04210", "2006-12-31": "26.01800", "2005-12-31": "19.59790"}, "ROE - Return On Equity": {"2019-12-31": "13.21410", "2018-12-31": "2.78240", "2017-12-31": "-0.61640", "2016-12-31": "-6.83850", "2015-12-31": "-0.98660", "2014-12-31": "4.68330", "2013-12-31": "-22.12410", "2012-12-31": "12.90420", "2011-12-31": "7.02560", "2010-12-31": "20.00510", "2009-12-31": "16.72080", "2008-12-31": "13.24330", "2007-12-31": "-7.68420", "2006-12-31": "6.02980", "2005-12-31": "3.31900"}, "Return On Tangible Equity": {"2019-12-31": "15.00810", "2018-12-31": "2.79650", "2017-12-31": "-0.61640", "2016-12-31": "-6.83850", "2015-12-31": "-0.98660", "2014-12-31": "4.68330", "2013-12-31": "-22.12410", "2012-12-31": "12.90420", "2011-12-31": "7.02560", "2010-12-31": "20.00510", "2009-12-31": "16.72080", "2008-12-31": "13.24330", "2007-12-31": "-7.87830", "2006-12-31": "7.03840", "2005-12-31": "5.05730"}, "ROA - Return On Assets": {"2019-12-31": "7.39480", "2018-12-31": "1.53990", "2017-12-31": "-0.34390", "2016-12-31": "-3.86100", "2015-12-31": "-0.56110", "2014-12-31": "2.46030", "2013-12-31": "-11.60650", "2012-12-31": "7.37610", "2011-12-31": "4.24340", "2010-12-31": "12.25110", "2009-12-31": "9.45780", "2008-12-31": "7.29320", "2007-12-31": "-3.71840", "2006-12-31": "3.60870", "2005-12-31": "1.98690"}, "ROI - Return On Investment": {"2019-12-31": "10.15670", "2018-12-31": "2.11640", "2017-12-31": "-0.45570", "2016-12-31": "-5.09950", "2015-12-31": "-0.69990", "2014-12-31": "3.13250", "2013-12-31": "-14.98900", "2012-12-31": "9.41210", "2011-12-31": "5.71280", "2010-12-31": "15.80060", "2009-12-31": "12.21550", "2008-12-31": "9.77580", "2007-12-31": "-5.66900", "2006-12-31": "5.07710", "2005-12-31": "2.75270"}, "Book Value Per Share": {"2019-12-31": "27.68560", "2018-12-31": "21.51030", "2017-12-31": "21.61160", "2016-12-31": "22.38410", "2015-12-31": "26.98390", "2014-12-31": "26.24780", "2013-12-31": "25.93850", "2012-12-31": "34.11960", "2011-12-31": "31.87820", "2010-12-31": "31.89580", "2009-12-31": "25.70250", "2008-12-31": "19.04620", "2007-12-31": "16.67340", "2006-12-31": "20.76020", "2005-12-31": "18.70620"}, "Operating Cash Flow Per Share": {"2019-12-31": 0.4737, "2018-12-31": -0.5551, "2017-12-31": -1.2667, "2016-12-31": 1.0798, "2015-12-31": 1.2752, "2014-12-31": -0.2166, "2013-12-31": -1.6551, "2012-12-31": -2.3576, "2011-12-31": 0.7771, "2010-12-31": 0.2827, "2009-12-31": 3.2095, "2008-12-31": 1.3706, "2007-12-31": -1.239, "2006-12-31": -0.0582, "2005-12-31": 2.7684}, "Free Cash Flow Per Share": {"2019-12-31": 0.4177, "2018-12-31": -0.8654, "2017-12-31": -0.7557, "2016-12-31": 1.4908, "2015-12-31": 0.8187, "2014-12-31": 1.5145, "2013-12-31": 0.9625, "2012-12-31": -3.2607, "2011-12-31": -1.9487, "2010-12-31": 1.1111, "2009-12-31": 3.687, "2008-12-31": 0.9531, "2007-12-31": -1.5309, "2006-12-31": -0.7772, "2005-12-31": 0.0869}}, "financial ratios, quarterly": {"Current Ratio": {"2020-09-30": "2.83390", "2020-06-30": "2.81080", "2020-03-31": "3.30690", "2019-12-31": "2.62980", "2019-09-30": "2.18230", "2019-06-30": "1.82740", "2019-03-31": "2.97360", "2018-12-31": "2.95300", "2018-09-30": "4.69550", "2018-06-30": "4.59910", "2018-03-31": "4.18120", "2017-12-31": "3.62370", "2017-09-30": "4.18090", "2017-06-30": "3.24300", "2017-03-31": "3.09140", "2016-12-31": "2.67260", "2016-09-30": "2.80480", "2016-06-30": "3.89260", "2016-03-31": "3.27850", "2015-12-31": "3.51910", "2015-09-30": "3.07210", "2015-06-30": "2.78270", "2015-03-31": "2.17040", "2014-12-31": "2.47450", "2014-09-30": "2.18560", "2014-06-30": "2.37740", "2014-03-31": "1.81930", "2013-12-31": "1.78430", "2013-09-30": "1.60250", "2013-06-30": "2.28480", "2013-03-31": "2.12140", "2012-12-31": "1.89270", "2012-09-30": "2.07080", "2012-06-30": "2.22730", "2012-03-31": "2.36950", "2011-12-31": "1.36750", "2011-09-30": "1.42120", "2011-06-30": "1.71480", "2011-03-31": "2.25190", "2010-12-31": "2.64030", "2010-09-30": "2.52180", "2010-06-30": "2.76580", "2010-03-31": "2.96130", "2009-12-31": "2.50950", "2009-09-30": "2.28900", "2009-06-30": "1.32520", "2009-03-31": "2.13300", "2008-12-31": "1.45910", "2008-09-30": "1.69350", "2008-06-30": "1.76180", "2008-03-31": "1.79550", "2007-12-31": "1.78130", "2007-09-30": "2.27620", "2007-06-30": "2.41050", "2007-03-31": "1.56550", "2006-12-31": "1.53780", "2006-09-30": "1.58300", "2006-06-30": "1.70890", "2006-03-31": "1.80360", "2005-12-31": "2.24050", "2005-09-30": "2.52900", "2005-06-30": "2.77170", "2005-03-31": "2.89900"}, "Long-term Debt / Capital": {"2020-09-30": "0.20360", "2020-06-30": "0.20820", "2020-03-31": "0.22400", "2019-12-31": "0.23140", "2019-09-30": "0.23100", "2019-06-30": "0.22960", "2019-03-31": "0.24330", "2018-12-31": "0.23940", "2018-09-30": "0.26490", "2018-06-30": "0.25850", "2018-03-31": "0.26130", "2017-12-31": "0.26070", "2017-09-30": "0.24860", "2017-06-30": "0.25150", "2017-03-31": "0.25360", "2016-12-31": "0.25430", "2016-09-30": "0.24390", "2016-06-30": "0.27200", "2016-03-31": "0.27360", "2015-12-31": "0.29060", "2015-09-30": "0.29460", "2015-06-30": "0.30090", "2015-03-31": "0.31770", "2014-12-31": "0.33110", "2014-09-30": "0.33610", "2014-06-30": "0.33760", "2014-03-31": "0.32300", "2013-12-31": "0.32250", "2013-09-30": "0.29030", "2013-06-30": "0.32080", "2013-03-31": "0.27140", "2012-12-31": "0.27060", "2012-09-30": "0.26970", "2012-06-30": "0.27580", "2012-03-31": "0.27460", "2011-12-31": "0.18690", "2011-09-30": "0.17970", "2011-06-30": "0.18160", "2011-03-31": "0.18110", "2010-12-31": "0.21020", "2010-09-30": "0.22800", "2010-06-30": "0.24000", "2010-03-31": "0.25120", "2009-12-31": "0.26940", "2009-09-30": "0.28700", "2009-06-30": "0.20720", "2009-03-31": "0.21180", "2008-12-31": "0.26180", "2008-09-30": "0.29350", "2008-06-30": "0.26410", "2008-03-31": "0.26800", "2007-12-31": "0.26220", "2007-09-30": "0.26460", "2007-06-30": "0.25450", "2007-03-31": "0.15820", "2006-12-31": "0.15800", "2006-09-30": "0.16600", "2006-06-30": "0.16110", "2006-03-31": "0.16430", "2005-12-31": "0.17060", "2005-09-30": "0.17660", "2005-06-30": "0.18230", "2005-03-31": "0.19070"}, "Debt/Equity Ratio": {"2020-09-30": "0.28320", "2020-06-30": "0.29130", "2020-03-31": "0.29640", "2019-12-31": "0.30550", "2019-09-30": "0.33260", "2019-06-30": "0.33320", "2019-03-31": "0.38120", "2018-12-31": "0.37170", "2018-09-30": "0.36200", "2018-06-30": "0.34970", "2018-03-31": "0.35440", "2017-12-31": "0.35290", "2017-09-30": "0.33110", "2017-06-30": "0.38400", "2017-03-31": "0.38780", "2016-12-31": "0.38870", "2016-09-30": "0.36260", "2016-06-30": "0.38730", "2016-03-31": "0.40020", "2015-12-31": "0.41020", "2015-09-30": "0.43590", "2015-06-30": "0.44740", "2015-03-31": "0.48280", "2014-12-31": "0.50780", "2014-09-30": "0.51710", "2014-06-30": "0.51830", "2014-03-31": "0.52490", "2013-12-31": "0.52210", "2013-09-30": "0.44950", "2013-06-30": "0.47580", "2013-03-31": "0.37310", "2012-12-31": "0.37160", "2012-09-30": "0.37080", "2012-06-30": "0.38330", "2012-03-31": "0.38280", "2011-12-31": "0.27350", "2011-09-30": "0.25370", "2011-06-30": "0.25360", "2011-03-31": "0.26650", "2010-12-31": "0.28260", "2010-09-30": "0.31530", "2010-06-30": "0.33750", "2010-03-31": "0.34120", "2009-12-31": "0.38130", "2009-09-30": "0.42190", "2009-06-30": "0.28180", "2009-03-31": "0.29050", "2008-12-31": "0.37370", "2008-09-30": "0.43310", "2008-06-30": "0.38930", "2008-03-31": "0.39930", "2007-12-31": "0.38920", "2007-09-30": "0.39760", "2007-06-30": "0.36350", "2007-03-31": "0.20570", "2006-12-31": "0.20470", "2006-09-30": "0.21660", "2006-06-30": "0.21510", "2006-03-31": "0.21990", "2005-12-31": "0.22900", "2005-09-30": "0.24050", "2005-06-30": "0.25860", "2005-03-31": "0.27200"}, "Gross Margin": {"2020-09-30": "59.96850", "2020-06-30": "55.26430", "2020-03-31": "48.39210", "2019-12-31": "50.82580", "2019-09-30": "48.69150", "2019-06-30": "39.47720", "2019-03-31": "45.75710", "2018-12-31": "46.09380", "2018-09-30": "42.35230", "2018-06-30": "41.93740", "2018-03-31": "43.36820", "2017-12-31": "45.58140", "2017-09-30": "43.95960", "2017-06-30": "46.72000", "2017-03-31": "43.37280", "2016-12-31": "43.00340", "2016-09-30": "45.11450", "2016-06-30": "45.95570", "2016-03-31": "41.79210", "2015-12-31": "7.13180", "2015-09-30": "40.70510", "2015-06-30": "46.17400", "2015-03-31": "47.92090", "2014-12-31": "61.72280", "2014-09-30": "32.13060", "2014-06-30": "39.94330", "2014-03-31": "38.60540", "2013-12-31": "32.26690", "2013-09-30": "46.63370", "2013-06-30": "16.65020", "2013-03-31": "51.69100", "2012-12-31": "52.29390", "2012-09-30": "56.12900", "2012-06-30": "55.04710", "2012-03-31": "62.09470", "2011-12-31": "62.92950", "2011-09-30": "63.26530", "2011-06-30": "61.53520", "2011-03-31": "61.86610", "2010-12-31": "65.62010", "2010-09-30": "65.69120", "2010-06-30": "60.61310", "2010-03-31": "61.24000", "2009-12-31": "67.91100", "2009-09-30": "62.66470", "2009-06-30": "56.55430", "2009-03-31": "51.88800", "2008-12-31": "45.06500", "2008-09-30": "43.10720", "2008-06-30": "50.16630", "2008-03-31": "59.28980", "2007-12-31": "50.55600", "2007-09-30": "57.17820", "2007-06-30": "44.04390", "2007-03-31": "38.48040", "2006-12-31": "58.89300", "2006-09-30": "46.37020", "2006-06-30": "51.43080", "2006-03-31": "50.61840", "2005-12-31": "52.63160", "2005-09-30": "48.64630", "2005-06-30": "44.83450", "2005-03-31": "42.96300"}, "Operating Margin": {"2020-09-30": "31.48270", "2020-06-30": "18.22410", "2020-03-31": "17.70630", "2019-12-31": "17.49240", "2019-09-30": "16.88170", "2019-06-30": "0.53170", "2019-03-31": "15.97340", "2018-12-31": "18.26170", "2018-09-30": "-6.60490", "2018-06-30": "12.93620", "2018-03-31": "17.33630", "2017-12-31": "15.34880", "2017-09-30": "17.24320", "2017-06-30": "19.62670", "2017-03-31": "15.97630", "2016-12-31": "-45.44940", "2016-09-30": "16.24790", "2016-06-30": "18.33430", "2016-03-31": "12.72230", "2015-12-31": "-95.03880", "2015-09-30": "10.89740", "2015-06-30": "21.12160", "2015-03-31": "25.20280", "2014-12-31": "37.88860", "2014-09-30": "2.00460", "2014-06-30": "10.36830", "2014-03-31": "10.77100", "2013-12-31": "-90.53930", "2013-09-30": "17.87130", "2013-06-30": "-129.38550", "2013-03-31": "26.46250", "2012-12-31": "27.44950", "2012-09-30": "29.51610", "2012-06-30": "26.55900", "2012-03-31": "39.32170", "2011-12-31": "-36.31100", "2011-09-30": "42.89360", "2011-06-30": "36.15770", "2011-03-31": "40.85190", "2010-12-31": "45.87910", "2010-09-30": "47.67040", "2010-06-30": "39.34050", "2010-03-31": "40.72260", "2009-12-31": "44.63860", "2009-09-30": "47.77940", "2009-06-30": "29.52560", "2009-03-31": "26.69270", "2008-12-31": "0.22950", "2008-09-30": "13.93140", "2008-06-30": "20.69200", "2008-03-31": "41.22490", "2007-12-31": "-57.89470", "2007-09-30": "36.94310", "2007-06-30": "-26.17560", "2007-03-31": "12.00980", "2006-12-31": "24.42800", "2006-09-30": "21.41560", "2006-06-30": "30.85850", "2006-03-31": "28.97530", "2005-12-31": "23.85400", "2005-09-30": "25.58950", "2005-06-30": "19.45840", "2005-03-31": "15.55560"}, "EBIT Margin": {"2020-09-30": "31.48270", "2020-06-30": "18.22410", "2020-03-31": "17.70630", "2019-12-31": "17.49240", "2019-09-30": "16.88170", "2019-06-30": "0.53170", "2019-03-31": "15.97340", "2018-12-31": "18.26170", "2018-09-30": "-6.60490", "2018-06-30": "12.93620", "2018-03-31": "17.33630", "2017-12-31": "15.34880", "2017-09-30": "17.24320", "2017-06-30": "19.62670", "2017-03-31": "15.97630", "2016-12-31": "-45.44940", "2016-09-30": "16.24790", "2016-06-30": "18.33430", "2016-03-31": "12.72230", "2015-12-31": "-95.03880", "2015-09-30": "10.89740", "2015-06-30": "21.12160", "2015-03-31": "25.20280", "2014-12-31": "37.88860", "2014-09-30": "2.00460", "2014-06-30": "10.36830", "2014-03-31": "10.77100", "2013-12-31": "-90.53930", "2013-09-30": "17.87130", "2013-06-30": "-129.38550", "2013-03-31": "26.46250", "2012-12-31": "27.44950", "2012-09-30": "29.51610", "2012-06-30": "26.55900", "2012-03-31": "39.32170", "2011-12-31": "-36.31100", "2011-09-30": "42.89360", "2011-06-30": "36.15770", "2011-03-31": "40.85190", "2010-12-31": "45.87910", "2010-09-30": "47.67040", "2010-06-30": "39.34050", "2010-03-31": "40.72260", "2009-12-31": "44.63860", "2009-09-30": "47.77940", "2009-06-30": "29.52560", "2009-03-31": "26.69270", "2008-12-31": "0.22950", "2008-09-30": "13.93140", "2008-06-30": "20.69200", "2008-03-31": "41.22490", "2007-12-31": "-57.89470", "2007-09-30": "36.94310", "2007-06-30": "-26.17560", "2007-03-31": "12.00980", "2006-12-31": "24.42800", "2006-09-30": "21.41560", "2006-06-30": "30.85850", "2006-03-31": "28.97530", "2005-12-31": "23.85400", "2005-09-30": "25.58950", "2005-06-30": "19.45840", "2005-03-31": "15.55560"}, "EBITDA Margin": {"2020-09-30": "", "2020-06-30": "", "2020-03-31": "", "2019-12-31": "", "2019-09-30": "", "2019-06-30": "", "2019-03-31": "", "2018-12-31": "", "2018-09-30": "", "2018-06-30": "", "2018-03-31": "", "2017-12-31": "", "2017-09-30": "", "2017-06-30": "", "2017-03-31": "", "2016-12-31": "", "2016-09-30": "", "2016-06-30": "", "2016-03-31": "", "2015-12-31": "", "2015-09-30": "", "2015-06-30": "", "2015-03-31": "", "2014-12-31": "", "2014-09-30": "", "2014-06-30": "", "2014-03-31": "", "2013-12-31": "", "2013-09-30": "", "2013-06-30": "", "2013-03-31": "", "2012-12-31": "", "2012-09-30": "", "2012-06-30": "", "2012-03-31": "", "2011-12-31": "", "2011-09-30": "", "2011-06-30": "", "2011-03-31": "", "2010-12-31": "", "2010-09-30": "", "2010-06-30": "", "2010-03-31": "", "2009-12-31": "", "2009-09-30": "", "2009-06-30": "", "2009-03-31": "", "2008-12-31": "", "2008-09-30": "", "2008-06-30": "", "2008-03-31": "", "2007-12-31": "", "2007-09-30": "", "2007-06-30": "", "2007-03-31": "", "2006-12-31": "", "2006-09-30": "", "2006-06-30": "", "2006-03-31": "", "2005-12-31": "", "2005-09-30": "", "2005-06-30": "", "2005-03-31": ""}, "Pre-Tax Profit Margin": {"2020-09-30": "27.76030", "2020-06-30": "23.25580", "2020-03-31": "30.18210", "2019-12-31": "20.89650", "2019-09-30": "102.39590", "2019-06-30": "0.88610", "2019-03-31": "15.25240", "2018-12-31": "13.57420", "2018-09-30": "-7.41600", "2018-06-30": "18.35140", "2018-03-31": "15.57510", "2017-12-31": "13.69510", "2017-09-30": "14.79510", "2017-06-30": "17.86670", "2017-03-31": "11.47930", "2016-12-31": "-50.73950", "2016-09-30": "12.45110", "2016-06-30": "14.43980", "2016-03-31": "14.22710", "2015-12-31": "-102.94570", "2015-09-30": "15.25640", "2015-06-30": "15.61850", "2015-03-31": "21.45030", "2014-12-31": "36.33420", "2014-09-30": "1.43180", "2014-06-30": "5.21250", "2014-03-31": "8.10660", "2013-12-31": "-95.52100", "2013-09-30": "28.46540", "2013-06-30": "-130.37660", "2013-03-31": "24.68010", "2012-12-31": "31.25970", "2012-09-30": "28.91130", "2012-06-30": "24.98880", "2012-03-31": "38.61350", "2011-12-31": "-37.83000", "2011-09-30": "37.75510", "2011-06-30": "35.52850", "2011-03-31": "39.47260", "2010-12-31": "43.64210", "2010-09-30": "45.32150", "2010-06-30": "38.17930", "2010-03-31": "39.51830", "2009-12-31": "47.81570", "2009-09-30": "44.11910", "2009-06-30": "28.65170", "2009-03-31": "25.19530", "2008-12-31": "-0.84160", "2008-09-30": "16.19260", "2008-06-30": "19.62740", "2008-03-31": "40.55580", "2007-12-31": "-60.93400", "2007-09-30": "38.05690", "2007-06-30": "-25.23510", "2007-03-31": "11.43790", "2006-12-31": "24.42800", "2006-09-30": "18.05810", "2006-06-30": "29.15700", "2006-03-31": "30.30040", "2005-12-31": "15.95930", "2005-09-30": "29.34500", "2005-06-30": "20.76230", "2005-03-31": "20.42330"}, "Net Profit Margin": {"2020-09-30": "26.46690", "2020-06-30": "14.54550", "2020-03-31": "31.84810", "2019-12-31": "19.04280", "2019-09-30": "80.28010", "2019-06-30": "-1.10770", "2019-03-31": "4.82530", "2018-12-31": "0.09770", "2018-09-30": "-8.40090", "2018-06-30": "17.56920", "2018-03-31": "10.56690", "2017-12-31": "-28.01030", "2017-09-30": "10.96330", "2017-06-30": "9.33330", "2017-03-31": "2.78110", "2016-12-31": "-19.68150", "2016-09-30": "-19.98880", "2016-06-30": "1.37810", "2016-03-31": "3.55680", "2015-12-31": "-39.37980", "2015-09-30": "14.03850", "2015-06-30": "3.77360", "2015-03-31": "9.27990", "2014-12-31": "0.97150", "2014-09-30": "12.19930", "2014-06-30": "10.19830", "2014-03-31": "5.66890", "2013-12-31": "-54.25050", "2013-09-30": "19.70300", "2013-06-30": "-102.03170", "2013-03-31": "14.35100", "2012-12-31": "25.89430", "2012-09-30": "14.79840", "2012-06-30": "12.51680", "2012-03-31": "18.26310", "2011-12-31": "-37.17900", "2011-09-30": "17.96650", "2011-06-30": "16.23320", "2011-03-31": "20.85190", "2010-12-31": "31.86810", "2010-09-30": "20.67770", "2010-06-30": "17.74270", "2010-03-31": "24.35330", "2009-12-31": "22.16040", "2009-09-30": "18.93610", "2009-06-30": "10.11240", "2009-03-31": "12.30470", "2008-12-31": "0.30600", "2008-09-30": "13.93140", "2008-06-30": "18.03060", "2008-03-31": "18.78540", "2007-12-31": "-22.09040", "2007-09-30": "24.56680", "2007-06-30": "-161.59870", "2007-03-31": "5.55560", "2006-12-31": "16.45760", "2006-09-30": "17.96730", "2006-06-30": "12.45170", "2006-03-31": "18.46290", "2005-12-31": "5.26320", "2005-09-30": "11.00440", "2005-06-30": "5.01500", "2005-03-31": "8.88890"}, "Asset Turnover": {"2020-09-30": "0.07820", "2020-06-30": "0.05930", "2020-03-31": "0.06500", "2019-12-31": "0.07420", "2019-09-30": "0.06660", "2019-06-30": "0.06100", "2019-03-31": "0.08640", "2018-12-31": "0.09890", "2018-09-30": "0.08400", "2018-06-30": "0.08050", "2018-03-31": "0.08870", "2017-12-31": "0.09370", "2017-09-30": "0.09020", "2017-06-30": "0.08870", "2017-03-31": "0.08060", "2016-12-31": "0.08360", "2016-09-30": "0.07440", "2016-06-30": "0.06760", "2016-03-31": "0.05950", "2015-12-31": "0.02570", "2015-09-30": "0.06100", "2015-06-30": "0.07350", "2015-03-31": "0.07700", "2014-12-31": "0.06200", "2014-09-30": "0.06950", "2014-06-30": "0.07070", "2014-03-31": "0.07110", "2013-12-31": "0.08890", "2013-09-30": "0.07540", "2013-06-30": "0.07620", "2013-03-31": "0.07430", "2012-12-31": "0.08670", "2012-09-30": "0.08400", "2012-06-30": "0.07780", "2012-03-31": "0.09260", "2011-12-31": "0.10590", "2011-09-30": "0.09420", "2011-06-30": "0.08320", "2011-03-31": "0.09180", "2010-12-31": "0.09930", "2010-09-30": "0.10650", "2010-06-30": "0.09460", "2010-03-31": "0.09900", "2009-12-31": "0.11290", "2009-09-30": "0.09690", "2009-06-30": "0.08850", "2009-03-31": "0.09020", "2008-12-31": "0.08310", "2008-09-30": "0.08210", "2008-06-30": "0.08720", "2008-03-31": "0.12130", "2007-12-31": "0.08650", "2007-09-30": "0.10780", "2007-06-30": "0.09210", "2007-03-31": "0.08070", "2006-12-31": "0.08690", "2006-09-30": "0.07290", "2006-06-30": "0.08720", "2006-03-31": "0.07850", "2005-12-31": "0.08420", "2005-09-30": "0.08200", "2005-06-30": "0.07420", "2005-03-31": "0.07010"}, "Inventory Turnover Ratio": {"2020-09-30": "1.29090", "2020-06-30": "1.10090", "2020-03-31": "1.37180", "2019-12-31": "1.43890", "2019-09-30": "1.26320", "2019-06-30": "1.19090", "2019-03-31": "1.54260", "2018-12-31": "1.75240", "2018-09-30": "1.39550", "2018-06-30": "1.38450", "2018-03-31": "1.56620", "2017-12-31": "1.55080", "2017-09-30": "1.52170", "2017-06-30": "1.50230", "2017-03-31": "1.43690", "2016-12-31": "1.62400", "2016-09-30": "1.61410", "2016-06-30": "1.23900", "2016-03-31": "1.19860", "2015-12-31": "1.06770", "2015-09-30": "1.20760", "2015-06-30": "1.37300", "2015-03-31": "1.50150", "2014-12-31": "0.84430", "2014-09-30": "1.40070", "2014-06-30": "1.22830", "2014-03-31": "1.33050", "2013-12-31": "2.06690", "2013-09-30": "1.35940", "2013-06-30": "2.09460", "2013-03-31": "1.24940", "2012-12-31": "1.54150", "2012-09-30": "1.29220", "2012-06-30": "1.24780", "2012-03-31": "1.45490", "2011-12-31": "1.43560", "2011-09-30": "1.40000", "2011-06-30": "1.36660", "2011-03-31": "1.54860", "2010-12-31": "1.33130", "2010-09-30": "1.69390", "2010-06-30": "1.66270", "2010-03-31": "1.73450", "2009-12-31": "1.63890", "2009-09-30": "1.59710", "2009-06-30": "1.44700", "2009-03-31": "1.55580", "2008-12-31": "1.41620", "2008-09-30": "1.53540", "2008-06-30": "1.64980", "2008-03-31": "1.87000", "2007-12-31": "1.44060", "2007-09-30": "1.78810", "2007-06-30": "1.75860", "2007-03-31": "1.97640", "2006-12-31": "1.48140", "2006-09-30": "1.58870", "2006-06-30": "1.79940", "2006-03-31": "1.60170", "2005-12-31": "1.83550", "2005-09-30": "1.71930", "2005-06-30": "1.95040", "2005-03-31": "1.86510"}, "Receiveable Turnover": {"2020-09-30": "9.78400", "2020-06-30": "9.27450", "2020-03-31": "11.73180", "2019-12-31": "7.95440", "2019-09-30": "7.08360", "2019-06-30": "6.83940", "2019-03-31": "6.23880", "2018-12-31": "8.06300", "2018-09-30": "6.34560", "2018-06-30": "7.10260", "2018-03-31": "5.50610", "2017-12-31": "8.16460", "2017-09-30": "7.60730", "2017-06-30": "5.56380", "2017-03-31": "5.92980", "2016-12-31": "5.12540", "2016-09-30": "6.11260", "2016-06-30": "3.27900", "2016-03-31": "2.95350", "2015-12-31": "3.00000", "2015-09-30": "4.46990", "2015-06-30": "3.43780", "2015-03-31": "4.74040", "2014-12-31": "3.24370", "2014-09-30": "4.46550", "2014-06-30": "3.95740", "2014-03-31": "3.36000", "2013-12-31": "4.53940", "2013-09-30": "4.27970", "2013-06-30": "3.69600", "2013-03-31": "2.86010", "2012-12-31": "2.99070", "2012-09-30": "3.16330", "2012-06-30": "3.43450", "2012-03-31": "3.77360", "2011-12-31": "4.45970", "2011-09-30": "4.80560", "2011-06-30": "4.31100", "2011-03-31": "4.46560", "2010-12-31": "3.80300", "2010-09-30": "4.46220", "2010-06-30": "4.64010", "2010-03-31": "3.73040", "2009-12-31": "4.66300", "2009-09-30": "5.20050", "2009-06-30": "3.12890", "2009-03-31": "2.79780", "2008-12-31": "4.11010", "2008-09-30": "4.25780", "2008-06-30": "3.66590", "2008-03-31": "4.30820", "2007-12-31": "3.91010", "2007-09-30": "3.23850", "2007-06-30": "3.48630", "2007-03-31": "2.93530", "2006-12-31": "3.89370", "2006-09-30": "3.69800", "2006-06-30": "3.66290", "2006-03-31": "4.13140", "2005-12-31": "5.14410", "2005-09-30": "4.11870", "2005-06-30": "3.40270", "2005-03-31": "3.67700"}, "Days Sales In Receivables": {"2020-09-30": "9.19870", "2020-06-30": "9.70400", "2020-03-31": "7.67140", "2019-12-31": "11.31450", "2019-09-30": "12.70550", "2019-06-30": "13.15910", "2019-03-31": "14.42600", "2018-12-31": "11.16210", "2018-09-30": "14.18310", "2018-06-30": "12.67150", "2018-03-31": "16.34560", "2017-12-31": "11.02330", "2017-09-30": "11.83080", "2017-06-30": "16.17600", "2017-03-31": "15.17750", "2016-12-31": "17.55970", "2016-09-30": "14.72360", "2016-06-30": "27.44760", "2016-03-31": "30.47200", "2015-12-31": "30.00000", "2015-09-30": "20.13460", "2015-06-30": "26.17920", "2015-03-31": "18.98580", "2014-12-31": "27.74610", "2014-09-30": "20.15460", "2014-06-30": "22.74220", "2014-03-31": "26.78570", "2013-12-31": "19.82630", "2013-09-30": "21.02970", "2013-06-30": "24.35080", "2013-03-31": "31.46710", "2012-12-31": "30.09330", "2012-09-30": "28.45160", "2012-06-30": "26.20460", "2012-03-31": "23.85020", "2011-12-31": "20.18080", "2011-09-30": "18.72810", "2011-06-30": "20.87670", "2011-03-31": "20.15420", "2010-12-31": "23.66560", "2010-09-30": "20.16940", "2010-06-30": "19.39620", "2010-03-31": "24.12580", "2009-12-31": "19.30100", "2009-09-30": "17.30600", "2009-06-30": "28.76410", "2009-03-31": "32.16800", "2008-12-31": "21.89750", "2008-09-30": "21.13790", "2008-06-30": "24.55090", "2008-03-31": "20.89040", "2007-12-31": "23.01710", "2007-09-30": "27.79080", "2007-06-30": "25.81510", "2007-03-31": "30.66180", "2006-12-31": "23.11440", "2006-09-30": "24.33760", "2006-06-30": "24.57080", "2006-03-31": "21.78450", "2005-12-31": "17.49580", "2005-09-30": "21.85150", "2005-06-30": "26.44940", "2005-03-31": "24.47620"}, "ROE - Return On Equity": {"2020-09-30": "2.66360", "2020-06-30": "1.81000", "2020-03-31": "3.69030", "2019-12-31": "2.38270", "2019-09-30": "10.03790", "2019-06-30": "0.12790", "2019-03-31": "1.26410", "2018-12-31": "0.08720", "2018-09-30": "-1.20960", "2018-06-30": "2.37590", "2018-03-31": "1.46260", "2017-12-31": "-4.54900", "2017-09-30": "1.68420", "2017-06-30": "1.37870", "2017-03-31": "0.67980", "2016-12-31": "-7.75640", "2016-09-30": "0.95680", "2016-06-30": "-0.01390", "2016-03-31": "-0.16840", "2015-12-31": "-4.61800", "2015-09-30": "1.09140", "2015-06-30": "0.97420", "2015-03-31": "1.65380", "2014-12-31": "2.51360", "2014-09-30": "0.54970", "2014-06-30": "1.12290", "2014-03-31": "0.50460", "2013-12-31": "-9.91560", "2013-09-30": "2.85380", "2013-06-30": "-16.48410", "2013-03-31": "2.07880", "2012-12-31": "3.90610", "2012-09-30": "2.90630", "2012-06-30": "2.32030", "2012-03-31": "4.19550", "2011-12-31": "-5.68770", "2011-09-30": "4.04090", "2011-06-30": "3.88400", "2011-03-31": "4.03100", "2010-12-31": "6.68110", "2010-09-30": "5.60640", "2010-06-30": "3.96160", "2010-03-31": "5.54270", "2009-12-31": "6.87390", "2009-09-30": "5.52750", "2009-06-30": "2.97560", "2009-03-31": "2.70800", "2008-12-31": "0.50800", "2008-09-30": "2.66250", "2008-06-30": "3.92090", "2008-03-31": "6.99060", "2007-12-31": "-7.28670", "2007-09-30": "4.33870", "2007-06-30": "-5.49160", "2007-03-31": "0.43540", "2006-12-31": "1.99210", "2006-09-30": "0.46480", "2006-06-30": "1.43870", "2006-03-31": "2.38730", "2005-12-31": "-0.23880", "2005-09-30": "1.49770", "2005-06-30": "1.09300", "2005-03-31": "1.05970"}, "Return On Tangible Equity": {"2020-09-30": "3.01840", "2020-06-30": "2.05880", "2020-03-31": "4.20090", "2019-12-31": "2.70610", "2019-09-30": "11.63400", "2019-06-30": "0.14310", "2019-03-31": "1.26410", "2018-12-31": "0.08770", "2018-09-30": "-1.20960", "2018-06-30": "2.37590", "2018-03-31": "1.46260", "2017-12-31": "-4.54900", "2017-09-30": "1.68420", "2017-06-30": "1.37870", "2017-03-31": "0.67980", "2016-12-31": "-7.75640", "2016-09-30": "0.95680", "2016-06-30": "-0.01390", "2016-03-31": "-0.16840", "2015-12-31": "-4.61800", "2015-09-30": "1.09140", "2015-06-30": "0.97420", "2015-03-31": "1.65380", "2014-12-31": "2.51360", "2014-09-30": "0.54970", "2014-06-30": "1.12290", "2014-03-31": "0.50460", "2013-12-31": "-9.91560", "2013-09-30": "2.85380", "2013-06-30": "-16.48410", "2013-03-31": "2.07880", "2012-12-31": "3.90610", "2012-09-30": "2.90630", "2012-06-30": "2.32030", "2012-03-31": "4.19550", "2011-12-31": "-5.68770", "2011-09-30": "4.04090", "2011-06-30": "3.88400", "2011-03-31": "4.03100", "2010-12-31": "6.68110", "2010-09-30": "5.60640", "2010-06-30": "3.96160", "2010-03-31": "5.54270", "2009-12-31": "6.87390", "2009-09-30": "5.61800", "2009-06-30": "3.02860", "2009-03-31": "2.75870", "2008-12-31": "0.50800", "2008-09-30": "2.72600", "2008-06-30": "4.00760", "2008-03-31": "7.15960", "2007-12-31": "-7.47080", "2007-09-30": "5.24650", "2007-06-30": "-6.70340", "2007-03-31": "0.64510", "2006-12-31": "2.32530", "2006-09-30": "0.68390", "2006-06-30": "2.13510", "2006-03-31": "3.58810", "2005-12-31": "-0.36380", "2005-09-30": "2.33470", "2005-06-30": "1.73950", "2005-03-31": "1.70140"}, "ROA - Return On Assets": {"2020-09-30": "1.54870", "2020-06-30": "1.04050", "2020-03-31": "2.11340", "2019-12-31": "1.33340", "2019-09-30": "5.52460", "2019-06-30": "0.07030", "2019-03-31": "0.69440", "2018-12-31": "0.04830", "2018-09-30": "-0.68100", "2018-06-30": "1.35560", "2018-03-31": "0.82510", "2017-12-31": "-2.53800", "2017-09-30": "0.98870", "2017-06-30": "0.78520", "2017-03-31": "0.38630", "2016-12-31": "-4.37930", "2016-09-30": "0.56060", "2016-06-30": "-0.00810", "2016-03-31": "-0.09770", "2015-12-31": "-2.62630", "2015-09-30": "0.62220", "2015-06-30": "0.53540", "2015-03-31": "0.86320", "2014-12-31": "1.32040", "2014-09-30": "0.28660", "2014-06-30": "0.58860", "2014-03-31": "0.26210", "2013-12-31": "-5.20180", "2013-09-30": "1.54860", "2013-06-30": "-8.86460", "2013-03-31": "1.20880", "2012-12-31": "2.23270", "2012-09-30": "1.62590", "2012-06-30": "1.29450", "2012-03-31": "2.32730", "2011-12-31": "-3.43530", "2011-09-30": "2.31650", "2011-06-30": "2.30460", "2011-03-31": "2.49500", "2010-12-31": "4.09150", "2010-09-30": "3.33940", "2010-06-30": "2.35850", "2010-03-31": "3.28110", "2009-12-31": "3.88810", "2009-09-30": "3.05010", "2009-06-30": "1.76690", "2009-03-31": "1.62700", "2008-12-31": "0.27980", "2008-09-30": "1.28760", "2008-06-30": "1.95440", "2008-03-31": "3.44070", "2007-12-31": "-3.52610", "2007-09-30": "2.20900", "2007-06-30": "-2.89300", "2007-03-31": "0.26360", "2006-12-31": "1.19220", "2006-09-30": "0.27780", "2006-06-30": "0.86310", "2006-03-31": "1.43500", "2005-12-31": "-0.14290", "2005-09-30": "0.89570", "2005-06-30": "0.65510", "2005-03-31": "0.63040"}, "ROI - Return On Investment": {"2020-09-30": "2.12140", "2020-06-30": "1.43320", "2020-03-31": "2.86390", "2019-12-31": "1.83140", "2019-09-30": "7.71920", "2019-06-30": "0.09860", "2019-03-31": "0.95650", "2018-12-31": "0.06630", "2018-09-30": "-0.88920", "2018-06-30": "1.76180", "2018-03-31": "1.08040", "2017-12-31": "-3.36330", "2017-09-30": "1.26560", "2017-06-30": "1.03200", "2017-03-31": "0.50740", "2016-12-31": "-5.78410", "2016-09-30": "0.72340", "2016-06-30": "-0.01010", "2016-03-31": "-0.12230", "2015-12-31": "-3.27610", "2015-09-30": "0.76980", "2015-06-30": "0.68110", "2015-03-31": "1.12850", "2014-12-31": "1.68120", "2014-09-30": "0.36490", "2014-06-30": "0.74380", "2014-03-31": "0.34160", "2013-12-31": "-6.71780", "2013-09-30": "2.02530", "2013-06-30": "-11.19540", "2013-03-31": "1.51460", "2012-12-31": "2.84900", "2012-09-30": "2.12250", "2012-06-30": "1.68050", "2012-03-31": "3.04340", "2011-12-31": "-4.62490", "2011-09-30": "3.31480", "2011-06-30": "3.17860", "2011-03-31": "3.30100", "2010-12-31": "5.27690", "2010-09-30": "4.32790", "2010-06-30": "3.01090", "2010-03-31": "4.15060", "2009-12-31": "5.02170", "2009-09-30": "3.94090", "2009-06-30": "2.35920", "2009-03-31": "2.13440", "2008-12-31": "0.37500", "2008-09-30": "1.88100", "2008-06-30": "2.88530", "2008-03-31": "5.11700", "2007-12-31": "-5.37580", "2007-09-30": "3.19070", "2007-06-30": "-4.09390", "2007-03-31": "0.36650", "2006-12-31": "1.67730", "2006-09-30": "0.38760", "2006-06-30": "1.20690", "2006-03-31": "1.99500", "2005-12-31": "-0.19800", "2005-09-30": "1.23320", "2005-06-30": "0.89380", "2005-03-31": "0.85760"}, "Book Value Per Share": {"2020-09-30": "29.32460", "2020-06-30": "28.55290", "2020-03-31": "28.34790", "2019-12-31": "27.68560", "2019-09-30": "27.35980", "2019-06-30": "24.78660", "2019-03-31": "21.48130", "2018-12-31": "21.51030", "2018-09-30": "21.71480", "2018-06-30": "22.02800", "2018-03-31": "21.65940", "2017-12-31": "21.61160", "2017-09-30": "22.93300", "2017-06-30": "22.57760", "2017-03-31": "22.34670", "2016-12-31": "22.38410", "2016-09-30": "26.58310", "2016-06-30": "27.10730", "2016-03-31": "26.86550", "2015-12-31": "26.98390", "2015-09-30": "27.53450", "2015-06-30": "26.96880", "2015-03-31": "26.73420", "2014-12-31": "26.24780", "2014-09-30": "26.26120", "2014-06-30": "26.24710", "2014-03-31": "25.83800", "2013-12-31": "25.93850", "2013-09-30": "29.49340", "2013-06-30": "28.89070", "2013-03-31": "34.78440", "2012-12-31": "34.11960", "2012-09-30": "33.60080", "2012-06-30": "32.54770", "2012-03-31": "32.41890", "2011-12-31": "31.87820", "2011-09-30": "33.75810", "2011-06-30": "34.38640", "2011-03-31": "34.12330", "2010-12-31": "31.89580", "2010-09-30": "29.86230", "2010-06-30": "27.96590", "2010-03-31": "27.72730", "2009-12-31": "25.70250", "2009-09-30": "24.28990", "2009-06-30": "22.41740", "2009-03-31": "21.35600", "2008-12-31": "19.04620", "2008-09-30": "18.29200", "2008-06-30": "19.56840", "2008-03-31": "18.05410", "2007-12-31": "16.67340", "2007-09-30": "17.61730", "2007-06-30": "17.10430", "2007-03-31": "21.60030", "2006-12-31": "20.76020", "2006-09-30": "21.38900", "2006-06-30": "21.13720", "2006-03-31": "20.71330", "2005-12-31": "18.70620", "2005-09-30": "20.11260", "2005-06-30": "19.46210", "2005-03-31": "19.45560"}, "Operating Cash Flow Per Share": {"2020-09-30": 1.9777, "2020-06-30": 0.8306, "2020-03-31": "1.15700", "2019-12-31": 1.868, "2019-09-30": 0.8879, "2019-06-30": 0.0635, "2019-03-31": "1.06930", "2018-12-31": 1.3832, "2018-09-30": 0.7944, "2018-06-30": 0.7458, "2018-03-31": "0.49160", "2017-12-31": 1.3973, "2017-09-30": 0.9036, "2017-06-30": 0.9731, "2017-03-31": "0.69610", "2016-12-31": 1.1861, "2016-09-30": 1.606, "2016-06-30": 1.4541, "2016-03-31": "0.99060", "2015-12-31": 0.623, "2015-09-30": 1.4332, "2015-06-30": 0.8508, "2015-03-31": "1.25000", "2014-12-31": 1.1238, "2014-09-30": 0.6458, "2014-06-30": 0.7515, "2014-03-31": "0.36070", "2013-12-31": 0.7671, "2013-09-30": 0.8806, "2013-06-30": 0.5812, "2013-03-31": "0.86950", "2012-12-31": 1.6874, "2012-09-30": 1.1464, "2012-06-30": 0.7114, "2012-03-31": "1.20830", "2011-12-31": 1.8294, "2011-09-30": 2.4853, "2011-06-30": 0.8223, "2011-03-31": "1.97410", "2010-12-31": 1.7085, "2010-09-30": 1.6836, "2010-06-30": 1.4916, "2010-03-31": "1.45030", "2009-12-31": 2.0818, "2009-09-30": 2.1487, "2009-06-30": 1.0068, "2009-03-31": "0.81400", "2008-12-31": 0.5055, "2008-09-30": 0.4416, "2008-06-30": 0.8137, "2008-03-31": "1.08100", "2007-12-31": 1.4867, "2007-09-30": 1.2328, "2007-06-30": -1.3766, "2007-03-31": "0.12830", "2006-12-31": 0.9491, "2006-09-30": 0.4978, "2006-06-30": 0.7422, "2006-03-31": "0.52110", "2005-12-31": 1.0735, "2005-09-30": 0.9733, "2005-06-30": 0.302, "2005-03-31": "0.41960"}, "Free Cash Flow Per Share": {"2020-09-30": 1.6114, "2020-06-30": 0.4808, "2020-03-31": "0.75150", "2019-12-31": 1.1397, "2019-09-30": 0.4189, "2019-06-30": -0.3028, "2019-03-31": "0.64790", "2018-12-31": 0.8804, "2018-09-30": 0.2822, "2018-06-30": 0.2636, "2018-03-31": "0.05980", "2017-12-31": 0.8178, "2017-09-30": 0.5429, "2017-06-30": 0.6324, "2017-03-31": "0.35830", "2016-12-31": 0.6174, "2016-09-30": 1.1013, "2016-06-30": 0.9251, "2016-03-31": "0.46330", "2015-12-31": -0.2403, "2015-09-30": 0.9534, "2015-06-30": 0.2212, "2015-03-31": "0.68200", "2014-12-31": 0.5716, "2014-09-30": 0.0937, "2014-06-30": 0.2425, "2014-03-31": "-0.11020", "2013-12-31": 0.02, "2013-09-30": 0.0659, "2013-06-30": -0.6482, "2013-03-31": "-0.15460", "2012-12-31": 0.0521, "2012-09-30": -0.4825, "2012-06-30": -1.0764, "2012-03-31": "-0.17260", "2011-12-31": -0.1667, "2011-09-30": 0.9875, "2011-06-30": -0.4112, "2011-03-31": "1.17170", "2010-12-31": 0.8408, "2010-09-30": 1.0058, "2010-06-30": 0.8599, "2010-03-31": "0.82350", "2009-12-31": 1.1256, "2009-09-30": 1.3259, "2009-06-30": -0.1489, "2009-03-31": "0.11630", "2008-12-31": -0.6373, "2008-09-30": -0.5672, "2008-06-30": -0.1599, "2008-03-31": "0.09630", "2007-12-31": 0.3528, "2007-09-30": 0.2486, "2007-06-30": -2.1545, "2007-03-31": "-0.66810", "2006-12-31": -0.0089, "2006-09-30": -0.396, "2006-06-30": 0.0073, "2006-03-31": "-0.29270", "2005-12-31": 0.3608, "2005-09-30": 0.2428, "2005-06-30": -0.3962, "2005-03-31": "-0.12050"}}, "revenue": {"Newmont Annual Revenue (Millions of US $)": {"2019": "$9,740", "2018": "$7,253", "2017": "$7,379", "2016": "$6,680", "2015": "$6,085", "2014": "$6,819", "2013": "$8,414", "2012": "$9,964", "2011": "$10,358", "2010": "$9,540", "2009": "$7,705", "2008": "$6,124", "2007": "$5,465", "2006": "$4,882", "2005": "$4,265"}, "Newmont Quarterly Revenue (Millions of US $)": {"2020-09-30": "$3,170", "2020-06-30": "$2,365", "2020-03-31": "$2,581", "2019-12-31": "$2,967", "2019-09-30": "$2,713", "2019-06-30": "$2,257", "2019-03-31": "$1,803", "2018-12-31": "$2,048", "2018-09-30": "$1,726", "2018-06-30": "$1,662", "2018-03-31": "$1,817", "2017-12-31": "$1,935", "2017-09-30": "$1,879", "2017-06-30": "$1,875", "2017-03-31": "$1,690", "2016-12-31": "$1,758", "2016-09-30": "$1,791", "2016-06-30": "$1,669", "2016-03-31": "$1,462", "2015-12-31": "$645", "2015-09-30": "$1,560", "2015-06-30": "$1,908", "2015-03-31": "$1,972", "2014-12-31": "$1,544", "2014-09-30": "$1,746", "2014-06-30": "$1,765", "2014-03-31": "$1,764", "2013-12-31": "$2,188", "2013-09-30": "$2,020", "2013-06-30": "$2,018", "2013-03-31": "$2,188", "2012-12-31": "$2,572", "2012-09-30": "$2,480", "2012-06-30": "$2,229", "2012-03-31": "$2,683", "2011-12-31": "$2,765", "2011-09-30": "$2,744", "2011-06-30": "$2,384", "2011-03-31": "$2,465", "2010-12-31": "$2,548", "2010-09-30": "$2,597", "2010-06-30": "$2,153", "2010-03-31": "$2,242", "2009-12-31": "$2,518", "2009-09-30": "$2,049", "2009-06-30": "$1,602", "2009-03-31": "$1,536", "2008-12-31": "$1,307", "2008-09-30": "$1,371", "2008-06-30": "$1,503", "2008-03-31": "$1,943", "2007-12-31": "$1,349", "2007-09-30": "$1,616", "2007-06-30": "$1,276", "2007-03-31": "$1,224", "2006-12-31": "$1,355", "2006-09-30": "$1,102", "2006-06-30": "$1,293", "2006-03-31": "$1,132", "2005-12-31": "$1,178", "2005-09-30": "$1,145", "2005-06-30": "$997", "2005-03-31": "$945"}}, "gross-profit": {"Newmont Annual Gross Profit (Millions of US $)": {"2019": "$4,545", "2018": "$3,160", "2017": "$3,317", "2016": "$2,942", "2015": "$2,507", "2014": "$2,900", "2013": "$3,115", "2012": "$5,630", "2011": "$6,468", "2010": "$6,056", "2009": "$4,697", "2008": "$3,086", "2007": "$2,639", "2006": "$2,547", "2005": "$2,030"}, "Newmont Quarterly Gross Profit (Millions of US $)": {"2020-09-30": "$1,901", "2020-06-30": "$1,307", "2020-03-31": "$1,249", "2019-12-31": "$1,508", "2019-09-30": "$1,321", "2019-06-30": "$891", "2019-03-31": "$825", "2018-12-31": "$944", "2018-09-30": "$731", "2018-06-30": "$697", "2018-03-31": "$788", "2017-12-31": "$882", "2017-09-30": "$826", "2017-06-30": "$876", "2017-03-31": "$733", "2016-12-31": "$756", "2016-09-30": "$808", "2016-06-30": "$767", "2016-03-31": "$611", "2015-12-31": "$46", "2015-09-30": "$635", "2015-06-30": "$881", "2015-03-31": "$945", "2014-12-31": "$953", "2014-09-30": "$561", "2014-06-30": "$705", "2014-03-31": "$681", "2013-12-31": "$706", "2013-09-30": "$942", "2013-06-30": "$336", "2013-03-31": "$1,131", "2012-12-31": "$1,345", "2012-09-30": "$1,392", "2012-06-30": "$1,227", "2012-03-31": "$1,666", "2011-12-31": "$1,740", "2011-09-30": "$1,736", "2011-06-30": "$1,467", "2011-03-31": "$1,525", "2010-12-31": "$1,672", "2010-09-30": "$1,706", "2010-06-30": "$1,305", "2010-03-31": "$1,373", "2009-12-31": "$1,710", "2009-09-30": "$1,284", "2009-06-30": "$906", "2009-03-31": "$797", "2008-12-31": "$589", "2008-09-30": "$591", "2008-06-30": "$754", "2008-03-31": "$1,152", "2007-12-31": "$682", "2007-09-30": "$924", "2007-06-30": "$562", "2007-03-31": "$471", "2006-12-31": "$798", "2006-09-30": "$511", "2006-06-30": "$665", "2006-03-31": "$573", "2005-12-31": "$620", "2005-09-30": "$557", "2005-06-30": "$447", "2005-03-31": "$406"}}, "operating-income": {"Newmont Annual Operating Income (Millions of US $)": {"2019": "$1,277", "2018": "$790", "2017": "$1,259", "2016": "$-16", "2015": "$457", "2014": "$993", "2013": "$-3,652", "2012": "$3,085", "2011": "$2,042", "2010": "$4,167", "2009": "$2,986", "2008": "$1,306", "2007": "$-371", "2006": "$1,294", "2005": "$915"}, "Newmont Quarterly Operating Income (Millions of US $)": {"2020-09-30": "$998", "2020-06-30": "$431", "2020-03-31": "$457", "2019-12-31": "$519", "2019-09-30": "$458", "2019-06-30": "$12", "2019-03-31": "$288", "2018-12-31": "$374", "2018-09-30": "$-114", "2018-06-30": "$215", "2018-03-31": "$315", "2017-12-31": "$297", "2017-09-30": "$324", "2017-06-30": "$368", "2017-03-31": "$270", "2016-12-31": "$-799", "2016-09-30": "$291", "2016-06-30": "$306", "2016-03-31": "$186", "2015-12-31": "$-613", "2015-09-30": "$170", "2015-06-30": "$403", "2015-03-31": "$497", "2014-12-31": "$585", "2014-09-30": "$35", "2014-06-30": "$183", "2014-03-31": "$190", "2013-12-31": "$-1,981", "2013-09-30": "$361", "2013-06-30": "$-2,611", "2013-03-31": "$579", "2012-12-31": "$706", "2012-09-30": "$732", "2012-06-30": "$592", "2012-03-31": "$1,055", "2011-12-31": "$-1,004", "2011-09-30": "$1,177", "2011-06-30": "$862", "2011-03-31": "$1,007", "2010-12-31": "$1,169", "2010-09-30": "$1,238", "2010-06-30": "$847", "2010-03-31": "$913", "2009-12-31": "$1,124", "2009-09-30": "$979", "2009-06-30": "$473", "2009-03-31": "$410", "2008-12-31": "$3", "2008-09-30": "$191", "2008-06-30": "$311", "2008-03-31": "$801", "2007-12-31": "$-781", "2007-09-30": "$597", "2007-06-30": "$-334", "2007-03-31": "$147", "2006-12-31": "$331", "2006-09-30": "$236", "2006-06-30": "$399", "2006-03-31": "$328", "2005-12-31": "$281", "2005-09-30": "$293", "2005-06-30": "$194", "2005-03-31": "$147"}}, "ebitda": {"Newmont Annual EBITDA (Millions of US $)": {"2019": "$3,237", "2018": "$2,005", "2017": "$2,520", "2016": "$1,197", "2015": "$1,674", "2014": "$2,102", "2013": "$-2,290", "2012": "$4,117", "2011": "$3,078", "2010": "$5,112", "2009": "$3,792", "2008": "$2,044", "2007": "$1,471", "2006": "$1,913", "2005": "$1,516"}, "Newmont Quarterly EBITDA (Millions of US $)": {"2020-09-30": "$1,590", "2020-06-30": "$959", "2020-03-31": "$1,022", "2019-12-31": "$1,132", "2019-09-30": "$1,006", "2019-06-30": "$499", "2019-03-31": "$600", "2018-12-31": "$710", "2018-09-30": "$185", "2018-06-30": "$494", "2018-03-31": "$616", "2017-12-31": "$620", "2017-09-30": "$652", "2017-06-30": "$650", "2017-03-31": "$598", "2016-12-31": "$-478", "2016-09-30": "$626", "2016-06-30": "$587", "2016-03-31": "$462", "2015-12-31": "$-290", "2015-09-30": "$426", "2015-06-30": "$695", "2015-03-31": "$843", "2014-12-31": "$772", "2014-09-30": "$312", "2014-06-30": "$530", "2014-03-31": "$488", "2013-12-31": "$-1,600", "2013-09-30": "$-1,602", "2013-06-30": "$66", "2013-03-31": "$846", "2012-12-31": "$987", "2012-09-30": "$1,004", "2012-06-30": "$840", "2012-03-31": "$1,286", "2011-12-31": "$-744", "2011-09-30": "$1,447", "2011-06-30": "$1,112", "2011-03-31": "$1,263", "2010-12-31": "$1,417", "2010-09-30": "$1,480", "2010-06-30": "$1,078", "2010-03-31": "$1,137", "2009-12-31": "$1,330", "2009-09-30": "$1,188", "2009-06-30": "$673", "2009-03-31": "$601", "2008-12-31": "$163", "2008-09-30": "$387", "2008-06-30": "$501", "2008-03-31": "$993", "2007-12-31": "$500", "2007-09-30": "$774", "2007-06-30": "$-138", "2007-03-31": "$335", "2006-12-31": "$498", "2006-09-30": "$393", "2006-06-30": "$547", "2006-03-31": "$475", "2005-12-31": "$396", "2005-09-30": "$495", "2005-06-30": "$344", "2005-03-31": "$281"}}, "net-income": {"Newmont Annual Net Income (Millions of US $)": {"2019": "$2,805", "2018": "$341", "2017": "$-114", "2016": "$-629", "2015": "$220", "2014": "$508", "2013": "$-2,534", "2012": "$1,802", "2011": "$366", "2010": "$2,277", "2009": "$1,297", "2008": "$831", "2007": "$-1,895", "2006": "$791", "2005": "$322"}, "Newmont Quarterly Net Income (Millions of US $)": {"2020-09-30": "$839", "2020-06-30": "$344", "2020-03-31": "$822", "2019-12-31": "$565", "2019-09-30": "$2,178", "2019-06-30": "$-25", "2019-03-31": "$87", "2018-12-31": "$2", "2018-09-30": "$-145", "2018-06-30": "$292", "2018-03-31": "$192", "2017-12-31": "$-542", "2017-09-30": "$206", "2017-06-30": "$175", "2017-03-31": "$47", "2016-12-31": "$-346", "2016-09-30": "$-358", "2016-06-30": "$23", "2016-03-31": "$52", "2015-12-31": "$-254", "2015-09-30": "$219", "2015-06-30": "$72", "2015-03-31": "$183", "2014-12-31": "$15", "2014-09-30": "$213", "2014-06-30": "$180", "2014-03-31": "$100", "2013-12-31": "$-1,187", "2013-09-30": "$398", "2013-06-30": "$-2,059", "2013-03-31": "$314", "2012-12-31": "$666", "2012-09-30": "$367", "2012-06-30": "$279", "2012-03-31": "$490", "2011-12-31": "$-1,028", "2011-09-30": "$493", "2011-06-30": "$387", "2011-03-31": "$514", "2010-12-31": "$812", "2010-09-30": "$537", "2010-06-30": "$382", "2010-03-31": "$546", "2009-12-31": "$558", "2009-09-30": "$388", "2009-06-30": "$162", "2009-03-31": "$189", "2008-12-31": "$4", "2008-09-30": "$191", "2008-06-30": "$271", "2008-03-31": "$365", "2007-12-31": "$-298", "2007-09-30": "$397", "2007-06-30": "$-2,062", "2007-03-31": "$68", "2006-12-31": "$223", "2006-09-30": "$198", "2006-06-30": "$161", "2006-03-31": "$209", "2005-12-31": "$62", "2005-09-30": "$126", "2005-06-30": "$50", "2005-03-31": "$84"}}, "eps-earnings-per-share-diluted": {"Newmont Annual EPS": {"2019": "$3.81", "2018": "$0.64", "2017": "$-0.21", "2016": "$-1.18", "2015": "$0.43", "2014": "$1.02", "2013": "$-5.09", "2012": "$3.61", "2011": "$0.73", "2010": "$4.55", "2009": "$2.66", "2008": "$1.83", "2007": "$-4.19", "2006": "$1.75", "2005": "$0.72"}, "Newmont Quarterly EPS": {"2020-09-30": "$1.04", "2020-06-30": "$0.43", "2020-03-31": "$1.02", "2019-12-31": "$1.03", "2019-09-30": "$2.65", "2019-06-30": "$-0.03", "2019-03-31": "$0.16", "2018-12-31": "$0.01", "2018-09-30": "$-0.27", "2018-06-30": "$0.54", "2018-03-31": "$0.36", "2017-12-31": "$-1.01", "2017-09-30": "$0.38", "2017-06-30": "$0.33", "2017-03-31": "$0.09", "2016-12-31": "$-0.65", "2016-09-30": "$-0.67", "2016-06-30": "$0.04", "2016-03-31": "$0.10", "2015-12-31": "$-0.50", "2015-09-30": "$0.42", "2015-06-30": "$0.14", "2015-03-31": "$0.37", "2014-12-31": "$0.03", "2014-09-30": "$0.43", "2014-06-30": "$0.36", "2014-03-31": "$0.20", "2013-12-31": "$-2.38", "2013-09-30": "$0.80", "2013-06-30": "$-4.14", "2013-03-31": "$0.63", "2012-12-31": "$1.34", "2012-09-30": "$0.74", "2012-06-30": "$0.56", "2012-03-31": "$0.97", "2011-12-31": "$-2.05", "2011-09-30": "$0.98", "2011-06-30": "$0.77", "2011-03-31": "$1.03", "2010-12-31": "$1.60", "2010-09-30": "$1.07", "2010-06-30": "$0.77", "2010-03-31": "$1.11", "2009-12-31": "$1.14", "2009-09-30": "$0.79", "2009-06-30": "$0.33", "2009-03-31": "$0.40", "2008-12-31": "$0.02", "2008-09-30": "$0.42", "2008-06-30": "$0.59", "2008-03-31": "$0.80", "2007-12-31": "$-0.65", "2007-09-30": "$0.88", "2007-06-30": "$-4.57", "2007-03-31": "$0.15", "2006-12-31": "$0.49", "2006-09-30": "$0.44", "2006-06-30": "$0.36", "2006-03-31": "$0.46", "2005-12-31": "$0.14", "2005-09-30": "$0.28", "2005-06-30": "$0.11", "2005-03-31": "$0.19"}}, "shares-outstanding": {"Newmont Annual Shares Outstanding (Millions of Shares)": {"2019": "737", "2018": "535", "2017": "535", "2016": "532", "2015": "516", "2014": "499", "2013": "498", "2012": "499", "2011": "504", "2010": "500", "2009": "487", "2008": "455", "2007": "452", "2006": "452", "2005": "449"}, "Newmont Quarterly Shares Outstanding (Millions of Shares)": {"2020-09-30": "806", "2020-06-30": "805", "2020-03-31": "809", "2019-12-31": "737", "2019-09-30": "822", "2019-06-30": "768", "2019-03-31": "534", "2018-12-31": "535", "2018-09-30": "535", "2018-06-30": "535", "2018-03-31": "535", "2017-12-31": "535", "2017-09-30": "536", "2017-06-30": "535", "2017-03-31": "533", "2016-12-31": "532", "2016-09-30": "533", "2016-06-30": "533", "2016-03-31": "531", "2015-12-31": "516", "2015-09-30": "530", "2015-06-30": "506", "2015-03-31": "500", "2014-12-31": "499", "2014-09-30": "500", "2014-06-30": "499", "2014-03-31": "499", "2013-12-31": "498", "2013-09-30": "498", "2013-06-30": "497", "2013-03-31": "498", "2012-12-31": "499", "2012-09-30": "499", "2012-06-30": "498", "2012-03-31": "504", "2011-12-31": "504", "2011-09-30": "504", "2011-06-30": "501", "2011-03-31": "501", "2010-12-31": "500", "2010-09-30": "502", "2010-06-30": "499", "2010-03-31": "493", "2009-12-31": "487", "2009-09-30": "491", "2009-06-30": "491", "2009-03-31": "473", "2008-12-31": "455", "2008-09-30": "455", "2008-06-30": "456", "2008-03-31": "457", "2007-12-31": "452", "2007-09-30": "453", "2007-06-30": "451", "2007-03-31": "452", "2006-12-31": "452", "2006-09-30": "452", "2006-06-30": "452", "2006-03-31": "451", "2005-12-31": "449", "2005-09-30": "449", "2005-06-30": "449", "2005-03-31": "448"}}, "total-assets": {"Newmont Annual Total Assets (Millions of US $)": {"2019": "$39,974", "2018": "$20,715", "2017": "$20,646", "2016": "$21,031", "2015": "$25,130", "2014": "$24,916", "2013": "$24,607", "2012": "$29,650", "2011": "$26,111", "2010": "$25,663", "2009": "$22,299", "2008": "$15,727", "2007": "$15,598", "2006": "$15,601", "2005": "$13,992"}, "Newmont Quarterly Total Assets (Millions of US $)": {"2020-09-30": "$40,551", "2020-06-30": "$39,885", "2020-03-31": "$39,699", "2019-12-31": "$39,974", "2019-09-30": "$40,763", "2019-06-30": "$36,987", "2019-03-31": "$20,880", "2018-12-31": "$20,715", "2018-09-30": "$20,559", "2018-06-30": "$20,655", "2018-03-31": "$20,483", "2017-12-31": "$20,646", "2017-09-30": "$20,836", "2017-06-30": "$21,142", "2017-03-31": "$20,969", "2016-12-31": "$21,031", "2016-09-30": "$24,081", "2016-06-30": "$24,703", "2016-03-31": "$24,553", "2015-12-31": "$25,130", "2015-09-30": "$25,554", "2015-06-30": "$25,961", "2015-03-31": "$25,602", "2014-12-31": "$24,916", "2014-09-30": "$25,121", "2014-06-30": "$24,976", "2014-03-31": "$24,798", "2013-12-31": "$24,607", "2013-09-30": "$26,799", "2013-06-30": "$26,476", "2013-03-31": "$29,451", "2012-12-31": "$29,650", "2012-09-30": "$29,523", "2012-06-30": "$28,660", "2012-03-31": "$28,961", "2011-12-31": "$26,111", "2011-09-30": "$29,139", "2011-06-30": "$28,638", "2011-03-31": "$26,854", "2010-12-31": "$25,663", "2010-09-30": "$24,376", "2010-06-30": "$22,769", "2010-03-31": "$22,645", "2009-12-31": "$22,299", "2009-09-30": "$21,147", "2009-06-30": "$18,111", "2009-03-31": "$17,025", "2008-12-31": "$15,727", "2008-09-30": "$16,698", "2008-06-30": "$17,243", "2008-03-31": "$16,014", "2007-12-31": "$15,598", "2007-09-30": "$14,984", "2007-06-30": "$13,861", "2007-03-31": "$15,175", "2006-12-31": "$15,601", "2006-09-30": "$15,121", "2006-06-30": "$14,830", "2006-03-31": "$14,425", "2005-12-31": "$13,992", "2005-09-30": "$13,955", "2005-06-30": "$13,434", "2005-03-31": "$13,484"}}, "cash-on-hand": {"Newmont Annual Cash on Hand (Millions of US $)": {"2019": "$2,480", "2018": "$3,445", "2017": "$3,321", "2016": "$2,812", "2015": "$2,382", "2014": "$2,476", "2013": "$1,633", "2012": "$1,647", "2011": "$1,854", "2010": "$4,169", "2009": "$3,271", "2008": "$447", "2007": "$1,292", "2006": "$1,275", "2005": "$1,899"}, "Newmont Quarterly Cash on Hand (Millions of US $)": {"2020-09-30": "$5,141", "2020-06-30": "$4,118", "2020-03-31": "$3,884", "2019-12-31": "$2,480", "2019-09-30": "$2,869", "2019-06-30": "$1,851", "2019-03-31": "$3,601", "2018-12-31": "$3,445", "2018-09-30": "$3,126", "2018-06-30": "$3,183", "2018-03-31": "$3,170", "2017-12-31": "$3,321", "2017-09-30": "$3,045", "2017-06-30": "$3,166", "2017-03-31": "$2,970", "2016-12-31": "$2,812", "2016-09-30": "$2,179", "2016-06-30": "$2,948", "2016-03-31": "$2,488", "2015-12-31": "$2,382", "2015-09-30": "$2,989", "2015-06-30": "$3,341", "2015-03-31": "$2,637", "2014-12-31": "$2,476", "2014-09-30": "$1,860", "2014-06-30": "$1,737", "2014-03-31": "$1,558", "2013-12-31": "$1,633", "2013-09-30": "$1,566", "2013-06-30": "$1,876", "2013-03-31": "$1,453", "2012-12-31": "$1,647", "2012-09-30": "$1,638", "2012-06-30": "$2,029", "2012-03-31": "$2,791", "2011-12-31": "$1,854", "2011-09-30": "$2,229", "2011-06-30": "$2,058", "2011-03-31": "$4,662", "2010-12-31": "$4,169", "2010-09-30": "$3,997", "2010-06-30": "$3,666", "2010-03-31": "$3,437", "2009-12-31": "$3,271", "2009-09-30": "$3,041", "2009-06-30": "$563", "2009-03-31": "$1,464", "2008-12-31": "$447", "2008-09-30": "$880", "2008-06-30": "$1,108", "2008-03-31": "$1,073", "2007-12-31": "$1,292", "2007-09-30": "$2,138", "2007-06-30": "$1,696", "2007-03-31": "$916", "2006-12-31": "$1,275", "2006-09-30": "$1,332", "2006-06-30": "$1,489", "2006-03-31": "$1,514", "2005-12-31": "$1,899", "2005-09-30": "$2,047", "2005-06-30": "$1,839", "2005-03-31": "$2,169"}}, "long-term-debt": {"Newmont Annual Long Term Debt (Millions of US $)": {"2019": "$6,734", "2018": "$3,608", "2017": "$4,061", "2016": "$4,049", "2015": "$5,854", "2014": "$6,480", "2013": "$6,145", "2012": "$6,288", "2011": "$3,624", "2010": "$4,182", "2009": "$4,652", "2008": "$3,072", "2007": "$2,683", "2006": "$1,752", "2005": "$1,723"}, "Newmont Quarterly Long Term Debt (Millions of US $)": {"2020-09-30": "$6,026", "2020-06-30": "$6,028", "2020-03-31": "$6,561", "2019-12-31": "$6,734", "2019-09-30": "$6,739", "2019-06-30": "$6,057", "2019-03-31": "$3,688", "2018-12-31": "$3,608", "2018-09-30": "$4,170", "2018-06-30": "$4,108", "2018-03-31": "$4,088", "2017-12-31": "$4,061", "2017-09-30": "$4,046", "2017-06-30": "$4,046", "2017-03-31": "$4,049", "2016-12-31": "$4,049", "2016-09-30": "$4,552", "2016-06-30": "$5,375", "2016-03-31": "$5,369", "2015-12-31": "$5,854", "2015-09-30": "$6,085", "2015-06-30": "$6,140", "2015-03-31": "$6,221", "2014-12-31": "$6,480", "2014-09-30": "$6,630", "2014-06-30": "$6,673", "2014-03-31": "$6,146", "2013-12-31": "$6,145", "2013-09-30": "$5,949", "2013-06-30": "$6,726", "2013-03-31": "$6,379", "2012-12-31": "$6,288", "2012-09-30": "$6,099", "2012-06-30": "$6,088", "2012-03-31": "$6,081", "2011-12-31": "$3,624", "2011-09-30": "$3,659", "2011-06-30": "$3,771", "2011-03-31": "$3,676", "2010-12-31": "$4,182", "2010-09-30": "$4,289", "2010-06-30": "$4,280", "2010-03-31": "$4,496", "2009-12-31": "$4,652", "2009-09-30": "$4,698", "2009-06-30": "$2,810", "2009-03-31": "$2,749", "2008-12-31": "$3,072", "2008-09-30": "$3,355", "2008-06-30": "$3,085", "2008-03-31": "$2,886", "2007-12-31": "$2,683", "2007-09-30": "$2,745", "2007-06-30": "$2,493", "2007-03-31": "$1,726", "2006-12-31": "$1,752", "2006-09-30": "$1,799", "2006-06-30": "$1,709", "2006-03-31": "$1,705", "2005-12-31": "$1,723", "2005-09-30": "$1,790", "2005-06-30": "$1,795", "2005-03-31": "$1,890"}}, "total-liabilities": {"Newmont Annual Total Liabilities (Millions of US $)": {"2019": "$17,604", "2018": "$9,250", "2017": "$9,127", "2016": "$9,157", "2015": "$10,838", "2014": "$11,827", "2013": "$11,698", "2012": "$12,702", "2011": "$10,340", "2010": "$9,947", "2009": "$9,686", "2008": "$7,066", "2007": "$8,050", "2006": "$6,264", "2005": "$5,616"}, "Newmont Quarterly Total Liabilities (Millions of US $)": {"2020-09-30": "$16,974", "2020-06-30": "$16,957", "2020-03-31": "$16,964", "2019-12-31": "$17,604", "2019-09-30": "$18,328", "2019-06-30": "$16,662", "2019-03-31": "$9,409", "2018-12-31": "$9,250", "2018-09-30": "$8,985", "2018-06-30": "$8,870", "2018-03-31": "$8,928", "2017-12-31": "$9,127", "2017-09-30": "$8,605", "2017-06-30": "$9,102", "2017-03-31": "$9,053", "2016-12-31": "$9,157", "2016-09-30": "$9,972", "2016-06-30": "$10,320", "2016-03-31": "$10,300", "2015-12-31": "$10,838", "2015-09-30": "$10,985", "2015-06-30": "$11,693", "2015-03-31": "$12,239", "2014-12-31": "$11,827", "2014-09-30": "$12,022", "2014-06-30": "$11,885", "2014-03-31": "$11,917", "2013-12-31": "$11,698", "2013-09-30": "$12,257", "2013-06-30": "$12,238", "2013-03-31": "$12,326", "2012-12-31": "$12,702", "2012-09-30": "$13,007", "2012-06-30": "$12,671", "2012-03-31": "$12,896", "2011-12-31": "$10,340", "2011-09-30": "$12,435", "2011-06-30": "$11,645", "2011-03-31": "$10,233", "2010-12-31": "$9,947", "2010-09-30": "$9,857", "2010-06-30": "$9,214", "2010-03-31": "$9,240", "2009-12-31": "$9,686", "2009-09-30": "$9,478", "2009-06-30": "$7,357", "2009-03-31": "$6,796", "2008-12-31": "$7,066", "2008-09-30": "$8,623", "2008-06-30": "$8,648", "2008-03-31": "$8,132", "2007-12-31": "$8,050", "2007-09-30": "$7,355", "2007-06-30": "$6,559", "2007-03-31": "$5,988", "2006-12-31": "$6,264", "2006-09-30": "$6,085", "2006-06-30": "$5,933", "2006-03-31": "$5,754", "2005-12-31": "$5,616", "2005-09-30": "$5,609", "2005-06-30": "$5,383", "2005-03-31": "$5,463"}}, "total-share-holder-equity": {"Newmont Annual Share Holder Equity (Millions of US $)": {"2019": "$22,370", "2018": "$11,465", "2017": "$11,519", "2016": "$11,874", "2015": "$14,292", "2014": "$13,089", "2013": "$12,909", "2012": "$16,948", "2011": "$15,771", "2010": "$15,716", "2009": "$12,613", "2008": "$8,661", "2007": "$7,548", "2006": "$9,337", "2005": "$8,376"}, "Newmont Quarterly Share Holder Equity (Millions of US $)": {"2020-09-30": "$23,577", "2020-06-30": "$22,928", "2020-03-31": "$22,735", "2019-12-31": "$22,370", "2019-09-30": "$22,435", "2019-06-30": "$20,325", "2019-03-31": "$11,471", "2018-12-31": "$11,465", "2018-09-30": "$11,574", "2018-06-30": "$11,785", "2018-03-31": "$11,555", "2017-12-31": "$11,519", "2017-09-30": "$12,231", "2017-06-30": "$12,040", "2017-03-31": "$11,916", "2016-12-31": "$11,874", "2016-09-30": "$14,109", "2016-06-30": "$14,383", "2016-03-31": "$14,253", "2015-12-31": "$14,292", "2015-09-30": "$14,569", "2015-06-30": "$14,268", "2015-03-31": "$13,363", "2014-12-31": "$13,089", "2014-09-30": "$13,099", "2014-06-30": "$13,091", "2014-03-31": "$12,881", "2013-12-31": "$12,909", "2013-09-30": "$14,542", "2013-06-30": "$14,238", "2013-03-31": "$17,125", "2012-12-31": "$16,948", "2012-09-30": "$16,516", "2012-06-30": "$15,989", "2012-03-31": "$16,065", "2011-12-31": "$15,771", "2011-09-30": "$16,704", "2011-06-30": "$16,993", "2011-03-31": "$16,621", "2010-12-31": "$15,716", "2010-09-30": "$14,519", "2010-06-30": "$13,555", "2010-03-31": "$13,405", "2009-12-31": "$12,613", "2009-09-30": "$11,669", "2009-06-30": "$10,754", "2009-03-31": "$10,229", "2008-12-31": "$8,661", "2008-09-30": "$8,075", "2008-06-30": "$8,595", "2008-03-31": "$7,882", "2007-12-31": "$7,548", "2007-09-30": "$7,629", "2007-06-30": "$7,302", "2007-03-31": "$9,187", "2006-12-31": "$9,337", "2006-09-30": "$9,036", "2006-06-30": "$8,897", "2006-03-31": "$8,671", "2005-12-31": "$8,376", "2005-09-30": "$8,346", "2005-06-30": "$8,051", "2005-03-31": "$8,021"}}, "profit-margins": {"current": "23.19%"}, "gross margin": {"2020-09-30": "53.82%", "2020-06-30": "50.68%", "2020-03-31": "47.24%", "2019-12-31": "46.66%", "2019-09-30": "45.13%", "2019-06-30": "43.29%", "2019-03-31": "44.16%", "2018-12-31": "43.57%", "2018-09-30": "43.39%", "2018-06-30": "43.78%", "2018-03-31": "44.92%", "2017-12-31": "44.95%", "2017-09-30": "44.31%", "2017-06-30": "44.60%", "2017-03-31": "44.35%", "2016-12-31": "44.04%", "2016-09-30": "40.09%", "2016-06-30": "38.59%", "2016-03-31": "38.98%", "2015-12-31": "41.20%", "2015-09-30": "48.88%", "2015-06-30": "46.58%", "2015-03-31": "45.03%", "2014-12-31": "42.53%", "2014-09-30": "35.55%", "2014-06-30": "39.21%", "2014-03-31": "33.35%", "2013-12-31": "37.02%", "2013-09-30": "42.67%", "2013-06-30": "45.41%", "2013-03-31": "53.81%", "2012-12-31": "56.50%", "2012-09-30": "59.32%", "2012-06-30": "61.12%", "2012-03-31": "62.49%", "2011-12-31": "62.44%", "2011-09-30": "63.11%", "2011-06-30": "63.74%", "2011-03-31": "63.59%", "2010-12-31": "63.48%", "2010-09-30": "64.08%", "2010-06-30": "63.29%", "2010-03-31": "62.69%", "2009-12-31": "60.96%", "2009-09-30": "55.07%", "2009-06-30": "49.57%", "2009-03-31": "47.77%", "2008-12-31": "50.39%", "2008-09-30": "51.56%", "2008-06-30": "54.78%", "2008-03-31": "53.69%", "2007-12-31": "48.29%", "2007-09-30": "50.36%", "2007-06-30": "47.25%", "2007-03-31": "49.16%", "2006-12-31": "52.17%", "2006-09-30": "50.35%", "2006-06-30": "50.86%", "2006-03-31": "49.35%", "2005-12-31": "47.60%"}, "operating margin": {"2020-09-30": "21.70%", "2020-06-30": "17.55%", "2020-03-31": "13.75%", "2019-12-31": "13.11%", "2019-09-30": "12.83%", "2019-06-30": "7.15%", "2019-03-31": "10.54%", "2018-12-31": "10.89%", "2018-09-30": "9.99%", "2018-06-30": "15.78%", "2018-03-31": "17.37%", "2017-12-31": "17.06%", "2017-09-30": "2.26%", "2017-06-30": "1.83%", "2017-03-31": "0.98%", "2016-12-31": "-0.24%", "2016-09-30": "3.05%", "2016-06-30": "0.92%", "2016-03-31": "2.62%", "2015-12-31": "7.51%", "2015-09-30": "23.70%", "2015-06-30": "21.20%", "2015-03-31": "18.50%", "2014-12-31": "14.56%", "2014-09-30": "-21.08%", "2014-06-30": "-16.12%", "2014-03-31": "-50.58%", "2013-12-31": "-43.40%", "2013-09-30": "-10.97%", "2013-06-30": "-6.42%", "2013-03-31": "27.55%", "2012-12-31": "30.96%", "2012-09-30": "13.54%", "2012-06-30": "17.46%", "2012-03-31": "19.76%", "2011-12-31": "19.71%", "2011-09-30": "41.56%", "2011-06-30": "42.79%", "2011-03-31": "43.64%", "2010-12-31": "43.68%", "2010-09-30": "43.34%", "2010-06-30": "43.10%", "2010-03-31": "41.48%", "2009-12-31": "38.75%", "2009-09-30": "28.72%", "2009-06-30": "18.52%", "2009-03-31": "16.00%", "2008-12-31": "21.33%", "2008-09-30": "8.47%", "2008-06-30": "14.48%", "2008-03-31": "4.58%", "2007-12-31": "-6.79%", "2007-09-30": "13.54%", "2007-06-30": "7.67%", "2007-03-31": "22.38%", "2006-12-31": "26.51%", "2006-09-30": "26.44%", "2006-06-30": "27.40%", "2006-03-31": "24.62%", "2005-12-31": "21.45%"}, "ebitda margin": {"2020-09-30": "42.43%", "2020-06-30": "38.76%", "2020-03-31": "34.79%", "2019-12-31": "33.23%", "2019-09-30": "31.91%", "2019-06-30": "25.45%", "2019-03-31": "27.48%", "2018-12-31": "27.64%", "2018-09-30": "26.82%", "2018-06-30": "32.66%", "2018-03-31": "33.81%", "2017-12-31": "34.15%", "2017-09-30": "19.74%", "2017-06-30": "19.62%", "2017-03-31": "19.30%", "2016-12-31": "17.92%", "2016-09-30": "24.88%", "2016-06-30": "22.21%", "2016-03-31": "23.19%", "2015-12-31": "27.51%", "2015-09-30": "39.18%", "2015-06-30": "36.57%", "2015-03-31": "34.97%", "2014-12-31": "30.83%", "2014-09-30": "-3.62%", "2014-06-30": "-28.23%", "2014-03-31": "-33.14%", "2013-12-31": "-27.22%", "2013-09-30": "3.38%", "2013-06-30": "31.36%", "2013-03-31": "38.83%", "2012-12-31": "41.32%", "2012-09-30": "23.49%", "2012-06-30": "27.15%", "2012-03-31": "29.32%", "2011-12-31": "29.72%", "2011-09-30": "51.66%", "2011-06-30": "52.75%", "2011-03-31": "53.65%", "2010-12-31": "53.58%", "2010-09-30": "52.84%", "2010-06-30": "52.81%", "2010-03-31": "51.46%", "2009-12-31": "49.21%", "2009-09-30": "40.42%", "2009-06-30": "31.36%", "2009-03-31": "28.90%", "2008-12-31": "33.38%", "2008-09-30": "38.61%", "2008-06-30": "43.18%", "2008-03-31": "34.43%", "2007-12-31": "26.92%", "2007-09-30": "26.85%", "2007-06-30": "21.95%", "2007-03-31": "35.65%", "2006-12-31": "39.18%", "2006-09-30": "38.49%", "2006-06-30": "40.29%", "2006-03-31": "38.41%", "2005-12-31": "35.55%"}, "pre tax profit margin": {"2020-09-30": "25.53%", "2020-06-30": "44.49%", "2020-03-31": "39.90%", "2019-12-31": "37.92%", "2019-09-30": "37.99%", "2019-06-30": "5.68%", "2019-03-31": "10.08%", "2018-12-31": "10.18%", "2018-09-30": "10.15%", "2018-06-30": "15.51%", "2018-03-31": "15.47%", "2017-12-31": "14.53%", "2017-09-30": "-1.18%", "2017-06-30": "-1.97%", "2017-03-31": "-3.39%", "2016-12-31": "-3.29%", "2016-09-30": "0.14%", "2016-06-30": "0.43%", "2016-03-31": "1.43%", "2015-12-31": "4.85%", "2015-09-30": "21.76%", "2015-06-30": "18.23%", "2015-03-31": "15.67%", "2014-12-31": "12.04%", "2014-09-30": "-24.52%", "2014-06-30": "-16.54%", "2014-03-31": "-50.10%", "2013-12-31": "-42.86%", "2013-09-30": "-8.09%", "2013-06-30": "-6.16%", "2013-03-31": "27.65%", "2012-12-31": "31.25%", "2012-09-30": "12.44%", "2012-06-30": "15.19%", "2012-03-31": "17.71%", "2011-12-31": "17.47%", "2011-09-30": "39.13%", "2011-06-30": "41.11%", "2011-03-31": "41.83%", "2010-12-31": "41.90%", "2010-09-30": "43.00%", "2010-06-30": "42.58%", "2010-03-31": "41.05%", "2009-12-31": "38.34%", "2009-09-30": "26.78%", "2009-06-30": "18.17%", "2009-03-31": "15.62%", "2008-12-31": "21.13%", "2008-09-30": "7.83%", "2008-06-30": "13.66%", "2008-03-31": "4.19%", "2007-12-31": "-7.12%", "2007-09-30": "13.96%", "2007-06-30": "7.02%", "2007-03-31": "21.05%", "2006-12-31": "25.60%", "2006-09-30": "23.53%", "2006-06-30": "26.20%", "2006-03-31": "24.12%", "2005-12-31": "21.66%"}, "net profit margin": {"2020-09-30": "23.19%", "2020-06-30": "36.79%", "2020-03-31": "33.66%", "2019-12-31": "28.80%", "2019-09-30": "25.42%", "2019-06-30": "-1.03%", "2019-03-31": "3.26%", "2018-12-31": "4.70%", "2018-09-30": "-2.84%", "2018-06-30": "2.03%", "2018-03-31": "0.41%", "2017-12-31": "-1.54%", "2017-09-30": "1.14%", "2017-06-30": "-6.78%", "2017-03-31": "-9.18%", "2016-12-31": "-9.42%", "2016-09-30": "-9.65%", "2016-06-30": "0.75%", "2016-03-31": "1.60%", "2015-12-31": "3.62%", "2015-09-30": "7.00%", "2015-06-30": "6.74%", "2015-03-31": "8.41%", "2014-12-31": "7.45%", "2014-09-30": "-9.30%", "2014-06-30": "-6.58%", "2014-03-31": "-34.39%", "2013-12-31": "-30.12%", "2013-09-30": "-7.74%", "2013-06-30": "-7.69%", "2013-03-31": "17.17%", "2012-12-31": "18.09%", "2012-09-30": "1.06%", "2012-06-30": "2.25%", "2012-03-31": "3.23%", "2011-12-31": "3.53%", "2011-09-30": "21.75%", "2011-06-30": "22.51%", "2011-03-31": "22.99%", "2010-12-31": "23.87%", "2010-09-30": "21.27%", "2010-06-30": "20.91%", "2010-03-31": "19.66%", "2009-12-31": "16.83%", "2009-09-30": "11.44%", "2009-06-30": "9.39%", "2009-03-31": "11.46%", "2008-12-31": "13.57%", "2008-09-30": "8.58%", "2008-06-30": "11.46%", "2008-03-31": "-25.84%", "2007-12-31": "-34.68%", "2007-09-30": "-25.11%", "2007-06-30": "-31.73%", "2007-03-31": "13.07%", "2006-12-31": "16.20%", "2006-09-30": "13.39%", "2006-06-30": "11.75%", "2006-03-31": "10.04%", "2005-12-31": "7.55%"}, "pe ratio": {"current": "28.85", "2021-02-11": "18.36", "2020-09-30": "19.82", "2020-06-30": "12.76", "2020-03-31": "10.30", "2019-12-31": "12.30", "2019-09-30": "13.35", "2019-06-30": "0.00", "2019-03-31": "78.83", "2018-12-31": "51.90", "2018-09-30": "0.00", "2018-06-30": "117.56", "2018-03-31": "404.54", "2017-12-31": "0.00", "2017-09-30": "231.69", "2017-06-30": "0.00", "2017-03-31": "0.00", "2016-12-31": "0.00", "2016-09-30": "0.00", "2016-06-30": "599.83", "2016-03-31": "152.72", "2015-12-31": "38.43", "2015-09-30": "15.35", "2015-06-30": "22.06", "2015-03-31": "16.69", "2014-12-31": "16.93", "2014-09-30": "0.00", "2014-06-30": "0.00", "2014-03-31": "0.00", "2013-12-31": "0.00", "2013-09-30": "0.00", "2013-06-30": "0.00", "2013-03-31": "11.22", "2012-12-31": "11.15", "2012-09-30": "220.27", "2012-06-30": "90.59", "2012-03-31": "64.32", "2011-12-31": "68.74", "2011-09-30": "12.07", "2011-06-30": "10.09", "2011-03-31": "10.19", "2010-12-31": "11.23", "2010-09-30": "12.81", "2010-06-30": "13.48", "2010-03-31": "12.56", "2009-12-31": "14.76", "2009-09-30": "23.58", "2009-06-30": "28.52", "2009-03-31": "25.19", "2008-12-31": "17.83", "2008-09-30": "25.94", "2008-06-30": "25.44", "2008-03-31": "0.00", "2007-12-31": "0.00", "2007-09-30": "0.00", "2007-06-30": "0.00", "2007-03-31": "23.50", "2006-12-31": "20.74"}, "price sales": {"2021-02-11": "4.14", "2020-09-30": "4.47", "2020-06-30": "4.54", "2020-03-31": "3.32", "2019-12-31": "3.13", "2019-09-30": "2.76", "2019-06-30": "2.81", "2019-03-31": "2.50", "2018-12-31": "2.41", "2018-09-30": "2.13", "2018-06-30": "2.59", "2018-03-31": "2.60", "2017-12-31": "2.52", "2017-09-30": "2.58", "2017-06-30": "2.25", "2017-03-31": "2.35", "2016-12-31": "2.50", "2016-09-30": "3.45", "2016-06-30": "3.57", "2016-03-31": "2.28", "2015-12-31": "1.39", "2015-09-30": "1.07", "2015-06-30": "1.50", "2015-03-31": "1.41", "2014-12-31": "1.26", "2014-09-30": "1.41", "2014-06-30": "1.49", "2014-03-31": "1.33", "2013-12-31": "1.23", "2013-09-30": "1.43", "2013-06-30": "1.44", "2013-03-31": "1.94", "2012-12-31": "2.03", "2012-09-30": "2.39", "2012-06-30": "2.01", "2012-03-31": "2.08", "2011-12-31": "2.47", "2011-09-30": "2.63", "2011-06-30": "2.27", "2011-03-31": "2.34", "2010-12-31": "2.68", "2010-09-30": "2.72", "2010-06-30": "2.81", "2010-03-31": "2.46", "2009-12-31": "2.47", "2009-09-30": "2.68", "2009-06-30": "2.71", "2009-03-31": "2.96", "2008-12-31": "2.48", "2008-09-30": "2.34", "2008-06-30": "3.01", "2008-03-31": "2.70", "2007-12-31": "3.28", "2007-09-30": "2.99", "2007-06-30": "2.88", "2007-03-31": "3.07", "2006-12-31": "3.36"}, "price book": {"current": "2.04", "2021-02-11": "1.99", "2020-09-30": "2.15", "2020-06-30": "2.14", "2020-03-31": "1.57", "2019-12-31": "1.54", "2019-09-30": "1.36", "2019-06-30": "1.51", "2019-03-31": "1.58", "2018-12-31": "1.52", "2018-09-30": "1.31", "2018-06-30": "1.60", "2018-03-31": "1.68", "2017-12-31": "1.61", "2017-09-30": "1.52", "2017-06-30": "1.33", "2017-03-31": "1.36", "2016-12-31": "1.40", "2016-09-30": "1.36", "2016-06-30": "1.33", "2016-03-31": "0.91", "2015-12-31": "0.61", "2015-09-30": "0.54", "2015-06-30": "0.79", "2015-03-31": "0.74", "2014-12-31": "0.66", "2014-09-30": "0.80", "2014-06-30": "0.88", "2014-03-31": "0.83", "2013-12-31": "0.80", "2013-09-30": "0.86", "2013-06-30": "0.92", "2013-03-31": "1.06", "2012-12-31": "1.19", "2012-09-30": "1.44", "2012-06-30": "1.28", "2012-03-31": "1.35", "2011-12-31": "1.60", "2011-09-30": "1.57", "2011-06-30": "1.32", "2011-03-31": "1.34", "2010-12-31": "1.61", "2010-09-30": "1.75", "2010-06-30": "1.83", "2010-03-31": "1.52", "2009-12-31": "1.52", "2009-09-30": "1.50", "2009-06-30": "1.50", "2009-03-31": "1.72", "2008-12-31": "1.75", "2008-09-30": "1.73", "2008-06-30": "2.17", "2008-03-31": "2.04", "2007-12-31": "2.38", "2007-09-30": "2.06", "2007-06-30": "1.84", "2007-03-31": "1.57", "2006-12-31": "1.75", "2006-09-30": "1.60", "2006-06-30": "2.01", "2006-03-31": "2.00"}, "price fcf": {"2021-02-11": "", "2020-09-30": "$3.98", "2020-06-30": "$2.79", "2020-03-31": "$2.01", "2019-12-31": "$1.90", "2019-09-30": "$1.64", "2019-06-30": "$1.51", "2019-03-31": "$2.07", "2018-12-31": "$1.49", "2018-09-30": "$1.42", "2018-06-30": "$1.68", "2018-03-31": "$2.05", "2017-12-31": "$2.35", "2017-09-30": "$2.15", "2017-06-30": "$2.71", "2017-03-31": "$3.00", "2016-12-31": "$3.11", "2016-09-30": "$2.25", "2016-06-30": "$2.10", "2016-03-31": "$1.40", "2015-12-31": "$1.62", "2015-09-30": "$2.43", "2015-06-30": "$1.57", "2015-03-31": "$1.59", "2014-12-31": "$0.80", "2014-09-30": "$0.25", "2014-06-30": "$0.22", "2014-03-31": "$-0.67", "2013-12-31": "$-0.72", "2013-09-30": "$-0.68", "2013-06-30": "$-1.23", "2013-03-31": "$-1.66", "2012-12-31": "$-1.68", "2012-09-30": "$-1.90", "2012-06-30": "$-0.43", "2012-03-31": "$0.24", "2011-12-31": "$1.58", "2011-09-30": "$2.59", "2011-06-30": "$2.61", "2011-03-31": "$3.88", "2010-12-31": "$3.53", "2010-09-30": "$3.81", "2010-06-30": "$4.13", "2010-03-31": "$3.13", "2009-12-31": "$2.42", "2009-09-30": "$0.66", "2009-06-30": "$-1.24", "2009-03-31": "$-1.25", "2008-12-31": "$-1.27", "2008-09-30": "$-0.28", "2008-06-30": "$0.54", "2008-03-31": "$-1.46", "2007-12-31": "$-2.22", "2007-09-30": "$-2.58", "2007-06-30": "$-3.23", "2007-03-31": "$-1.07", "2006-12-31": "$-0.69"}, "net worth": {"value": "$48.21B"}, "current ratio": {"current": "2.83", "2020-09-30": "2.83", "2020-06-30": "2.81", "2020-03-31": "3.31", "2019-12-31": "2.63", "2019-09-30": "2.18", "2019-06-30": "1.83", "2019-03-31": "2.97", "2018-12-31": "2.95", "2018-09-30": "4.70", "2018-06-30": "4.60", "2018-03-31": "4.18", "2017-12-31": "3.62", "2017-09-30": "4.18", "2017-06-30": "3.24", "2017-03-31": "3.09", "2016-12-31": "2.67", "2016-09-30": "2.81", "2016-06-30": "3.89", "2016-03-31": "3.28", "2015-12-31": "3.52", "2015-09-30": "3.07", "2015-06-30": "2.78", "2015-03-31": "2.17", "2014-12-31": "2.48", "2014-09-30": "2.19", "2014-06-30": "2.38", "2014-03-31": "1.82", "2013-12-31": "1.78", "2013-09-30": "1.60", "2013-06-30": "2.29", "2013-03-31": "2.12", "2012-12-31": "1.89", "2012-09-30": "2.07", "2012-06-30": "2.23", "2012-03-31": "2.37", "2011-12-31": "1.37", "2011-09-30": "1.42", "2011-06-30": "1.72", "2011-03-31": "2.25", "2010-12-31": "2.64", "2010-09-30": "2.52", "2010-06-30": "2.77", "2010-03-31": "2.96", "2009-12-31": "2.51", "2009-09-30": "2.29", "2009-06-30": "1.33", "2009-03-31": "2.13", "2008-12-31": "1.46", "2008-09-30": "1.69", "2008-06-30": "1.76", "2008-03-31": "1.80", "2007-12-31": "1.78", "2007-09-30": "2.28", "2007-06-30": "2.41", "2007-03-31": "1.57", "2006-12-31": "1.54", "2006-09-30": "1.58", "2006-06-30": "1.71", "2006-03-31": "1.80", "2005-12-31": "2.24", "2005-09-30": "2.53", "2005-06-30": "2.77", "2005-03-31": "2.90"}, "quick ratio": {"2020-09-30": "2.47", "2020-06-30": "2.41", "2020-03-31": "2.81", "2019-12-31": "2.21", "2019-09-30": "1.76", "2019-06-30": "1.38", "2019-03-31": "2.62", "2018-12-31": "2.60", "2018-09-30": "4.02", "2018-06-30": "3.95", "2018-03-31": "3.63", "2017-12-31": "3.14", "2017-09-30": "3.58", "2017-06-30": "2.82", "2017-03-31": "2.67", "2016-12-31": "2.32", "2016-09-30": "2.57", "2016-06-30": "3.36", "2016-03-31": "2.79", "2015-12-31": "3.12", "2015-09-30": "2.62", "2015-06-30": "2.47", "2015-03-31": "1.93", "2014-12-31": "2.16", "2014-09-30": "1.85", "2014-06-30": "1.99", "2014-03-31": "1.54", "2013-12-31": "1.52", "2013-09-30": "1.36", "2013-06-30": "1.92", "2013-03-31": "1.80", "2012-12-31": "1.64", "2012-09-30": "1.74", "2012-06-30": "1.89", "2012-03-31": "2.10", "2011-12-31": "1.19", "2011-09-30": "1.26", "2011-06-30": "1.52", "2011-03-31": "2.08", "2010-12-31": "2.40", "2010-09-30": "2.33", "2010-06-30": "2.53", "2010-03-31": "2.71", "2009-12-31": "2.30", "2009-09-30": "2.07", "2009-06-30": "1.07", "2009-03-31": "1.83", "2008-12-31": "1.14", "2008-09-30": "1.37", "2008-06-30": "1.48", "2008-03-31": "1.50", "2007-12-31": "1.47", "2007-09-30": "2.04", "2007-06-30": "2.09", "2007-03-31": "1.31", "2006-12-31": "1.32", "2006-09-30": "1.36", "2006-06-30": "1.50", "2006-03-31": "1.57", "2005-12-31": "2.01", "2005-09-30": "2.25", "2005-06-30": "2.51", "2005-03-31": "2.64"}, "debt equity ratio": {"current": "0.26", "2020-09-30": "0.72", "2020-06-30": "0.74", "2020-03-31": "0.75", "2019-12-31": "0.79", "2019-09-30": "0.82", "2019-06-30": "0.82", "2019-03-31": "0.82", "2018-12-31": "0.81", "2018-09-30": "0.78", "2018-06-30": "0.75", "2018-03-31": "0.77", "2017-12-31": "0.79", "2017-09-30": "0.70", "2017-06-30": "0.76", "2017-03-31": "0.76", "2016-12-31": "0.77", "2016-09-30": "0.71", "2016-06-30": "0.72", "2016-03-31": "0.72", "2015-12-31": "0.76", "2015-09-30": "0.75", "2015-06-30": "0.82", "2015-03-31": "0.92", "2014-12-31": "0.90", "2014-09-30": "0.92", "2014-06-30": "0.91", "2014-03-31": "0.93", "2013-12-31": "0.91", "2013-09-30": "0.84", "2013-06-30": "0.86", "2013-03-31": "0.72", "2012-12-31": "0.75", "2012-09-30": "0.79", "2012-06-30": "0.79", "2012-03-31": "0.80", "2011-12-31": "0.66", "2011-09-30": "0.74", "2011-06-30": "0.69", "2011-03-31": "0.62", "2010-12-31": "0.63", "2010-09-30": "0.68", "2010-06-30": "0.68", "2010-03-31": "0.69", "2009-12-31": "0.77", "2009-09-30": "0.81", "2009-06-30": "0.68", "2009-03-31": "0.66", "2008-12-31": "0.82", "2008-09-30": "1.07", "2008-06-30": "1.01", "2008-03-31": "1.03", "2007-12-31": "1.07", "2007-09-30": "0.96", "2007-06-30": "0.90", "2007-03-31": "0.65", "2006-12-31": "0.67", "2006-09-30": "0.67", "2006-06-30": "0.67", "2006-03-31": "0.66", "2005-12-31": "0.67", "2005-09-30": "0.67", "2005-06-30": "0.67", "2005-03-31": "0.68"}, "return on equity": {"2020-09-30": "11.22%", "2020-06-30": "17.28%", "2020-03-31": "16.12%", "2019-12-31": "14.65%", "2019-09-30": "13.65%", "2019-06-30": "-0.59%", "2019-03-31": "2.04%", "2018-12-31": "2.94%", "2018-09-30": "-1.75%", "2018-06-30": "1.26%", "2018-03-31": "0.26%", "2017-12-31": "-0.96%", "2017-09-30": "0.68%", "2017-06-30": "-3.86%", "2017-03-31": "-4.85%", "2016-12-31": "-4.61%", "2016-09-30": "-3.77%", "2016-06-30": "0.28%", "2016-03-31": "0.62%", "2015-12-31": "1.56%", "2015-09-30": "3.54%", "2015-06-30": "3.59%", "2015-03-31": "4.49%", "2014-12-31": "3.90%", "2014-09-30": "-5.34%", "2014-06-30": "-3.81%", "2014-03-31": "-20.14%", "2013-12-31": "-17.23%", "2013-09-30": "-4.33%", "2013-06-30": "-4.39%", "2013-03-31": "9.77%", "2012-12-31": "11.00%", "2012-09-30": "0.67%", "2012-06-30": "1.45%", "2012-03-31": "2.09%", "2011-12-31": "2.22%", "2011-09-30": "13.36%", "2011-06-30": "14.10%", "2011-03-31": "14.86%", "2010-12-31": "15.92%", "2010-09-30": "14.96%", "2010-06-30": "14.63%", "2010-03-31": "13.66%", "2009-12-31": "11.46%", "2009-09-30": "7.19%", "2009-06-30": "5.79%", "2009-03-31": "7.37%", "2008-12-31": "10.01%", "2008-09-30": "6.59%", "2008-06-30": "9.29%", "2008-03-31": "-21.05%", "2007-12-31": "-23.94%", "2007-09-30": "-16.43%", "2007-06-30": "-18.05%", "2007-03-31": "7.13%", "2006-12-31": "8.80%", "2006-09-30": "7.20%", "2006-06-30": "6.51%", "2006-03-31": "5.35%", "2005-12-31": "3.93%"}, "return on assets": {"2020-09-30": "6.42%", "2020-06-30": "9.75%", "2020-03-31": "8.99%", "2019-12-31": "8.10%", "2019-09-30": "7.51%", "2019-06-30": "-0.33%", "2019-03-31": "1.14%", "2018-12-31": "1.66%", "2018-09-30": "-0.99%", "2018-06-30": "0.72%", "2018-03-31": "0.15%", "2017-12-31": "-0.55%", "2017-09-30": "0.39%", "2017-06-30": "-2.21%", "2017-03-31": "-2.79%", "2016-12-31": "-2.67%", "2016-09-30": "-2.18%", "2016-06-30": "0.16%", "2016-03-31": "0.35%", "2015-12-31": "0.86%", "2015-09-30": "1.92%", "2015-06-30": "1.90%", "2015-03-31": "2.35%", "2014-12-31": "2.04%", "2014-09-30": "-2.79%", "2014-06-30": "-2.01%", "2014-03-31": "-10.71%", "2013-12-31": "-9.44%", "2013-09-30": "-2.42%", "2013-06-30": "-2.47%", "2013-03-31": "5.55%", "2012-12-31": "6.17%", "2012-09-30": "0.38%", "2012-06-30": "0.83%", "2012-03-31": "1.21%", "2011-12-31": "1.32%", "2011-09-30": "8.00%", "2011-06-30": "8.53%", "2011-03-31": "9.01%", "2010-12-31": "9.54%", "2010-09-30": "8.79%", "2010-06-30": "8.44%", "2010-03-31": "7.86%", "2009-12-31": "6.60%", "2009-09-30": "4.13%", "2009-06-30": "3.23%", "2009-03-31": "3.93%", "2008-12-31": "5.06%", "2008-09-30": "3.23%", "2008-06-30": "4.61%", "2008-03-31": "-10.57%", "2007-12-31": "-12.71%", "2007-09-30": "-9.22%", "2007-06-30": "-10.53%", "2007-03-31": "4.28%", "2006-12-31": "5.28%", "2006-09-30": "4.32%", "2006-06-30": "3.90%", "2006-03-31": "3.20%", "2005-12-31": "2.35%"}, "return on investments": {"2020-09-30": "8.23%", "2020-06-30": "6.40%", "2020-03-31": "5.08%", "2019-12-31": "5.12%", "2019-09-30": "5.28%", "2019-06-30": "3.10%", "2019-03-31": "4.93%", "2018-12-31": "5.07%", "2018-09-30": "4.54%", "2018-06-30": "7.26%", "2018-03-31": "8.20%", "2017-12-31": "7.88%", "2017-09-30": "1.01%", "2017-06-30": "0.78%", "2017-03-31": "0.39%", "2016-12-31": "-0.09%", "2016-09-30": "0.87%", "2016-06-30": "0.24%", "2016-03-31": "0.72%", "2015-12-31": "2.26%", "2015-09-30": "8.25%", "2015-06-30": "7.67%", "2015-03-31": "6.61%", "2014-12-31": "5.09%", "2014-09-30": "-8.11%", "2014-06-30": "-6.37%", "2014-03-31": "-20.32%", "2013-12-31": "-17.39%", "2013-09-30": "-4.38%", "2013-06-30": "-2.63%", "2013-03-31": "11.41%", "2012-12-31": "13.70%", "2012-09-30": "6.38%", "2012-06-30": "8.67%", "2012-03-31": "10.11%", "2011-12-31": "10.11%", "2011-09-30": "20.73%", "2011-06-30": "21.44%", "2011-03-31": "22.18%", "2010-12-31": "22.39%", "2010-09-30": "22.96%", "2010-06-30": "22.28%", "2010-03-31": "21.44%", "2009-12-31": "19.85%", "2009-09-30": "13.65%", "2009-06-30": "8.67%", "2009-03-31": "7.65%", "2008-12-31": "11.45%", "2008-09-30": "4.73%", "2008-06-30": "8.62%", "2008-03-31": "2.75%", "2007-12-31": "-3.59%", "2007-09-30": "7.03%", "2007-06-30": "3.57%", "2007-03-31": "10.25%", "2006-12-31": "12.06%", "2006-09-30": "11.87%", "2006-06-30": "12.63%", "2006-03-31": "10.84%", "2005-12-31": "9.15%"}, "return on tangible equity": {"2020-09-30": "12.75%", "2020-06-30": "19.75%", "2020-03-31": "18.34%", "2019-12-31": "16.33%", "2019-09-30": "14.85%", "2019-06-30": "-0.62%", "2019-03-31": "2.04%", "2018-12-31": "2.94%", "2018-09-30": "-1.75%", "2018-06-30": "1.26%", "2018-03-31": "0.26%", "2017-12-31": "-0.96%", "2017-09-30": "0.68%", "2017-06-30": "-3.86%", "2017-03-31": "-4.85%", "2016-12-31": "-4.61%", "2016-09-30": "-3.77%", "2016-06-30": "0.28%", "2016-03-31": "0.62%", "2015-12-31": "1.56%", "2015-09-30": "3.54%", "2015-06-30": "3.59%", "2015-03-31": "4.49%", "2014-12-31": "3.90%", "2014-09-30": "-5.34%", "2014-06-30": "-3.81%", "2014-03-31": "-20.14%", "2013-12-31": "-17.23%", "2013-09-30": "-4.33%", "2013-06-30": "-4.39%", "2013-03-31": "9.77%", "2012-12-31": "11.00%", "2012-09-30": "0.67%", "2012-06-30": "1.45%", "2012-03-31": "2.09%", "2011-12-31": "2.22%", "2011-09-30": "13.36%", "2011-06-30": "14.10%", "2011-03-31": "14.86%", "2010-12-31": "15.92%", "2010-09-30": "14.96%", "2010-06-30": "14.68%", "2010-03-31": "13.76%", "2009-12-31": "11.61%", "2009-09-30": "7.29%", "2009-06-30": "5.88%", "2009-03-31": "7.49%", "2008-12-31": "10.18%", "2008-09-30": "6.75%", "2008-06-30": "9.87%", "2008-03-31": "-23.37%", "2007-12-31": "-29.32%", "2007-09-30": "-20.75%", "2007-06-30": "-23.90%", "2007-03-31": "9.87%", "2006-12-31": "12.21%", "2006-09-30": "10.77%", "2006-06-30": "9.87%", "2006-03-31": "8.25%", "2005-12-31": "6.16%"}, "dividend yield history": {"last payout": "$1.60", "last yield": "2.67%"}}