{"ticker": "NTAP", "price": {"title": "NetApp Historical Annual Stock Price Data", "value": 67.38, "historical": {"2021": {"Average Stock Price": "65.7196", "Year Open": "64.8600", "Year High": "68.8900", "Year Low": "64.2800", "Year Close": "67.3800", "Annual % Change": "1.72%"}, "2020": {"Average Stock Price": "47.7597", "Year Open": "62.7700", "Year High": "66.2400", "Year Low": "35.3500", "Year Close": "66.2400", "Annual % Change": "6.41%"}, "2019": {"Average Stock Price": "60.9332", "Year Open": "60.3400", "Year High": "77.6900", "Year Low": "44.7100", "Year Close": "62.2500", "Annual % Change": "4.32%"}, "2018": {"Average Stock Price": "71.5489", "Year Open": "55.5700", "Year High": "87.9200", "Year Low": "54.8200", "Year Close": "59.6700", "Annual % Change": "7.86%"}, "2017": {"Average Stock Price": "42.7029", "Year Open": "35.5700", "Year High": "58.5800", "Year Low": "35.2300", "Year Close": "55.3200", "Annual % Change": "56.85%"}, "2016": {"Average Stock Price": "28.6078", "Year Open": "26.0200", "Year High": "37.1200", "Year Low": "21.2200", "Year Close": "35.2700", "Annual % Change": "32.94%"}, "2015": {"Average Stock Price": "33.6950", "Year Open": "41.4600", "Year High": "41.4600", "Year Low": "26.2300", "Year Close": "26.5300", "Annual % Change": "-36.00%"}, "2014": {"Average Stock Price": "39.4607", "Year Open": "40.4200", "Year High": "45.8500", "Year Low": "33.5900", "Year Close": "41.4500", "Annual % Change": "0.75%"}, "2013": {"Average Stock Price": "38.3040", "Year Open": "34.3000", "Year High": "44.3200", "Year Low": "32.2100", "Year Close": "41.1400", "Annual % Change": "22.62%"}, "2012": {"Average Stock Price": "34.8130", "Year Open": "36.7750", "Year High": "46.3300", "Year Low": "26.3300", "Year Close": "33.5500", "Annual % Change": "-7.50%"}, "2011": {"Average Stock Price": "46.1946", "Year Open": "57.4100", "Year High": "60.6000", "Year Low": "33.6400", "Year Close": "36.2700", "Annual % Change": "-34.01%"}, "2010": {"Average Stock Price": "41.0872", "Year Open": "34.1900", "Year High": "56.9000", "Year Low": "29.1300", "Year Close": "54.9600", "Annual % Change": "59.95%"}, "2009": {"Average Stock Price": "21.6161", "Year Open": "14.7700", "Year High": "34.5400", "Year Low": "12.5200", "Year Close": "34.3600", "Annual % Change": "145.96%"}, "2008": {"Average Stock Price": "20.6070", "Year Open": "24.6200", "Year High": "27.3100", "Year Low": "10.3900", "Year Close": "13.9700", "Annual % Change": "-44.03%"}, "2007": {"Average Stock Price": "31.8315", "Year Open": "39.9500", "Year High": "40.4900", "Year Low": "22.9700", "Year Close": "24.9600", "Annual % Change": "-36.46%"}, "2006": {"Average Stock Price": "34.5562", "Year Open": "27.9100", "Year High": "41.2800", "Year Low": "26.9200", "Year Close": "39.2800", "Annual % Change": "45.48%"}, "2005": {"Average Stock Price": "27.8207", "Year Open": "32.7000", "Year High": "34.3600", "Year Low": "22.7700", "Year Close": "27.0000", "Annual % Change": "-18.72%"}, "2004": {"Average Stock Price": "22.5893", "Year Open": "20.7300", "Year High": "34.6400", "Year Low": "16.5700", "Year Close": "33.2200", "Annual % Change": "62.52%"}, "2003": {"Average Stock Price": "17.2925", "Year Open": "10.7000", "Year High": "26.1300", "Year Low": "9.4000", "Year Close": "20.4400", "Annual % Change": "104.40%"}, "2002": {"Average Stock Price": "13.4933", "Year Open": "23.7800", "Year High": "26.8300", "Year Low": "5.6300", "Year Close": "10.0000", "Annual % Change": "-54.28%"}, "2001": {"Average Stock Price": "21.7109", "Year Open": "51.4400", "Year High": "73.5600", "Year Low": "6.5400", "Year Close": "21.8700", "Annual % Change": "-65.93%"}, "2000": {"Average Stock Price": "85.2416", "Year Open": "42.5000", "Year High": "148.6000", "Year Low": "35.0300", "Year Close": "64.1900", "Annual % Change": "54.56%"}, "1999": {"Average Stock Price": "17.0503", "Year Open": "11.2500", "Year High": "42.6900", "Year Low": "9.9075", "Year Close": "41.5300", "Annual % Change": "270.47%"}, "1998": {"Average Stock Price": "5.5903", "Year Open": "4.0000", "Year High": "11.2200", "Year Low": "3.4138", "Year Close": "11.2100", "Annual % Change": "152.62%"}, "1997": {"Average Stock Price": "2.7897", "Year Open": "3.0156", "Year High": "4.4375", "Year Low": "1.6406", "Year Close": "4.4375", "Annual % Change": "39.54%"}, "1996": {"Average Stock Price": "1.9880", "Year Open": "2.3750", "Year High": "3.1800", "Year Low": "1.5156", "Year Close": "3.1800", "Annual % Change": "26.79%"}}}, "market cap": {"value": "$15.05B"}, "income statement": {"Revenue": {"2020-04-30": "5412.00000", "2019-04-30": "6146.00000", "2018-04-30": "5919.00000", "2017-04-30": "5491.00000", "2016-04-30": "5546.00000", "2015-04-30": "6123.00000", "2014-04-30": "6325.00000", "2013-04-30": "6332.40000", "2012-04-30": "6233.20000", "2011-04-30": "5122.60000", "2010-04-30": "3931.40000", "2009-04-30": "3406.40000", "2008-04-30": "3303.20000", "2007-04-30": "2804.28200", "2006-04-30": "2066.45600", "2005-04-30": "1598.13100"}, "Cost Of Goods Sold": {"2020-04-30": "1789.00000", "2019-04-30": "2201.00000", "2018-04-30": "2210.00000", "2017-04-30": "2127.00000", "2016-04-30": "2173.00000", "2015-04-30": "2290.00000", "2014-04-30": "2406.00000", "2013-04-30": "2571.30000", "2012-04-30": "2519.80000", "2011-04-30": "1793.90000", "2010-04-30": "1412.20000", "2009-04-30": "1416.50000", "2008-04-30": "1289.80000", "2007-04-30": "1099.78200", "2006-04-30": "809.99500", "2005-04-30": "623.08300"}, "Gross Profit": {"2020-04-30": "3623.00000", "2019-04-30": "3945.00000", "2018-04-30": "3709.00000", "2017-04-30": "3364.00000", "2016-04-30": "3373.00000", "2015-04-30": "3833.00000", "2014-04-30": "3919.00000", "2013-04-30": "3761.10000", "2012-04-30": "3713.40000", "2011-04-30": "3328.70000", "2010-04-30": "2519.20000", "2009-04-30": "1989.90000", "2008-04-30": "2013.40000", "2007-04-30": "1704.50000", "2006-04-30": "1256.46100", "2005-04-30": "975.04800"}, "Research And Development Expenses": {"2020-04-30": "847.00000", "2019-04-30": "827.00000", "2018-04-30": "783.00000", "2017-04-30": "779.00000", "2016-04-30": "861.00000", "2015-04-30": "920.00000", "2014-04-30": "918.00000", "2013-04-30": "904.20000", "2012-04-30": "828.20000", "2011-04-30": "648.60000", "2010-04-30": "535.70000", "2009-04-30": "498.50000", "2008-04-30": "452.20000", "2007-04-30": "385.35700", "2006-04-30": "251.33000", "2005-04-30": "176.30000"}, "SG&A Expenses": {"2020-04-30": "1848.00000", "2019-04-30": "1935.00000", "2018-04-30": "1986.00000", "2017-04-30": "1922.00000", "2016-04-30": "2099.00000", "2015-04-30": "2197.00000", "2014-04-30": "2179.00000", "2013-04-30": "2247.40000", "2012-04-30": "2128.90000", "2011-04-30": "1848.30000", "2010-04-30": "1532.50000", "2009-04-30": "1389.80000", "2008-04-30": "1247.20000", "2007-04-30": "1043.31400", "2006-04-30": "691.95700", "2005-04-30": "545.83200"}, "Other Operating Income Or Expenses": {"2020-04-30": "38.00000", "2019-04-30": "73.00000", "2018-04-30": "218.00000", "2017-04-30": "10.00000", "2016-04-30": "51.00000", "2015-04-30": "0.00000", "2014-04-30": "0.00000", "2013-04-30": "", "2012-04-30": "", "2011-04-30": "", "2010-04-30": "", "2009-04-30": "", "2008-04-30": "", "2007-04-30": "25.33900", "2006-04-30": "", "2005-04-30": ""}, "Operating Expenses": {"2020-04-30": "4467.00000", "2019-04-30": "4925.00000", "2018-04-30": "4761.00000", "2017-04-30": "4870.00000", "2016-04-30": "5198.00000", "2015-04-30": "5407.00000", "2014-04-30": "5591.00000", "2013-04-30": "5724.60100", "2012-04-30": "5486.69900", "2011-04-30": "4298.30000", "2010-04-30": "3443.00000", "2009-04-30": "3359.20000", "2008-04-30": "2989.60000", "2007-04-30": "2503.04000", "2006-04-30": "1758.16500", "2005-04-30": "1344.94400"}, "Operating Income": {"2020-04-30": "945.00000", "2019-04-30": "1221.00000", "2018-04-30": "1158.00000", "2017-04-30": "621.00000", "2016-04-30": "348.00000", "2015-04-30": "716.00000", "2014-04-30": "734.00000", "2013-04-30": "607.79930", "2012-04-30": "746.50100", "2011-04-30": "824.30030", "2010-04-30": "488.39970", "2009-04-30": "47.20020", "2008-04-30": "313.60010", "2007-04-30": "301.24220", "2006-04-30": "308.29100", "2005-04-30": "253.18690"}, "Total Non-Operating Income/Expense": {"2020-04-30": "-1.00000", "2019-04-30": "47.00000", "2018-04-30": "41.00000", "2017-04-30": "", "2016-04-30": "-3.00000", "2015-04-30": "-3.00000", "2014-04-30": "7.00000", "2013-04-30": "-41.20000", "2012-04-30": "-34.10000", "2011-04-30": "-30.20000", "2010-04-30": "-41.40000", "2009-04-30": "-38.90000", "2008-04-30": "69.10000", "2007-04-30": "58.48600", "2006-04-30": "41.98100", "2005-04-30": "23.04100"}, "Pre-Tax Income": {"2020-04-30": "944.00000", "2019-04-30": "1268.00000", "2018-04-30": "1199.00000", "2017-04-30": "621.00000", "2016-04-30": "345.00000", "2015-04-30": "713.00000", "2014-04-30": "741.00000", "2013-04-30": "566.60000", "2012-04-30": "712.40000", "2011-04-30": "794.10000", "2010-04-30": "447.00000", "2009-04-30": "8.30000", "2008-04-30": "382.70000", "2007-04-30": "359.72800", "2006-04-30": "350.27200", "2005-04-30": "276.22800"}, "Income Taxes": {"2020-04-30": "125.00000", "2019-04-30": "99.00000", "2018-04-30": "1083.00000", "2017-04-30": "140.00000", "2016-04-30": "116.00000", "2015-04-30": "153.00000", "2014-04-30": "103.00000", "2013-04-30": "61.30000", "2012-04-30": "107.00000", "2011-04-30": "121.00000", "2010-04-30": "46.60000", "2009-04-30": "-56.30000", "2008-04-30": "73.00000", "2007-04-30": "61.99300", "2006-04-30": "83.82000", "2005-04-30": "50.47400"}, "Income After Taxes": {"2020-04-30": "819.00000", "2019-04-30": "1169.00000", "2018-04-30": "116.00000", "2017-04-30": "481.00000", "2016-04-30": "229.00000", "2015-04-30": "560.00000", "2014-04-30": "638.00000", "2013-04-30": "505.30000", "2012-04-30": "605.40000", "2011-04-30": "673.10000", "2010-04-30": "400.40000", "2009-04-30": "64.60000", "2008-04-30": "309.70000", "2007-04-30": "297.73500", "2006-04-30": "266.45200", "2005-04-30": "225.75400"}, "Other Income": {"2020-04-30": "", "2019-04-30": "", "2018-04-30": "", "2017-04-30": "", "2016-04-30": "", "2015-04-30": "", "2014-04-30": "", "2013-04-30": "", "2012-04-30": "", "2011-04-30": "", "2010-04-30": "", "2009-04-30": "", "2008-04-30": "", "2007-04-30": "", "2006-04-30": "", "2005-04-30": ""}, "Income From Continuous Operations": {"2020-04-30": "819.00000", "2019-04-30": "1169.00000", "2018-04-30": "116.00000", "2017-04-30": "481.00000", "2016-04-30": "229.00000", "2015-04-30": "560.00000", "2014-04-30": "638.00000", "2013-04-30": "505.30000", "2012-04-30": "605.40000", "2011-04-30": "673.10000", "2010-04-30": "400.40000", "2009-04-30": "64.60000", "2008-04-30": "309.70000", "2007-04-30": "297.73500", "2006-04-30": "266.45200", "2005-04-30": "225.75400"}, "Income From Discontinued Operations": {"2020-04-30": "", "2019-04-30": "", "2018-04-30": "", "2017-04-30": "", "2016-04-30": "", "2015-04-30": "", "2014-04-30": "", "2013-04-30": "", "2012-04-30": "", "2011-04-30": "", "2010-04-30": "", "2009-04-30": "", "2008-04-30": "", "2007-04-30": "", "2006-04-30": "", "2005-04-30": ""}, "Net Income": {"2020-04-30": "819.00000", "2019-04-30": "1169.00000", "2018-04-30": "116.00000", "2017-04-30": "481.00000", "2016-04-30": "229.00000", "2015-04-30": "560.00000", "2014-04-30": "638.00000", "2013-04-30": "505.30000", "2012-04-30": "605.40000", "2011-04-30": "673.10000", "2010-04-30": "400.40000", "2009-04-30": "64.60000", "2008-04-30": "309.70000", "2007-04-30": "297.73500", "2006-04-30": "266.45200", "2005-04-30": "225.75400"}, "EBITDA": {"2020-04-30": "1138.00000", "2019-04-30": "1418.00000", "2018-04-30": "1356.00000", "2017-04-30": "847.00000", "2016-04-30": "627.00000", "2015-04-30": "1023.00000", "2014-04-30": "1068.00000", "2013-04-30": "1012.59900", "2012-04-30": "1092.50100", "2011-04-30": "1043.00000", "2010-04-30": "705.19960", "2009-04-30": "258.70020", "2008-04-30": "461.70010", "2007-04-30": "412.07520", "2006-04-30": "390.08800", "2005-04-30": "318.81090"}, "EBIT": {"2020-04-30": "945.00000", "2019-04-30": "1221.00000", "2018-04-30": "1158.00000", "2017-04-30": "621.00000", "2016-04-30": "348.00000", "2015-04-30": "716.00000", "2014-04-30": "734.00000", "2013-04-30": "607.79930", "2012-04-30": "746.50100", "2011-04-30": "824.30030", "2010-04-30": "488.39970", "2009-04-30": "47.20020", "2008-04-30": "313.60010", "2007-04-30": "301.24220", "2006-04-30": "308.29100", "2005-04-30": "253.18690"}, "Basic Shares Outstanding": {"2020-04-30": "230.00000", "2019-04-30": "254.00000", "2018-04-30": "268.00000", "2017-04-30": "275.00000", "2016-04-30": "294.00000", "2015-04-30": "316.00000", "2014-04-30": "340.00000", "2013-04-30": "361.50000", "2012-04-30": "363.90000", "2011-04-30": "360.90000", "2010-04-30": "339.60000", "2009-04-30": "330.30000", "2008-04-30": "351.70000", "2007-04-30": "371.20400", "2006-04-30": "371.06100", "2005-04-30": "361.00900"}, "Shares Outstanding": {"2020-04-30": "233.00000", "2019-04-30": "259.00000", "2018-04-30": "276.00000", "2017-04-30": "281.00000", "2016-04-30": "297.00000", "2015-04-30": "321.00000", "2014-04-30": "348.00000", "2013-04-30": "368.00000", "2012-04-30": "384.30000", "2011-04-30": "393.70000", "2010-04-30": "353.20000", "2009-04-30": "334.60000", "2008-04-30": "361.10000", "2007-04-30": "388.45400", "2006-04-30": "388.38100", "2005-04-30": "380.41200"}, "Basic EPS": {"2020-04-30": "3.56000", "2019-04-30": "4.60000", "2018-04-30": "0.43000", "2017-04-30": "1.75000", "2016-04-30": "0.78000", "2015-04-30": "1.77000", "2014-04-30": "1.87000", "2013-04-30": "1.40000", "2012-04-30": "1.66000", "2011-04-30": "1.87000", "2010-04-30": "1.18000", "2009-04-30": "0.20000", "2008-04-30": "0.88000", "2007-04-30": "0.80000", "2006-04-30": "0.72000", "2005-04-30": "0.63000"}, "EPS - Earnings Per Share": {"2020-04-30": "3.52000", "2019-04-30": "4.51000", "2018-04-30": "0.42000", "2017-04-30": "1.71000", "2016-04-30": "0.77000", "2015-04-30": "1.75000", "2014-04-30": "1.83000", "2013-04-30": "1.37000", "2012-04-30": "1.58000", "2011-04-30": "1.71000", "2010-04-30": "1.13000", "2009-04-30": "0.19000", "2008-04-30": "0.86000", "2007-04-30": "0.77000", "2006-04-30": "0.69000", "2005-04-30": "0.59000"}}, "income statement, quarterly": {"Revenue": {"2020-10-31": "1416.00000", "2020-07-31": "1303.00000", "2020-04-30": "1401.00000", "2020-01-31": "1404.00000", "2019-10-31": "1371.00000", "2019-07-31": "1236.00000", "2019-04-30": "1592.00000", "2019-01-31": "1563.00000", "2018-10-31": "1517.00000", "2018-07-31": "1474.00000", "2018-04-30": "1644.00000", "2018-01-31": "1539.00000", "2017-10-31": "1415.00000", "2017-07-31": "1321.00000", "2017-04-30": "1453.00000", "2017-01-31": "1404.00000", "2016-10-31": "1340.00000", "2016-07-31": "1294.00000", "2016-04-30": "1380.00000", "2016-01-31": "1386.00000", "2015-10-31": "1445.00000", "2015-07-31": "1335.00000", "2015-04-30": "1540.00000", "2015-01-31": "1551.00000", "2014-10-31": "1543.00000", "2014-07-31": "1489.00000", "2014-04-30": "1648.90000", "2014-01-31": "1610.00000", "2013-10-31": "1549.90000", "2013-07-31": "1516.20000", "2013-04-30": "1716.50000", "2013-01-31": "1630.10000", "2012-10-31": "1541.20000", "2012-07-31": "1444.60000", "2012-04-30": "1702.50000", "2012-01-31": "1565.50000", "2011-10-31": "1507.00000", "2011-07-31": "1458.20000", "2011-04-30": "1428.30000", "2011-01-31": "1289.60000", "2010-10-31": "1251.00000", "2010-07-31": "1153.70000", "2010-04-30": "1171.80000", "2010-01-31": "1011.70000", "2009-10-31": "910.00000", "2009-07-31": "837.90000", "2009-04-30": "879.64990", "2009-01-31": "746.34300", "2008-10-31": "911.63100", "2008-07-31": "868.77600", "2008-04-30": "937.76400", "2008-01-31": "884.00300", "2007-10-31": "792.19800", "2007-07-31": "689.23500", "2007-04-30": "801.19290", "2007-01-31": "729.27800", "2006-10-31": "652.52300", "2006-07-31": "621.28800", "2006-04-30": "597.96000", "2006-01-31": "537.03100", "2005-10-31": "483.06200", "2005-07-31": "448.40300", "2005-04-30": "451.82800", "2005-01-31": "412.70600"}, "Cost Of Goods Sold": {"2020-10-31": "483.00000", "2020-07-31": "431.00000", "2020-04-30": "460.00000", "2020-01-31": "463.00000", "2019-10-31": "446.00000", "2019-07-31": "420.00000", "2019-04-30": "566.00000", "2019-01-31": "581.00000", "2018-10-31": "543.00000", "2018-07-31": "511.00000", "2018-04-30": "615.00000", "2018-01-31": "583.00000", "2017-10-31": "515.00000", "2017-07-31": "497.00000", "2017-04-30": "566.00000", "2017-01-31": "553.00000", "2016-10-31": "511.00000", "2016-07-31": "497.00000", "2016-04-30": "562.00000", "2016-01-31": "531.00000", "2015-10-31": "561.00000", "2015-07-31": "519.00000", "2015-04-30": "605.00000", "2015-01-31": "574.00000", "2014-10-31": "560.00000", "2014-07-31": "551.00000", "2014-04-30": "607.00010", "2014-01-31": "607.70000", "2013-10-31": "584.70000", "2013-07-31": "606.60000", "2013-04-30": "684.30000", "2013-01-31": "665.20000", "2012-10-31": "627.30000", "2012-07-31": "594.50000", "2012-04-30": "707.49980", "2012-01-31": "657.00000", "2011-10-31": "594.00000", "2011-07-31": "561.30000", "2011-04-30": "500.09990", "2011-01-31": "443.40000", "2010-10-31": "434.50000", "2010-07-31": "415.90000", "2010-04-30": "423.30010", "2010-01-31": "370.20000", "2009-10-31": "303.30000", "2009-07-31": "315.40000", "2009-04-30": "345.76980", "2009-01-31": "353.12700", "2008-10-31": "365.47500", "2008-07-31": "352.12800", "2008-04-30": "364.86800", "2008-01-31": "344.70100", "2007-10-31": "308.19300", "2007-07-31": "272.03800", "2007-04-30": "315.17900", "2007-01-31": "285.16900", "2006-10-31": "251.21600", "2006-07-31": "248.21800", "2006-04-30": "241.10100", "2006-01-31": "210.00700", "2005-10-31": "183.97000", "2005-07-31": "174.91700", "2005-04-30": "175.03300", "2005-01-31": "160.57200"}, "Gross Profit": {"2020-10-31": "933.00000", "2020-07-31": "872.00000", "2020-04-30": "941.00000", "2020-01-31": "941.00000", "2019-10-31": "925.00000", "2019-07-31": "816.00000", "2019-04-30": "1026.00000", "2019-01-31": "982.00000", "2018-10-31": "974.00000", "2018-07-31": "963.00000", "2018-04-30": "1029.00000", "2018-01-31": "956.00000", "2017-10-31": "900.00000", "2017-07-31": "824.00000", "2017-04-30": "887.00000", "2017-01-31": "851.00000", "2016-10-31": "829.00000", "2016-07-31": "797.00000", "2016-04-30": "818.00000", "2016-01-31": "855.00000", "2015-10-31": "884.00000", "2015-07-31": "816.00000", "2015-04-30": "935.00000", "2015-01-31": "977.00000", "2014-10-31": "983.00000", "2014-07-31": "938.00000", "2014-04-30": "1041.90000", "2014-01-31": "1002.30000", "2013-10-31": "965.20000", "2013-07-31": "909.60000", "2013-04-30": "1032.20000", "2013-01-31": "964.90000", "2012-10-31": "913.90000", "2012-07-31": "850.10000", "2012-04-30": "995.00040", "2012-01-31": "908.50000", "2011-10-31": "913.00000", "2011-07-31": "896.90000", "2011-04-30": "928.20020", "2011-01-31": "846.20000", "2010-10-31": "816.50000", "2010-07-31": "737.79990", "2010-04-30": "748.49990", "2010-01-31": "641.50000", "2009-10-31": "606.70000", "2009-07-31": "522.50000", "2009-04-30": "533.88010", "2009-01-31": "393.21600", "2008-10-31": "546.15600", "2008-07-31": "516.64800", "2008-04-30": "572.89610", "2008-01-31": "539.30200", "2007-10-31": "484.00500", "2007-07-31": "417.19700", "2007-04-30": "486.01390", "2007-01-31": "444.10900", "2006-10-31": "401.30700", "2006-07-31": "373.07000", "2006-04-30": "356.85910", "2006-01-31": "327.02400", "2005-10-31": "299.09200", "2005-07-31": "273.48600", "2005-04-30": "276.79500", "2005-01-31": "252.13400"}, "Research And Development Expenses": {"2020-10-31": "212.00000", "2020-07-31": "233.00000", "2020-04-30": "212.00000", "2020-01-31": "211.00000", "2019-10-31": "209.00000", "2019-07-31": "215.00000", "2019-04-30": "205.00000", "2019-01-31": "203.00000", "2018-10-31": "211.00000", "2018-07-31": "208.00000", "2018-04-30": "203.00000", "2018-01-31": "193.00000", "2017-10-31": "194.00000", "2017-07-31": "193.00000", "2017-04-30": "191.00000", "2017-01-31": "181.00000", "2016-10-31": "200.00000", "2016-07-31": "207.00000", "2016-04-30": "201.00000", "2016-01-31": "200.00000", "2015-10-31": "216.00000", "2015-07-31": "244.00000", "2015-04-30": "233.00000", "2015-01-31": "230.00000", "2014-10-31": "229.00000", "2014-07-31": "228.00000", "2014-04-30": "231.40000", "2014-01-31": "230.30000", "2013-10-31": "228.20000", "2013-07-31": "228.10000", "2013-04-30": "243.40000", "2013-01-31": "215.60000", "2012-10-31": "223.80000", "2012-07-31": "221.40000", "2012-04-30": "221.60000", "2012-01-31": "208.30000", "2011-10-31": "199.70000", "2011-07-31": "198.60000", "2011-04-30": "176.50000", "2011-01-31": "166.00000", "2010-10-31": "156.60000", "2010-07-31": "149.50000", "2010-04-30": "143.70000", "2010-01-31": "129.30000", "2009-10-31": "132.40000", "2009-07-31": "130.30000", "2009-04-30": "124.99000", "2009-01-31": "122.66200", "2008-10-31": "125.49600", "2008-07-31": "125.35200", "2008-04-30": "124.96300", "2008-01-31": "111.71700", "2007-10-31": "108.96400", "2007-07-31": "106.55600", "2007-04-30": "108.80300", "2007-01-31": "97.51600", "2006-10-31": "90.36000", "2006-07-31": "88.67800", "2006-04-30": "75.94000", "2006-01-31": "65.08700", "2005-10-31": "58.14300", "2005-07-31": "52.16000", "2005-04-30": "53.34400", "2005-01-31": "43.60300"}, "SG&A Expenses": {"2020-10-31": "499.00000", "2020-07-31": "490.00000", "2020-04-30": "452.00000", "2020-01-31": "462.00000", "2019-10-31": "458.00000", "2019-07-31": "476.00000", "2019-04-30": "508.00000", "2019-01-31": "468.00000", "2018-10-31": "477.00000", "2018-07-31": "482.00000", "2018-04-30": "514.00000", "2018-01-31": "491.00000", "2017-10-31": "490.00000", "2017-07-31": "491.00000", "2017-04-30": "493.00000", "2017-01-31": "445.00000", "2016-10-31": "487.00000", "2016-07-31": "497.00000", "2016-04-30": "518.00000", "2016-01-31": "488.00000", "2015-10-31": "522.00000", "2015-07-31": "571.00000", "2015-04-30": "541.00000", "2015-01-31": "545.00000", "2014-10-31": "561.00000", "2014-07-31": "550.00000", "2014-04-30": "548.49990", "2014-01-31": "545.30000", "2013-10-31": "549.00000", "2013-07-31": "536.20000", "2013-04-30": "584.40010", "2013-01-31": "559.70000", "2012-10-31": "554.80000", "2012-07-31": "548.50000", "2012-04-30": "549.60000", "2012-01-31": "540.20000", "2011-10-31": "519.20000", "2011-07-31": "519.90000", "2011-04-30": "531.60000", "2011-01-31": "459.30000", "2010-10-31": "447.00000", "2010-07-31": "410.40000", "2010-04-30": "430.90000", "2010-01-31": "382.90000", "2009-10-31": "357.70000", "2009-07-31": "361.00000", "2009-04-30": "339.49090", "2009-01-31": "342.68200", "2008-10-31": "355.05600", "2008-07-31": "352.57100", "2008-04-30": "344.32500", "2008-01-31": "321.90100", "2007-10-31": "294.88100", "2007-07-31": "286.09300", "2007-04-30": "301.76200", "2007-01-31": "274.15700", "2006-10-31": "239.48100", "2006-07-31": "227.91400", "2006-04-30": "193.57010", "2006-01-31": "178.35500", "2005-10-31": "161.02200", "2005-07-31": "159.01000", "2005-04-30": "153.42400", "2005-01-31": "140.99300"}, "Other Operating Income Or Expenses": {"2020-10-31": "", "2020-07-31": "", "2020-04-30": "", "2020-01-31": "", "2019-10-31": "38.00000", "2019-07-31": "", "2019-04-30": "", "2019-01-31": "", "2018-10-31": "0.00000", "2018-07-31": "", "2018-04-30": "", "2018-01-31": "218.00000", "2017-10-31": "", "2017-07-31": "", "2017-04-30": "", "2017-01-31": "10.00000", "2016-10-31": "", "2016-07-31": "", "2016-04-30": "", "2016-01-31": "", "2015-10-31": "", "2015-07-31": "", "2015-04-30": "", "2015-01-31": "", "2014-10-31": "", "2014-07-31": "", "2014-04-30": "", "2014-01-31": "", "2013-10-31": "", "2013-07-31": "", "2013-04-30": "", "2013-01-31": "", "2012-10-31": "", "2012-07-31": "", "2012-04-30": "", "2012-01-31": "", "2011-10-31": "", "2011-07-31": "", "2011-04-30": "", "2011-01-31": "", "2010-10-31": "", "2010-07-31": "", "2010-04-30": "", "2010-01-31": "", "2009-10-31": "", "2009-07-31": "", "2009-04-30": "", "2009-01-31": "", "2008-10-31": "", "2008-07-31": "", "2008-04-30": "", "2008-01-31": "", "2007-10-31": "", "2007-07-31": "", "2007-04-30": "", "2007-01-31": "", "2006-10-31": "25.33900", "2006-07-31": "", "2006-04-30": "", "2006-01-31": "", "2005-10-31": "", "2005-07-31": "", "2005-04-30": "", "2005-01-31": ""}, "Operating Expenses": {"2020-10-31": "1234.00000", "2020-07-31": "1167.00000", "2020-04-30": "1124.00000", "2020-01-31": "1136.00000", "2019-10-31": "1075.00000", "2019-07-31": "1132.00000", "2019-04-30": "1222.00000", "2019-01-31": "1252.00000", "2018-10-31": "1231.00000", "2018-07-31": "1220.00000", "2018-04-30": "1332.00000", "2018-01-31": "1049.00000", "2017-10-31": "1199.00000", "2017-07-31": "1181.00000", "2017-04-30": "1250.00000", "2017-01-31": "1221.00000", "2016-10-31": "1198.00000", "2016-07-31": "1201.00000", "2016-04-30": "1316.00000", "2016-01-31": "1221.00000", "2015-10-31": "1300.00000", "2015-07-31": "1361.00000", "2015-04-30": "1379.00000", "2015-01-31": "1349.00000", "2014-10-31": "1350.00000", "2014-07-31": "1329.00000", "2014-04-30": "1425.40000", "2014-01-31": "1383.30000", "2013-10-31": "1363.00000", "2013-07-31": "1419.30000", "2013-04-30": "1512.10000", "2013-01-31": "1442.20000", "2012-10-31": "1405.90000", "2012-07-31": "1364.40000", "2012-04-30": "1481.09900", "2012-01-31": "1409.00000", "2011-10-31": "1314.60000", "2011-07-31": "1282.00000", "2011-04-30": "1215.40000", "2011-01-31": "1068.60000", "2010-10-31": "1038.20000", "2010-07-31": "976.10000", "2010-04-30": "998.90000", "2010-01-31": "882.40000", "2009-10-31": "794.60000", "2009-07-31": "767.10000", "2009-04-30": "845.69570", "2009-01-31": "837.42600", "2008-10-31": "846.02700", "2008-07-31": "830.05100", "2008-04-30": "834.55580", "2008-01-31": "778.31900", "2007-10-31": "712.03800", "2007-07-31": "664.68700", "2007-04-30": "725.74370", "2007-01-31": "656.84200", "2006-10-31": "555.71800", "2006-07-31": "564.73600", "2006-04-30": "510.98810", "2006-01-31": "453.56600", "2005-10-31": "408.78000", "2005-07-31": "384.83100", "2005-04-30": "381.80010", "2005-01-31": "344.89800"}, "Operating Income": {"2020-10-31": "182.00000", "2020-07-31": "136.00000", "2020-04-30": "277.00000", "2020-01-31": "268.00000", "2019-10-31": "296.00000", "2019-07-31": "104.00000", "2019-04-30": "370.00000", "2019-01-31": "311.00000", "2018-10-31": "286.00000", "2018-07-31": "254.00000", "2018-04-30": "312.00000", "2018-01-31": "490.00000", "2017-10-31": "216.00000", "2017-07-31": "140.00000", "2017-04-30": "203.00000", "2017-01-31": "183.00000", "2016-10-31": "142.00000", "2016-07-31": "93.00000", "2016-04-30": "64.00000", "2016-01-31": "165.00000", "2015-10-31": "145.00000", "2015-07-31": "-26.00000", "2015-04-30": "161.00000", "2015-01-31": "202.00000", "2014-10-31": "193.00000", "2014-07-31": "160.00000", "2014-04-30": "223.49990", "2014-01-31": "226.70000", "2013-10-31": "186.90000", "2013-07-31": "96.90000", "2013-04-30": "204.39940", "2013-01-31": "187.90000", "2012-10-31": "135.30000", "2012-07-31": "80.20000", "2012-04-30": "221.40110", "2012-01-31": "156.50000", "2011-10-31": "192.40000", "2011-07-31": "176.20000", "2011-04-30": "212.90040", "2011-01-31": "221.00000", "2010-10-31": "212.80000", "2010-07-31": "177.59990", "2010-04-30": "172.90000", "2010-01-31": "129.30000", "2009-10-31": "115.40000", "2009-07-31": "70.80000", "2009-04-30": "33.95420", "2009-01-31": "-91.08300", "2008-10-31": "65.60400", "2008-07-31": "38.72500", "2008-04-30": "103.20830", "2008-01-31": "105.68400", "2007-10-31": "80.16000", "2007-07-31": "24.54800", "2007-04-30": "75.44920", "2007-01-31": "72.43600", "2006-10-31": "96.80500", "2006-07-31": "56.55200", "2006-04-30": "86.97190", "2006-01-31": "83.46500", "2005-10-31": "74.28200", "2005-07-31": "63.57200", "2005-04-30": "70.02790", "2005-01-31": "67.80800"}, "Total Non-Operating Income/Expense": {"2020-10-31": "-7.00000", "2020-07-31": "-32.00000", "2020-04-30": "-27.00000", "2020-01-31": "8.00000", "2019-10-31": "3.00000", "2019-07-31": "15.00000", "2019-04-30": "14.00000", "2019-01-31": "8.00000", "2018-10-31": "7.00000", "2018-07-31": "18.00000", "2018-04-30": "16.00000", "2018-01-31": "14.00000", "2017-10-31": "6.00000", "2017-07-31": "5.00000", "2017-04-30": "", "2017-01-31": "", "2016-10-31": "", "2016-07-31": "-1.00000", "2016-04-30": "-4.00000", "2016-01-31": "-2.00000", "2015-10-31": "-1.00000", "2015-07-31": "4.00000", "2015-04-30": "3.00000", "2015-01-31": "-2.00000", "2014-10-31": "-4.00000", "2014-07-31": "", "2014-04-30": "3.40000", "2014-01-31": "2.90000", "2013-10-31": "5.30000", "2013-07-31": "-4.60000", "2013-04-30": "-15.50000", "2013-01-31": "-12.10000", "2012-10-31": "-7.60000", "2012-07-31": "-6.00000", "2012-04-30": "-6.90000", "2012-01-31": "-9.60000", "2011-10-31": "-8.50000", "2011-07-31": "-9.10000", "2011-04-30": "-4.80000", "2011-01-31": "-8.30000", "2010-10-31": "-10.50000", "2010-07-31": "-6.60000", "2010-04-30": "-9.00000", "2010-01-31": "-11.40000", "2009-10-31": "-9.40000", "2009-07-31": "-11.60000", "2009-04-30": "-9.15800", "2009-01-31": "-7.81500", "2008-10-31": "-23.28000", "2008-07-31": "1.35300", "2008-04-30": "11.87700", "2008-01-31": "11.70100", "2007-10-31": "28.73600", "2007-07-31": "16.78600", "2007-04-30": "16.56800", "2007-01-31": "16.16800", "2006-10-31": "12.18600", "2006-07-31": "13.56400", "2006-04-30": "12.83800", "2006-01-31": "10.89200", "2005-10-31": "9.44200", "2005-07-31": "8.80900", "2005-04-30": "8.10600", "2005-01-31": "5.57200"}, "Pre-Tax Income": {"2020-10-31": "175.00000", "2020-07-31": "104.00000", "2020-04-30": "250.00000", "2020-01-31": "276.00000", "2019-10-31": "299.00000", "2019-07-31": "119.00000", "2019-04-30": "384.00000", "2019-01-31": "319.00000", "2018-10-31": "293.00000", "2018-07-31": "272.00000", "2018-04-30": "328.00000", "2018-01-31": "504.00000", "2017-10-31": "222.00000", "2017-07-31": "145.00000", "2017-04-30": "204.00000", "2017-01-31": "183.00000", "2016-10-31": "142.00000", "2016-07-31": "92.00000", "2016-04-30": "60.00000", "2016-01-31": "163.00000", "2015-10-31": "144.00000", "2015-07-31": "-22.00000", "2015-04-30": "164.00000", "2015-01-31": "200.00000", "2014-10-31": "189.00000", "2014-07-31": "160.00000", "2014-04-30": "226.90000", "2014-01-31": "229.60000", "2013-10-31": "192.20000", "2013-07-31": "92.30000", "2013-04-30": "188.90000", "2013-01-31": "175.80000", "2012-10-31": "127.70000", "2012-07-31": "74.20000", "2012-04-30": "214.50000", "2012-01-31": "146.90000", "2011-10-31": "183.90000", "2011-07-31": "167.10000", "2011-04-30": "208.10000", "2011-01-31": "212.70000", "2010-10-31": "202.30000", "2010-07-31": "171.00000", "2010-04-30": "163.90000", "2010-01-31": "117.90000", "2009-10-31": "106.00000", "2009-07-31": "59.20000", "2009-04-30": "24.79600", "2009-01-31": "-98.89800", "2008-10-31": "42.32400", "2008-07-31": "40.07800", "2008-04-30": "115.08500", "2008-01-31": "117.38500", "2007-10-31": "108.89600", "2007-07-31": "41.33400", "2007-04-30": "92.01700", "2007-01-31": "88.60400", "2006-10-31": "108.99100", "2006-07-31": "70.11600", "2006-04-30": "99.81000", "2006-01-31": "94.35700", "2005-10-31": "83.72400", "2005-07-31": "72.38100", "2005-04-30": "78.13400", "2005-01-31": "73.38000"}, "Income Taxes": {"2020-10-31": "38.00000", "2020-07-31": "27.00000", "2020-04-30": "54.00000", "2020-01-31": "-1.00000", "2019-10-31": "56.00000", "2019-07-31": "16.00000", "2019-04-30": "-12.00000", "2019-01-31": "70.00000", "2018-10-31": "52.00000", "2018-07-31": "-11.00000", "2018-04-30": "38.00000", "2018-01-31": "983.00000", "2017-10-31": "48.00000", "2017-07-31": "14.00000", "2017-04-30": "42.00000", "2017-01-31": "37.00000", "2016-10-31": "33.00000", "2016-07-31": "28.00000", "2016-04-30": "68.00000", "2016-01-31": "10.00000", "2015-10-31": "30.00000", "2015-07-31": "8.00000", "2015-04-30": "29.00000", "2015-01-31": "23.00000", "2014-10-31": "29.00000", "2014-07-31": "72.00000", "2014-04-30": "29.40000", "2014-01-31": "37.50000", "2013-10-31": "25.40000", "2013-07-31": "10.70000", "2013-04-30": "15.10000", "2013-01-31": "17.70000", "2012-10-31": "18.10000", "2012-07-31": "10.40000", "2012-04-30": "33.80000", "2012-01-31": "27.30000", "2011-10-31": "18.30000", "2011-07-31": "27.60000", "2011-04-30": "47.50000", "2011-01-31": "26.30000", "2010-10-31": "26.90000", "2010-07-31": "20.30000", "2010-04-30": "18.80000", "2010-01-31": "10.00000", "2009-10-31": "10.30000", "2009-07-31": "7.50000", "2009-04-30": "-43.65100", "2009-01-31": "-17.27500", "2008-10-31": "-0.72900", "2008-07-31": "5.35500", "2008-04-30": "25.30300", "2008-01-31": "15.56200", "2007-10-31": "25.13800", "2007-07-31": "6.99700", "2007-04-30": "2.39700", "2007-01-31": "22.09000", "2006-10-31": "22.06000", "2006-07-31": "15.44600", "2006-04-30": "40.58900", "2006-01-31": "17.96400", "2005-10-31": "13.00600", "2005-07-31": "12.26100", "2005-04-30": "14.69800", "2005-01-31": "13.25300"}, "Income After Taxes": {"2020-10-31": "137.00000", "2020-07-31": "77.00000", "2020-04-30": "196.00000", "2020-01-31": "277.00000", "2019-10-31": "243.00000", "2019-07-31": "103.00000", "2019-04-30": "396.00000", "2019-01-31": "249.00000", "2018-10-31": "241.00000", "2018-07-31": "283.00000", "2018-04-30": "290.00000", "2018-01-31": "-479.00000", "2017-10-31": "174.00000", "2017-07-31": "131.00000", "2017-04-30": "162.00000", "2017-01-31": "146.00000", "2016-10-31": "109.00000", "2016-07-31": "64.00000", "2016-04-30": "-8.00000", "2016-01-31": "153.00000", "2015-10-31": "114.00000", "2015-07-31": "-30.00000", "2015-04-30": "135.00000", "2015-01-31": "177.00000", "2014-10-31": "160.00000", "2014-07-31": "88.00000", "2014-04-30": "197.50000", "2014-01-31": "192.10000", "2013-10-31": "166.80000", "2013-07-31": "81.60000", "2013-04-30": "173.80000", "2013-01-31": "158.10000", "2012-10-31": "109.60000", "2012-07-31": "63.80000", "2012-04-30": "180.70010", "2012-01-31": "119.60000", "2011-10-31": "165.60000", "2011-07-31": "139.50000", "2011-04-30": "160.60000", "2011-01-31": "186.40000", "2010-10-31": "175.40000", "2010-07-31": "150.70000", "2010-04-30": "145.10000", "2010-01-31": "107.90000", "2009-10-31": "95.70000", "2009-07-31": "51.70000", "2009-04-30": "68.44700", "2009-01-31": "-81.62300", "2008-10-31": "43.05300", "2008-07-31": "34.72300", "2008-04-30": "89.78200", "2008-01-31": "101.82300", "2007-10-31": "83.75800", "2007-07-31": "34.33700", "2007-04-30": "89.62000", "2007-01-31": "66.51400", "2006-10-31": "86.93100", "2006-07-31": "54.67000", "2006-04-30": "59.22100", "2006-01-31": "76.39300", "2005-10-31": "70.71800", "2005-07-31": "60.12000", "2005-04-30": "63.43600", "2005-01-31": "60.12700"}, "Other Income": {"2020-10-31": "", "2020-07-31": "", "2020-04-30": "", "2020-01-31": "", "2019-10-31": "", "2019-07-31": "", "2019-04-30": "", "2019-01-31": "", "2018-10-31": "", "2018-07-31": "", "2018-04-30": "", "2018-01-31": "", "2017-10-31": "", "2017-07-31": "", "2017-04-30": "", "2017-01-31": "", "2016-10-31": "", "2016-07-31": "", "2016-04-30": "", "2016-01-31": "", "2015-10-31": "", "2015-07-31": "", "2015-04-30": "", "2015-01-31": "", "2014-10-31": "", "2014-07-31": "", "2014-04-30": "", "2014-01-31": "", "2013-10-31": "", "2013-07-31": "", "2013-04-30": "", "2013-01-31": "", "2012-10-31": "", "2012-07-31": "", "2012-04-30": "", "2012-01-31": "", "2011-10-31": "", "2011-07-31": "", "2011-04-30": "", "2011-01-31": "", "2010-10-31": "", "2010-07-31": "", "2010-04-30": "", "2010-01-31": "", "2009-10-31": "", "2009-07-31": "", "2009-04-30": "", "2009-01-31": "", "2008-10-31": "", "2008-07-31": "", "2008-04-30": "", "2008-01-31": "", "2007-10-31": "", "2007-07-31": "", "2007-04-30": "", "2007-01-31": "", "2006-10-31": "", "2006-07-31": "", "2006-04-30": "", "2006-01-31": "", "2005-10-31": "", "2005-07-31": "", "2005-04-30": "", "2005-01-31": ""}, "Income From Continuous Operations": {"2020-10-31": "137.00000", "2020-07-31": "77.00000", "2020-04-30": "196.00000", "2020-01-31": "277.00000", "2019-10-31": "243.00000", "2019-07-31": "103.00000", "2019-04-30": "396.00000", "2019-01-31": "249.00000", "2018-10-31": "241.00000", "2018-07-31": "283.00000", "2018-04-30": "290.00000", "2018-01-31": "-479.00000", "2017-10-31": "174.00000", "2017-07-31": "131.00000", "2017-04-30": "162.00000", "2017-01-31": "146.00000", "2016-10-31": "109.00000", "2016-07-31": "64.00000", "2016-04-30": "-8.00000", "2016-01-31": "153.00000", "2015-10-31": "114.00000", "2015-07-31": "-30.00000", "2015-04-30": "135.00000", "2015-01-31": "177.00000", "2014-10-31": "160.00000", "2014-07-31": "88.00000", "2014-04-30": "197.50000", "2014-01-31": "192.10000", "2013-10-31": "166.80000", "2013-07-31": "81.60000", "2013-04-30": "173.80000", "2013-01-31": "158.10000", "2012-10-31": "109.60000", "2012-07-31": "63.80000", "2012-04-30": "180.70010", "2012-01-31": "119.60000", "2011-10-31": "165.60000", "2011-07-31": "139.50000", "2011-04-30": "160.60000", "2011-01-31": "186.40000", "2010-10-31": "175.40000", "2010-07-31": "150.70000", "2010-04-30": "145.10000", "2010-01-31": "107.90000", "2009-10-31": "95.70000", "2009-07-31": "51.70000", "2009-04-30": "68.44700", "2009-01-31": "-81.62300", "2008-10-31": "43.05300", "2008-07-31": "34.72300", "2008-04-30": "89.78200", "2008-01-31": "101.82300", "2007-10-31": "83.75800", "2007-07-31": "34.33700", "2007-04-30": "89.62000", "2007-01-31": "66.51400", "2006-10-31": "86.93100", "2006-07-31": "54.67000", "2006-04-30": "59.22100", "2006-01-31": "76.39300", "2005-10-31": "70.71800", "2005-07-31": "60.12000", "2005-04-30": "63.43600", "2005-01-31": "60.12700"}, "Income From Discontinued Operations": {"2020-10-31": "", "2020-07-31": "", "2020-04-30": "", "2020-01-31": "", "2019-10-31": "", "2019-07-31": "", "2019-04-30": "", "2019-01-31": "", "2018-10-31": "", "2018-07-31": "", "2018-04-30": "", "2018-01-31": "", "2017-10-31": "", "2017-07-31": "", "2017-04-30": "", "2017-01-31": "", "2016-10-31": "", "2016-07-31": "", "2016-04-30": "", "2016-01-31": "", "2015-10-31": "", "2015-07-31": "", "2015-04-30": "", "2015-01-31": "", "2014-10-31": "", "2014-07-31": "", "2014-04-30": "", "2014-01-31": "", "2013-10-31": "", "2013-07-31": "", "2013-04-30": "", "2013-01-31": "", "2012-10-31": "", "2012-07-31": "", "2012-04-30": "", "2012-01-31": "", "2011-10-31": "", "2011-07-31": "", "2011-04-30": "", "2011-01-31": "", "2010-10-31": "", "2010-07-31": "", "2010-04-30": "", "2010-01-31": "", "2009-10-31": "", "2009-07-31": "", "2009-04-30": "", "2009-01-31": "", "2008-10-31": "", "2008-07-31": "", "2008-04-30": "", "2008-01-31": "", "2007-10-31": "", "2007-07-31": "", "2007-04-30": "", "2007-01-31": "", "2006-10-31": "", "2006-07-31": "", "2006-04-30": "", "2006-01-31": "", "2005-10-31": "", "2005-07-31": "", "2005-04-30": "", "2005-01-31": ""}, "Net Income": {"2020-10-31": "137.00000", "2020-07-31": "77.00000", "2020-04-30": "196.00000", "2020-01-31": "277.00000", "2019-10-31": "243.00000", "2019-07-31": "103.00000", "2019-04-30": "396.00000", "2019-01-31": "249.00000", "2018-10-31": "241.00000", "2018-07-31": "283.00000", "2018-04-30": "290.00000", "2018-01-31": "-479.00000", "2017-10-31": "174.00000", "2017-07-31": "131.00000", "2017-04-30": "162.00000", "2017-01-31": "146.00000", "2016-10-31": "109.00000", "2016-07-31": "64.00000", "2016-04-30": "-8.00000", "2016-01-31": "153.00000", "2015-10-31": "114.00000", "2015-07-31": "-30.00000", "2015-04-30": "135.00000", "2015-01-31": "177.00000", "2014-10-31": "160.00000", "2014-07-31": "88.00000", "2014-04-30": "197.50000", "2014-01-31": "192.10000", "2013-10-31": "166.80000", "2013-07-31": "81.60000", "2013-04-30": "173.80000", "2013-01-31": "158.10000", "2012-10-31": "109.60000", "2012-07-31": "63.80000", "2012-04-30": "180.70000", "2012-01-31": "119.60000", "2011-10-31": "165.60000", "2011-07-31": "139.50000", "2011-04-30": "160.60000", "2011-01-31": "186.40000", "2010-10-31": "175.40000", "2010-07-31": "150.70000", "2010-04-30": "145.10000", "2010-01-31": "107.90000", "2009-10-31": "95.70000", "2009-07-31": "51.70000", "2009-04-30": "68.44700", "2009-01-31": "-81.62300", "2008-10-31": "43.05300", "2008-07-31": "34.72300", "2008-04-30": "89.78200", "2008-01-31": "101.82300", "2007-10-31": "83.75800", "2007-07-31": "34.33700", "2007-04-30": "89.62000", "2007-01-31": "66.51400", "2006-10-31": "86.93100", "2006-07-31": "54.67000", "2006-04-30": "59.22100", "2006-01-31": "76.39300", "2005-10-31": "70.71800", "2005-07-31": "60.12000", "2005-04-30": "63.43600", "2005-01-31": "60.12700"}, "EBITDA": {"2020-10-31": "238.00000", "2020-07-31": "185.00000", "2020-04-30": "324.00000", "2020-01-31": "315.00000", "2019-10-31": "346.00000", "2019-07-31": "153.00000", "2019-04-30": "418.00000", "2019-01-31": "362.00000", "2018-10-31": "335.00000", "2018-07-31": "303.00000", "2018-04-30": "360.00000", "2018-01-31": "538.00000", "2017-10-31": "267.00000", "2017-07-31": "191.00000", "2017-04-30": "256.00000", "2017-01-31": "239.00000", "2016-10-31": "199.00000", "2016-07-31": "153.00000", "2016-04-30": "141.00000", "2016-01-31": "231.00000", "2015-10-31": "212.00000", "2015-07-31": "43.00000", "2015-04-30": "233.00000", "2015-01-31": "282.00000", "2014-10-31": "270.00000", "2014-07-31": "238.00000", "2014-04-30": "305.49990", "2014-01-31": "310.30000", "2013-10-31": "261.20000", "2013-07-31": "191.00000", "2013-04-30": "309.69940", "2013-01-31": "289.60000", "2012-10-31": "236.40010", "2012-07-31": "176.90000", "2012-04-30": "318.20110", "2012-01-31": "243.60000", "2011-10-31": "272.30000", "2011-07-31": "258.40000", "2011-04-30": "269.10040", "2011-01-31": "275.30000", "2010-10-31": "267.40010", "2010-07-31": "231.19990", "2010-04-30": "225.90000", "2010-01-31": "182.60000", "2009-10-31": "169.80000", "2009-07-31": "126.90000", "2009-04-30": "86.85120", "2009-01-31": "-35.02300", "2008-10-31": "121.66100", "2008-07-31": "85.21100", "2008-04-30": "146.95630", "2008-01-31": "141.33200", "2007-10-31": "115.23700", "2007-07-31": "58.17500", "2007-04-30": "107.51020", "2007-01-31": "101.46400", "2006-10-31": "122.65400", "2006-07-31": "80.44700", "2006-04-30": "109.77790", "2006-01-31": "104.85800", "2005-10-31": "93.95800", "2005-07-31": "81.49400", "2005-04-30": "87.43190", "2005-01-31": "83.80900"}, "EBIT": {"2020-10-31": "182.00000", "2020-07-31": "136.00000", "2020-04-30": "277.00000", "2020-01-31": "268.00000", "2019-10-31": "296.00000", "2019-07-31": "104.00000", "2019-04-30": "370.00000", "2019-01-31": "311.00000", "2018-10-31": "286.00000", "2018-07-31": "254.00000", "2018-04-30": "312.00000", "2018-01-31": "490.00000", "2017-10-31": "216.00000", "2017-07-31": "140.00000", "2017-04-30": "203.00000", "2017-01-31": "183.00000", "2016-10-31": "142.00000", "2016-07-31": "93.00000", "2016-04-30": "64.00000", "2016-01-31": "165.00000", "2015-10-31": "145.00000", "2015-07-31": "-26.00000", "2015-04-30": "161.00000", "2015-01-31": "202.00000", "2014-10-31": "193.00000", "2014-07-31": "160.00000", "2014-04-30": "223.50000", "2014-01-31": "226.70000", "2013-10-31": "186.90000", "2013-07-31": "96.90000", "2013-04-30": "204.39930", "2013-01-31": "187.90000", "2012-10-31": "135.30000", "2012-07-31": "80.20000", "2012-04-30": "221.40100", "2012-01-31": "156.50000", "2011-10-31": "192.40000", "2011-07-31": "176.20000", "2011-04-30": "212.90030", "2011-01-31": "221.00000", "2010-10-31": "212.80000", "2010-07-31": "177.59990", "2010-04-30": "172.89970", "2010-01-31": "129.30000", "2009-10-31": "115.40000", "2009-07-31": "70.80000", "2009-04-30": "33.95420", "2009-01-31": "-91.08300", "2008-10-31": "65.60400", "2008-07-31": "38.72500", "2008-04-30": "103.20810", "2008-01-31": "105.68400", "2007-10-31": "80.16000", "2007-07-31": "24.54800", "2007-04-30": "75.44920", "2007-01-31": "72.43600", "2006-10-31": "96.80500", "2006-07-31": "56.55200", "2006-04-30": "86.97200", "2006-01-31": "83.46500", "2005-10-31": "74.28200", "2005-07-31": "63.57200", "2005-04-30": "70.02790", "2005-01-31": "67.80800"}, "Basic Shares Outstanding": {"2020-10-31": "222.00000", "2020-07-31": "221.00000", "2020-04-30": "230.00000", "2020-01-31": "226.00000", "2019-10-31": "235.00000", "2019-07-31": "239.00000", "2019-04-30": "254.00000", "2019-01-31": "250.00000", "2018-10-31": "258.00000", "2018-07-31": "262.00000", "2018-04-30": "268.00000", "2018-01-31": "268.00000", "2017-10-31": "269.00000", "2017-07-31": "270.00000", "2017-04-30": "275.00000", "2017-01-31": "274.00000", "2016-10-31": "278.00000", "2016-07-31": "279.00000", "2016-04-30": "294.00000", "2016-01-31": "293.00000", "2015-10-31": "294.00000", "2015-07-31": "304.00000", "2015-04-30": "316.00000", "2015-01-31": "312.00000", "2014-10-31": "318.00000", "2014-07-31": "323.00000", "2014-04-30": "340.00000", "2014-01-31": "339.40000", "2013-10-31": "340.70000", "2013-07-31": "350.90000", "2013-04-30": "361.50000", "2013-01-31": "359.50000", "2012-10-31": "362.00000", "2012-07-31": "366.10000", "2012-04-30": "363.90000", "2012-01-31": "360.30000", "2011-10-31": "361.50000", "2011-07-31": "370.30000", "2011-04-30": "360.90000", "2011-01-31": "364.80000", "2010-10-31": "359.10000", "2010-07-31": "352.40000", "2010-04-30": "339.60000", "2010-01-31": "341.40000", "2009-10-31": "336.70000", "2009-07-31": "334.50000", "2009-04-30": "330.30000", "2009-01-31": "329.02600", "2008-10-31": "327.31900", "2008-07-31": "333.85500", "2008-04-30": "351.70000", "2008-01-31": "344.27500", "2007-10-31": "355.66500", "2007-07-31": "364.45700", "2007-04-30": "371.20400", "2007-01-31": "371.28700", "2006-10-31": "370.65900", "2006-07-31": "373.86900", "2006-04-30": "371.06100", "2006-01-31": "371.76800", "2005-10-31": "371.00200", "2005-07-31": "367.43800", "2005-04-30": "361.00900", "2005-01-31": "362.56300"}, "Shares Outstanding": {"2020-10-31": "224.00000", "2020-07-31": "222.00000", "2020-04-30": "233.00000", "2020-01-31": "229.00000", "2019-10-31": "236.00000", "2019-07-31": "243.00000", "2019-04-30": "259.00000", "2019-01-31": "255.00000", "2018-10-31": "264.00000", "2018-07-31": "269.00000", "2018-04-30": "276.00000", "2018-01-31": "268.00000", "2017-10-31": "275.00000", "2017-07-31": "278.00000", "2017-04-30": "281.00000", "2017-01-31": "281.00000", "2016-10-31": "284.00000", "2016-07-31": "282.00000", "2016-04-30": "297.00000", "2016-01-31": "296.00000", "2015-10-31": "296.00000", "2015-07-31": "304.00000", "2015-04-30": "321.00000", "2015-01-31": "317.00000", "2014-10-31": "323.00000", "2014-07-31": "329.00000", "2014-04-30": "348.00000", "2014-01-31": "346.20000", "2013-10-31": "349.10000", "2013-07-31": "359.90000", "2013-04-30": "368.00000", "2013-01-31": "364.70000", "2012-10-31": "368.20000", "2012-07-31": "371.20000", "2012-04-30": "384.30000", "2012-01-31": "373.70000", "2011-10-31": "376.00000", "2011-07-31": "405.50000", "2011-04-30": "393.70000", "2011-01-31": "406.20000", "2010-10-31": "391.70000", "2010-07-31": "374.30000", "2010-04-30": "353.20000", "2010-01-31": "360.30000", "2009-10-31": "349.80000", "2009-07-31": "338.90000", "2009-04-30": "334.60000", "2009-01-31": "329.02600", "2008-10-31": "333.38500", "2008-07-31": "341.12000", "2008-04-30": "361.10000", "2008-01-31": "352.78000", "2007-10-31": "365.45800", "2007-07-31": "377.63100", "2007-04-30": "388.45400", "2007-01-31": "389.12000", "2006-10-31": "388.22600", "2006-07-31": "391.31900", "2006-04-30": "388.38100", "2006-01-31": "389.14900", "2005-10-31": "385.44200", "2005-07-31": "386.38300", "2005-04-30": "380.41200", "2005-01-31": "385.86900"}, "Basic EPS": {"2020-10-31": "0.62000", "2020-07-31": "0.35000", "2020-04-30": "0.87000", "2020-01-31": "1.23000", "2019-10-31": "1.03000", "2019-07-31": "0.43000", "2019-04-30": "1.59000", "2019-01-31": "1.00000", "2018-10-31": "0.93000", "2018-07-31": "1.08000", "2018-04-30": "1.08000", "2018-01-31": "-1.79000", "2017-10-31": "0.65000", "2017-07-31": "0.49000", "2017-04-30": "0.60000", "2017-01-31": "0.53000", "2016-10-31": "0.39000", "2016-07-31": "0.23000", "2016-04-30": "-0.03000", "2016-01-31": "0.52000", "2015-10-31": "0.39000", "2015-07-31": "-0.10000", "2015-04-30": "0.43000", "2015-01-31": "0.57000", "2014-10-31": "0.50000", "2014-07-31": "0.27000", "2014-04-30": "0.58000", "2014-01-31": "0.57000", "2013-10-31": "0.49000", "2013-07-31": "0.23000", "2013-04-30": "0.49000", "2013-01-31": "0.44000", "2012-10-31": "0.30000", "2012-07-31": "0.17000", "2012-04-30": "0.49000", "2012-01-31": "0.33000", "2011-10-31": "0.46000", "2011-07-31": "0.38000", "2011-04-30": "0.44000", "2011-01-31": "0.51000", "2010-10-31": "0.49000", "2010-07-31": "0.43000", "2010-04-30": "0.43000", "2010-01-31": "0.32000", "2009-10-31": "0.28000", "2009-07-31": "0.15000", "2009-04-30": "0.22000", "2009-01-31": "-0.25000", "2008-10-31": "0.13000", "2008-07-31": "0.10000", "2008-04-30": "0.25000", "2008-01-31": "0.30000", "2007-10-31": "0.24000", "2007-07-31": "0.09000", "2007-04-30": "0.24000", "2007-01-31": "0.18000", "2006-10-31": "0.23000", "2006-07-31": "0.15000", "2006-04-30": "0.16000", "2006-01-31": "0.21000", "2005-10-31": "0.19000", "2005-07-31": "0.16000", "2005-04-30": "0.18000", "2005-01-31": "0.17000"}, "EPS - Earnings Per Share": {"2020-10-31": "0.61000", "2020-07-31": "0.35000", "2020-04-30": "0.86000", "2020-01-31": "1.21000", "2019-10-31": "1.03000", "2019-07-31": "0.42000", "2019-04-30": "1.57000", "2019-01-31": "0.98000", "2018-10-31": "0.91000", "2018-07-31": "1.05000", "2018-04-30": "1.11000", "2018-01-31": "-1.79000", "2017-10-31": "0.63000", "2017-07-31": "0.47000", "2017-04-30": "0.58000", "2017-01-31": "0.52000", "2016-10-31": "0.38000", "2016-07-31": "0.23000", "2016-04-30": "-0.04000", "2016-01-31": "0.52000", "2015-10-31": "0.39000", "2015-07-31": "-0.10000", "2015-04-30": "0.43000", "2015-01-31": "0.56000", "2014-10-31": "0.49000", "2014-07-31": "0.27000", "2014-04-30": "0.57000", "2014-01-31": "0.55000", "2013-10-31": "0.48000", "2013-07-31": "0.23000", "2013-04-30": "0.47000", "2013-01-31": "0.43000", "2012-10-31": "0.30000", "2012-07-31": "0.17000", "2012-04-30": "0.48000", "2012-01-31": "0.32000", "2011-10-31": "0.44000", "2011-07-31": "0.34000", "2011-04-30": "0.40000", "2011-01-31": "0.46000", "2010-10-31": "0.45000", "2010-07-31": "0.40000", "2010-04-30": "0.41000", "2010-01-31": "0.30000", "2009-10-31": "0.27000", "2009-07-31": "0.15000", "2009-04-30": "0.21000", "2009-01-31": "-0.25000", "2008-10-31": "0.13000", "2008-07-31": "0.10000", "2008-04-30": "0.25000", "2008-01-31": "0.29000", "2007-10-31": "0.23000", "2007-07-31": "0.09000", "2007-04-30": "0.24000", "2007-01-31": "0.17000", "2006-10-31": "0.22000", "2006-07-31": "0.14000", "2006-04-30": "0.15000", "2006-01-31": "0.20000", "2005-10-31": "0.18000", "2005-07-31": "0.16000", "2005-04-30": "0.15000", "2005-01-31": "0.16000"}}, "balance sheet": {"Cash On Hand": {"2020-04-30": "2882.00000", "2019-04-30": "3899.00000", "2018-04-30": "5391.00000", "2017-04-30": "4921.00000", "2016-04-30": "5303.00000", "2015-04-30": "5326.00000", "2014-04-30": "5003.30000", "2013-04-30": "6952.60000", "2012-04-30": "5398.50000", "2011-04-30": "5174.70000", "2010-04-30": "3724.00000", "2009-04-30": "2604.30000", "2008-04-30": "1164.39000", "2007-04-30": "1427.09300", "2006-04-30": "1461.43100", "2005-04-30": "1171.66400"}, "Receivables": {"2020-04-30": "973.00000", "2019-04-30": "1216.00000", "2018-04-30": "1047.00000", "2017-04-30": "731.00000", "2016-04-30": "813.00000", "2015-04-30": "779.00000", "2014-04-30": "855.90000", "2013-04-30": "800.90000", "2012-04-30": "830.90000", "2011-04-30": "742.60000", "2010-04-30": "471.50000", "2009-04-30": "446.50000", "2008-04-30": "582.11000", "2007-04-30": "548.24900", "2006-04-30": "415.29500", "2005-04-30": "296.88500"}, "Inventory": {"2020-04-30": "145.00000", "2019-04-30": "131.00000", "2018-04-30": "122.00000", "2017-04-30": "163.00000", "2016-04-30": "98.00000", "2015-04-30": "146.00000", "2014-04-30": "122.40000", "2013-04-30": "139.50000", "2012-04-30": "161.50000", "2011-04-30": "108.50000", "2010-04-30": "112.90000", "2009-04-30": "61.10000", "2008-04-30": "70.22200", "2007-04-30": "54.88000", "2006-04-30": "64.45200", "2005-04-30": "38.98300"}, "Pre-Paid Expenses": {"2020-04-30": "", "2019-04-30": "", "2018-04-30": "", "2017-04-30": "", "2016-04-30": "", "2015-04-30": "", "2014-04-30": "", "2013-04-30": "", "2012-04-30": "", "2011-04-30": "", "2010-04-30": "", "2009-04-30": "326.90000", "2008-04-30": "123.51400", "2007-04-30": "99.84000", "2006-04-30": "43.53600", "2005-04-30": "30.77300"}, "Other Current Assets": {"2020-04-30": "274.00000", "2019-04-30": "364.00000", "2018-04-30": "392.00000", "2017-04-30": "383.00000", "2016-04-30": "234.00000", "2015-04-30": "522.00000", "2014-04-30": "489.70000", "2013-04-30": "525.20000", "2012-04-30": "435.60000", "2011-04-30": "339.40000", "2010-04-30": "228.70000", "2009-04-30": "", "2008-04-30": "", "2007-04-30": "", "2006-04-30": "", "2005-04-30": ""}, "Total Current Assets": {"2020-04-30": "4274.00000", "2019-04-30": "5610.00000", "2018-04-30": "6952.00000", "2017-04-30": "6198.00000", "2016-04-30": "6448.00000", "2015-04-30": "6773.00000", "2014-04-30": "6471.30000", "2013-04-30": "8418.20000", "2012-04-30": "6826.50000", "2011-04-30": "6365.20000", "2010-04-30": "4537.10000", "2009-04-30": "3438.80000", "2008-04-30": "2067.43300", "2007-04-30": "2240.80300", "2006-04-30": "2033.21000", "2005-04-30": "1575.88900"}, "Property, Plant, And Equipment": {"2020-04-30": "727.00000", "2019-04-30": "759.00000", "2018-04-30": "756.00000", "2017-04-30": "799.00000", "2016-04-30": "937.00000", "2015-04-30": "1030.00000", "2014-04-30": "1108.80000", "2013-04-30": "1170.90000", "2012-04-30": "1137.20000", "2011-04-30": "911.60000", "2010-04-30": "804.40000", "2009-04-30": "807.90000", "2008-04-30": "693.79200", "2007-04-30": "603.52300", "2006-04-30": "513.19300", "2005-04-30": "418.74900"}, "Long-Term Investments": {"2020-04-30": "", "2019-04-30": "", "2018-04-30": "", "2017-04-30": "", "2016-04-30": "", "2015-04-30": "", "2014-04-30": "", "2013-04-30": "", "2012-04-30": "", "2011-04-30": "", "2010-04-30": "", "2009-04-30": "", "2008-04-30": "", "2007-04-30": "", "2006-04-30": "", "2005-04-30": ""}, "Goodwill And Intangible Assets": {"2020-04-30": "1822.00000", "2019-04-30": "1782.00000", "2018-04-30": "1833.00000", "2017-04-30": "1815.00000", "2016-04-30": "1856.00000", "2015-04-30": "1117.00000", "2014-04-30": "1109.60000", "2013-04-30": "1168.70000", "2012-04-30": "1141.20000", "2011-04-30": "813.30000", "2010-04-30": "706.10000", "2009-04-30": "726.70000", "2008-04-30": "770.12900", "2007-04-30": "684.06510", "2006-04-30": "562.58600", "2005-04-30": "313.26400"}, "Other Long-Term Assets": {"2020-04-30": "699.00000", "2019-04-30": "590.00000", "2018-04-30": "450.00000", "2017-04-30": "681.00000", "2016-04-30": "796.00000", "2015-04-30": "481.00000", "2014-04-30": "524.10000", "2013-04-30": "484.60000", "2012-04-30": "427.40000", "2011-04-30": "408.70000", "2010-04-30": "446.80000", "2009-04-30": "411.00000", "2008-04-30": "539.63400", "2007-04-30": "130.08700", "2006-04-30": "151.97600", "2005-04-30": "64.74500"}, "Total Long-Term Assets": {"2020-04-30": "3248.00000", "2019-04-30": "3131.00000", "2018-04-30": "3039.00000", "2017-04-30": "3295.00000", "2016-04-30": "3589.00000", "2015-04-30": "2628.00000", "2014-04-30": "2742.50000", "2013-04-30": "2824.20000", "2012-04-30": "2705.80000", "2011-04-30": "2133.60000", "2010-04-30": "1957.30000", "2009-04-30": "1945.60000", "2008-04-30": "2003.55500", "2007-04-30": "1417.67500", "2006-04-30": "1227.75500", "2005-04-30": "796.75800"}, "Total Assets": {"2020-04-30": "7522.00000", "2019-04-30": "8741.00000", "2018-04-30": "9991.00000", "2017-04-30": "9493.00000", "2016-04-30": "10037.00000", "2015-04-30": "9401.00000", "2014-04-30": "9213.80000", "2013-04-30": "11242.40000", "2012-04-30": "9532.30000", "2011-04-30": "8498.80000", "2010-04-30": "6494.40000", "2009-04-30": "5384.40000", "2008-04-30": "4070.98800", "2007-04-30": "3658.47800", "2006-04-30": "3260.96500", "2005-04-30": "2372.64700"}, "Total Current Liabilities": {"2020-04-30": "3616.00000", "2019-04-30": "3867.00000", "2018-04-30": "3531.00000", "2017-04-30": "4122.00000", "2016-04-30": "3662.00000", "2015-04-30": "2709.00000", "2014-04-30": "2694.60000", "2013-04-30": "3830.60000", "2012-04-30": "3519.80000", "2011-04-30": "3372.80000", "2010-04-30": "1911.00000", "2009-04-30": "1679.30000", "2008-04-30": "1414.10200", "2007-04-30": "1187.54700", "2006-04-30": "917.16300", "2005-04-30": "520.18900"}, "Long Term Debt": {"2020-04-30": "1146.00000", "2019-04-30": "1144.00000", "2018-04-30": "1541.00000", "2017-04-30": "744.00000", "2016-04-30": "1490.00000", "2015-04-30": "1487.00000", "2014-04-30": "990.10000", "2013-04-30": "994.60000", "2012-04-30": "62.60000", "2011-04-30": "114.60000", "2010-04-30": "1101.50000", "2009-04-30": "1219.30000", "2008-04-30": "318.65800", "2007-04-30": "9.48700", "2006-04-30": "138.20000", "2005-04-30": "4.47400"}, "Other Non-Current Liabilities": {"2020-04-30": "714.00000", "2019-04-30": "797.00000", "2018-04-30": "992.00000", "2017-04-30": "249.00000", "2016-04-30": "413.00000", "2015-04-30": "318.00000", "2014-04-30": "296.20000", "2013-04-30": "253.50000", "2012-04-30": "206.90000", "2011-04-30": "192.90000", "2010-04-30": "171.90000", "2009-04-30": "", "2008-04-30": "", "2007-04-30": "", "2006-04-30": "", "2005-04-30": ""}, "Total Long Term Liabilities": {"2020-04-30": "3664.00000", "2019-04-30": "3784.00000", "2018-04-30": "4184.00000", "2017-04-30": "2591.00000", "2016-04-30": "3494.00000", "2015-04-30": "3278.00000", "2014-04-30": "2732.70000", "2013-04-30": "2694.30000", "2012-04-30": "1718.90000", "2011-04-30": "1395.80000", "2010-04-30": "2052.90000", "2009-04-30": "1920.90000", "2008-04-30": "956.54700", "2007-04-30": "481.91000", "2006-04-30": "420.34900", "2005-04-30": "191.65400"}, "Total Liabilities": {"2020-04-30": "7280.00000", "2019-04-30": "7651.00000", "2018-04-30": "7715.00000", "2017-04-30": "6713.00000", "2016-04-30": "7156.00000", "2015-04-30": "5987.00000", "2014-04-30": "5427.30000", "2013-04-30": "6524.90000", "2012-04-30": "5238.70000", "2011-04-30": "4768.60000", "2010-04-30": "3963.90000", "2009-04-30": "3600.20000", "2008-04-30": "2370.64900", "2007-04-30": "1669.45700", "2006-04-30": "1337.51200", "2005-04-30": "711.84300"}, "Common Stock Net": {"2020-04-30": "284.00000", "2019-04-30": "1133.00000", "2018-04-30": "2355.00000", "2017-04-30": "2769.00000", "2016-04-30": "2912.00000", "2015-04-30": "3385.00000", "2014-04-30": "0.30000", "2013-04-30": "0.50000", "2012-04-30": "0.50000", "2011-04-30": "0.50000", "2010-04-30": "0.50000", "2009-04-30": "0.40000", "2008-04-30": "0.42900", "2007-04-30": "0.42200", "2006-04-30": "0.40800", "2005-04-30": "0.38100"}, "Retained Earnings (Accumulated Deficit)": {"2020-04-30": "", "2019-04-30": "", "2018-04-30": "-9.00000", "2017-04-30": "40.00000", "2016-04-30": "", "2015-04-30": "53.00000", "2014-04-30": "1.10000", "2013-04-30": "2896.80000", "2012-04-30": "2805.30000", "2011-04-30": "2674.00000", "2010-04-30": "2000.90000", "2009-04-30": "1600.50000", "2008-04-30": "1535.90300", "2007-04-30": "1226.16500", "2006-04-30": "928.43000", "2005-04-30": "661.97800"}, "Comprehensive Income": {"2020-04-30": "-42.00000", "2019-04-30": "-43.00000", "2018-04-30": "-70.00000", "2017-04-30": "-29.00000", "2016-04-30": "-31.00000", "2015-04-30": "-24.00000", "2014-04-30": "9.10000", "2013-04-30": "8.70000", "2012-04-30": "4.90000", "2011-04-30": "12.80000", "2010-04-30": "2.80000", "2009-04-30": "-5.20000", "2008-04-30": "0.77300", "2007-04-30": "5.50200", "2006-04-30": "-11.09800", "2005-04-30": "-4.05000"}, "Other Share Holders Equity": {"2020-04-30": "", "2019-04-30": "", "2018-04-30": "", "2017-04-30": "", "2016-04-30": "", "2015-04-30": "", "2014-04-30": "", "2013-04-30": "", "2012-04-30": "", "2011-04-30": "", "2010-04-30": "", "2009-04-30": "", "2008-04-30": "", "2007-04-30": "", "2006-04-30": "", "2005-04-30": ""}, "Share Holder Equity": {"2020-04-30": "242.00000", "2019-04-30": "1090.00000", "2018-04-30": "2276.00000", "2017-04-30": "2780.00000", "2016-04-30": "2881.00000", "2015-04-30": "3414.00000", "2014-04-30": "3786.50000", "2013-04-30": "4717.50000", "2012-04-30": "4293.60000", "2011-04-30": "3730.20000", "2010-04-30": "2530.50000", "2009-04-30": "1784.20000", "2008-04-30": "1700.33900", "2007-04-30": "1989.02100", "2006-04-30": "1923.45300", "2005-04-30": "1660.80400"}, "Total Liabilities And Share Holders Equity": {"2020-04-30": "7522.00000", "2019-04-30": "8741.00000", "2018-04-30": "9991.00000", "2017-04-30": "9493.00000", "2016-04-30": "10037.00000", "2015-04-30": "9401.00000", "2014-04-30": "9213.80000", "2013-04-30": "11242.40000", "2012-04-30": "9532.30000", "2011-04-30": "8498.80000", "2010-04-30": "6494.40000", "2009-04-30": "5384.40000", "2008-04-30": "4070.98800", "2007-04-30": "3658.47800", "2006-04-30": "3260.96500", "2005-04-30": "2372.64700"}}, "balance sheet, quarterly": {"Cash On Hand": {"2020-10-31": "3646.00000", "2020-07-31": "3773.00000", "2020-04-30": "2882.00000", "2020-01-31": "3008.00000", "2019-10-31": "2987.00000", "2019-07-31": "3532.00000", "2019-04-30": "3899.00000", "2019-01-31": "4049.00000", "2018-10-31": "4299.00000", "2018-07-31": "4811.00000", "2018-04-30": "5391.00000", "2018-01-31": "5619.00000", "2017-10-31": "5965.00000", "2017-07-31": "5321.00000", "2017-04-30": "4921.00000", "2017-01-31": "4639.00000", "2016-10-31": "4357.00000", "2016-07-31": "4421.00000", "2016-04-30": "5303.00000", "2016-01-31": "5023.00000", "2015-10-31": "4814.00000", "2015-07-31": "4950.00000", "2015-04-30": "5326.00000", "2015-01-31": "5252.50000", "2014-10-31": "5269.40000", "2014-07-31": "5564.20000", "2014-04-30": "5003.30000", "2014-01-31": "5069.30000", "2013-10-31": "5272.70000", "2013-07-31": "5084.00000", "2013-04-30": "6952.60000", "2013-01-31": "6723.90000", "2012-10-31": "5571.00000", "2012-07-31": "5441.10000", "2012-04-30": "5398.50000", "2012-01-31": "4866.10000", "2011-10-31": "4641.60000", "2011-07-31": "4714.10000", "2011-04-30": "5174.70000", "2011-01-31": "4755.60000", "2010-10-31": "4381.50000", "2010-07-31": "3920.90000", "2010-04-30": "3724.00000", "2010-01-31": "3233.27100", "2009-10-31": "2955.53800", "2009-07-31": "2662.79700", "2009-04-30": "2604.30000", "2009-01-31": "2463.15000", "2008-10-31": "2300.54000", "2008-07-31": "2124.50800", "2008-04-30": "1164.39000", "2008-01-31": "1193.34700", "2007-10-31": "1067.11100", "2007-07-31": "1434.16600", "2007-04-30": "1427.09300", "2007-01-31": "1421.32400", "2006-10-31": "1504.15400", "2006-07-31": "1407.52100", "2006-04-30": "1461.43100", "2006-01-31": "1140.94400", "2005-10-31": "1109.59900", "2005-07-31": "1214.73800", "2005-04-30": "1171.66400", "2005-01-31": "1106.43400"}, "Receivables": {"2020-10-31": "796.00000", "2020-07-31": "604.00000", "2020-04-30": "973.00000", "2020-01-31": "821.00000", "2019-10-31": "780.00000", "2019-07-31": "542.00000", "2019-04-30": "1216.00000", "2019-01-31": "872.00000", "2018-10-31": "765.00000", "2018-07-31": "616.00000", "2018-04-30": "1047.00000", "2018-01-31": "754.00000", "2017-10-31": "584.00000", "2017-07-31": "518.00000", "2017-04-30": "731.00000", "2017-01-31": "605.00000", "2016-10-31": "547.00000", "2016-07-31": "501.00000", "2016-04-30": "813.00000", "2016-01-31": "585.00000", "2015-10-31": "587.00000", "2015-07-31": "415.00000", "2015-04-30": "779.00000", "2015-01-31": "666.30000", "2014-10-31": "632.70000", "2014-07-31": "585.40000", "2014-04-30": "855.90000", "2014-01-31": "584.30000", "2013-10-31": "590.40000", "2013-07-31": "533.30000", "2013-04-30": "800.90000", "2013-01-31": "633.80000", "2012-10-31": "615.00000", "2012-07-31": "584.20000", "2012-04-30": "830.90000", "2012-01-31": "685.40000", "2011-10-31": "625.20000", "2011-07-31": "597.00000", "2011-04-30": "742.60000", "2011-01-31": "541.50000", "2010-10-31": "446.60000", "2010-07-31": "372.50000", "2010-04-30": "471.50000", "2010-01-31": "457.53600", "2009-10-31": "318.03300", "2009-07-31": "331.66100", "2009-04-30": "446.50000", "2009-01-31": "344.43700", "2008-10-31": "362.31700", "2008-07-31": "432.51000", "2008-04-30": "582.11000", "2008-01-31": "462.76900", "2007-10-31": "427.85400", "2007-07-31": "403.15900", "2007-04-30": "548.24900", "2007-01-31": "438.81800", "2006-10-31": "399.65700", "2006-07-31": "376.92000", "2006-04-30": "415.29500", "2006-01-31": "367.49000", "2005-10-31": "325.85500", "2005-07-31": "239.01500", "2005-04-30": "296.88500", "2005-01-31": "234.33900"}, "Inventory": {"2020-10-31": "116.00000", "2020-07-31": "136.00000", "2020-04-30": "145.00000", "2020-01-31": "113.00000", "2019-10-31": "111.00000", "2019-07-31": "116.00000", "2019-04-30": "131.00000", "2019-01-31": "100.00000", "2018-10-31": "86.00000", "2018-07-31": "97.00000", "2018-04-30": "122.00000", "2018-01-31": "98.00000", "2017-10-31": "108.00000", "2017-07-31": "143.00000", "2017-04-30": "163.00000", "2017-01-31": "125.00000", "2016-10-31": "97.00000", "2016-07-31": "81.00000", "2016-04-30": "98.00000", "2016-01-31": "102.00000", "2015-10-31": "125.00000", "2015-07-31": "193.00000", "2015-04-30": "146.00000", "2015-01-31": "117.80000", "2014-10-31": "107.60000", "2014-07-31": "104.20000", "2014-04-30": "122.40000", "2014-01-31": "118.20000", "2013-10-31": "115.90000", "2013-07-31": "116.50000", "2013-04-30": "139.50000", "2013-01-31": "172.90000", "2012-10-31": "213.20000", "2012-07-31": "203.70000", "2012-04-30": "161.50000", "2012-01-31": "153.80000", "2011-10-31": "163.30000", "2011-07-31": "138.20000", "2011-04-30": "108.50000", "2011-01-31": "97.20000", "2010-10-31": "84.70000", "2010-07-31": "90.40000", "2010-04-30": "112.90000", "2010-01-31": "72.04800", "2009-10-31": "61.14100", "2009-07-31": "61.65500", "2009-04-30": "61.10000", "2009-01-31": "82.15900", "2008-10-31": "78.21400", "2008-07-31": "63.47700", "2008-04-30": "70.22200", "2008-01-31": "60.10200", "2007-10-31": "62.69000", "2007-07-31": "58.01900", "2007-04-30": "54.88000", "2007-01-31": "61.47400", "2006-10-31": "56.77800", "2006-07-31": "56.24200", "2006-04-30": "64.45200", "2006-01-31": "64.07200", "2005-10-31": "44.11100", "2005-07-31": "40.34300", "2005-04-30": "38.98300", "2005-01-31": "38.02400"}, "Pre-Paid Expenses": {"2020-10-31": "", "2020-07-31": "", "2020-04-30": "", "2020-01-31": "", "2019-10-31": "", "2019-07-31": "", "2019-04-30": "", "2019-01-31": "", "2018-10-31": "", "2018-07-31": "", "2018-04-30": "", "2018-01-31": "", "2017-10-31": "", "2017-07-31": "", "2017-04-30": "", "2017-01-31": "", "2016-10-31": "", "2016-07-31": "", "2016-04-30": "", "2016-01-31": "", "2015-10-31": "", "2015-07-31": "", "2015-04-30": "", "2015-01-31": "", "2014-10-31": "", "2014-07-31": "", "2014-04-30": "", "2014-01-31": "", "2013-10-31": "", "2013-07-31": "", "2013-04-30": "", "2013-01-31": "", "2012-10-31": "", "2012-07-31": "", "2012-04-30": "", "2012-01-31": "", "2011-10-31": "", "2011-07-31": "", "2011-04-30": "", "2011-01-31": "", "2010-10-31": "", "2010-07-31": "", "2010-04-30": "", "2010-01-31": "143.95000", "2009-10-31": "115.52500", "2009-07-31": "112.66000", "2009-04-30": "326.90000", "2009-01-31": "118.36500", "2008-10-31": "139.13600", "2008-07-31": "118.14800", "2008-04-30": "123.51400", "2008-01-31": "103.83700", "2007-10-31": "94.68400", "2007-07-31": "86.69600", "2007-04-30": "99.84000", "2007-01-31": "48.26600", "2006-10-31": "42.76100", "2006-07-31": "41.14000", "2006-04-30": "43.53600", "2006-01-31": "35.76800", "2005-10-31": "30.44400", "2005-07-31": "32.66300", "2005-04-30": "30.77300", "2005-01-31": "35.76400"}, "Other Current Assets": {"2020-10-31": "263.00000", "2020-07-31": "304.00000", "2020-04-30": "274.00000", "2020-01-31": "276.00000", "2019-10-31": "313.00000", "2019-07-31": "326.00000", "2019-04-30": "364.00000", "2019-01-31": "340.00000", "2018-10-31": "321.00000", "2018-07-31": "329.00000", "2018-04-30": "392.00000", "2018-01-31": "295.00000", "2017-10-31": "363.00000", "2017-07-31": "316.00000", "2017-04-30": "383.00000", "2017-01-31": "277.00000", "2016-10-31": "219.00000", "2016-07-31": "220.00000", "2016-04-30": "234.00000", "2016-01-31": "354.00000", "2015-10-31": "555.00000", "2015-07-31": "561.00000", "2015-04-30": "522.00000", "2015-01-31": "518.00000", "2014-10-31": "479.40000", "2014-07-31": "494.30000", "2014-04-30": "489.70000", "2014-01-31": "457.60000", "2013-10-31": "441.00000", "2013-07-31": "467.80000", "2013-04-30": "525.20000", "2013-01-31": "518.00000", "2012-10-31": "488.50000", "2012-07-31": "511.80000", "2012-04-30": "435.60000", "2012-01-31": "462.40000", "2011-10-31": "399.90000", "2011-07-31": "388.30000", "2011-04-30": "339.40000", "2011-01-31": "204.40000", "2010-10-31": "218.30000", "2010-07-31": "210.40000", "2010-04-30": "228.70000", "2010-01-31": "", "2009-10-31": "", "2009-07-31": "", "2009-04-30": "", "2009-01-31": "", "2008-10-31": "", "2008-07-31": "", "2008-04-30": "", "2008-01-31": "", "2007-10-31": "", "2007-07-31": "", "2007-04-30": "", "2007-01-31": "", "2006-10-31": "", "2006-07-31": "", "2006-04-30": "", "2006-01-31": "", "2005-10-31": "", "2005-07-31": "", "2005-04-30": "", "2005-01-31": ""}, "Total Current Assets": {"2020-10-31": "4821.00000", "2020-07-31": "4817.00000", "2020-04-30": "4274.00000", "2020-01-31": "4218.00000", "2019-10-31": "4191.00000", "2019-07-31": "4516.00000", "2019-04-30": "5610.00000", "2019-01-31": "5361.00000", "2018-10-31": "5471.00000", "2018-07-31": "5853.00000", "2018-04-30": "6952.00000", "2018-01-31": "6766.00000", "2017-10-31": "7020.00000", "2017-07-31": "6298.00000", "2017-04-30": "6198.00000", "2017-01-31": "5646.00000", "2016-10-31": "5220.00000", "2016-07-31": "5223.00000", "2016-04-30": "6448.00000", "2016-01-31": "6064.00000", "2015-10-31": "6081.00000", "2015-07-31": "6119.00000", "2015-04-30": "6773.00000", "2015-01-31": "6554.60000", "2014-10-31": "6489.10000", "2014-07-31": "6748.10000", "2014-04-30": "6471.30000", "2014-01-31": "6229.40000", "2013-10-31": "6420.00000", "2013-07-31": "6201.60000", "2013-04-30": "8418.20000", "2013-01-31": "8048.60000", "2012-10-31": "6887.70000", "2012-07-31": "6740.80000", "2012-04-30": "6826.50000", "2012-01-31": "6167.70000", "2011-10-31": "5830.00000", "2011-07-31": "5837.60000", "2011-04-30": "6365.20000", "2011-01-31": "5598.70000", "2010-10-31": "5131.10000", "2010-07-31": "4594.20000", "2010-04-30": "4537.10000", "2010-01-31": "4017.40100", "2009-10-31": "3590.58900", "2009-07-31": "3333.70700", "2009-04-30": "3438.80000", "2009-01-31": "3162.01200", "2008-10-31": "3046.05900", "2008-07-31": "2864.89300", "2008-04-30": "2067.43300", "2008-01-31": "1916.68400", "2007-10-31": "1768.66300", "2007-07-31": "2088.85000", "2007-04-30": "2240.80300", "2007-01-31": "2033.42400", "2006-10-31": "2050.53700", "2006-07-31": "1930.31900", "2006-04-30": "2033.21000", "2006-01-31": "1643.81800", "2005-10-31": "1545.56700", "2005-07-31": "1562.31700", "2005-04-30": "1575.88900", "2005-01-31": "1448.82100"}, "Property, Plant, And Equipment": {"2020-10-31": "737.00000", "2020-07-31": "737.00000", "2020-04-30": "727.00000", "2020-01-31": "740.00000", "2019-10-31": "746.00000", "2019-07-31": "754.00000", "2019-04-30": "759.00000", "2019-01-31": "763.00000", "2018-10-31": "770.00000", "2018-07-31": "768.00000", "2018-04-30": "756.00000", "2018-01-31": "741.00000", "2017-10-31": "795.00000", "2017-07-31": "799.00000", "2017-04-30": "799.00000", "2017-01-31": "892.00000", "2016-10-31": "949.00000", "2016-07-31": "942.00000", "2016-04-30": "937.00000", "2016-01-31": "873.00000", "2015-10-31": "1004.00000", "2015-07-31": "1011.00000", "2015-04-30": "1030.00000", "2015-01-31": "1050.70000", "2014-10-31": "1081.70000", "2014-07-31": "1098.00000", "2014-04-30": "1108.80000", "2014-01-31": "1128.60000", "2013-10-31": "1142.90000", "2013-07-31": "1163.40000", "2013-04-30": "1170.90000", "2013-01-31": "1189.20000", "2012-10-31": "1132.40000", "2012-07-31": "1139.10000", "2012-04-30": "1137.20000", "2012-01-31": "1081.80000", "2011-10-31": "1046.10000", "2011-07-31": "993.30000", "2011-04-30": "911.60000", "2011-01-31": "862.20000", "2010-10-31": "845.30000", "2010-07-31": "825.40000", "2010-04-30": "804.40000", "2010-01-31": "797.96100", "2009-10-31": "780.37800", "2009-07-31": "796.26600", "2009-04-30": "807.90000", "2009-01-31": "705.15300", "2008-10-31": "717.84900", "2008-07-31": "720.66100", "2008-04-30": "693.79200", "2008-01-31": "661.12800", "2007-10-31": "646.15700", "2007-07-31": "629.12400", "2007-04-30": "603.52300", "2007-01-31": "586.57800", "2006-10-31": "555.81500", "2006-07-31": "533.12100", "2006-04-30": "513.19300", "2006-01-31": "492.79300", "2005-10-31": "465.58700", "2005-07-31": "443.76000", "2005-04-30": "418.74900", "2005-01-31": "405.90700"}, "Long-Term Investments": {"2020-10-31": "", "2020-07-31": "", "2020-04-30": "", "2020-01-31": "", "2019-10-31": "", "2019-07-31": "", "2019-04-30": "", "2019-01-31": "", "2018-10-31": "", "2018-07-31": "", "2018-04-30": "", "2018-01-31": "", "2017-10-31": "", "2017-07-31": "", "2017-04-30": "", "2017-01-31": "", "2016-10-31": "", "2016-07-31": "", "2016-04-30": "", "2016-01-31": "", "2015-10-31": "", "2015-07-31": "", "2015-04-30": "", "2015-01-31": "", "2014-10-31": "", "2014-07-31": "", "2014-04-30": "", "2014-01-31": "", "2013-10-31": "", "2013-07-31": "", "2013-04-30": "", "2013-01-31": "", "2012-10-31": "", "2012-07-31": "", "2012-04-30": "", "2012-01-31": "", "2011-10-31": "", "2011-07-31": "60.10000", "2011-04-30": "", "2011-01-31": "69.20000", "2010-10-31": "", "2010-07-31": "", "2010-04-30": "", "2010-01-31": "", "2009-10-31": "", "2009-07-31": "", "2009-04-30": "", "2009-01-31": "", "2008-10-31": "", "2008-07-31": "", "2008-04-30": "", "2008-01-31": "", "2007-10-31": "", "2007-07-31": "", "2007-04-30": "", "2007-01-31": "", "2006-10-31": "", "2006-07-31": "", "2006-04-30": "", "2006-01-31": "", "2005-10-31": "", "2005-07-31": "", "2005-04-30": "", "2005-01-31": ""}, "Goodwill And Intangible Assets": {"2020-10-31": "2164.00000", "2020-07-31": "2178.00000", "2020-04-30": "1822.00000", "2020-01-31": "1813.00000", "2019-10-31": "1821.00000", "2019-07-31": "1832.00000", "2019-04-30": "1782.00000", "2019-01-31": "1798.00000", "2018-10-31": "1811.00000", "2018-07-31": "1820.00000", "2018-04-30": "1833.00000", "2018-01-31": "1845.00000", "2017-10-31": "1859.00000", "2017-07-31": "1825.00000", "2017-04-30": "1815.00000", "2017-01-31": "1821.00000", "2016-10-31": "1834.00000", "2016-07-31": "1845.00000", "2016-04-30": "1856.00000", "2016-01-31": "1064.00000", "2015-10-31": "1078.00000", "2015-07-31": "1091.00000", "2015-04-30": "1117.00000", "2015-01-31": "1136.30000", "2014-10-31": "1080.60000", "2014-07-31": "1095.10000", "2014-04-30": "1109.60000", "2014-01-31": "1124.20000", "2013-10-31": "1139.00000", "2013-07-31": "1153.80000", "2013-04-30": "1168.70000", "2013-01-31": "1171.90000", "2012-10-31": "1098.30000", "2012-07-31": "1119.80000", "2012-04-30": "1141.20000", "2012-01-31": "1162.70000", "2011-10-31": "1183.10000", "2011-07-31": "1204.80000", "2011-04-30": "813.30000", "2011-01-31": "772.40000", "2010-10-31": "775.80000", "2010-07-31": "780.20000", "2010-04-30": "706.10000", "2010-01-31": "711.01000", "2009-10-31": "715.95610", "2009-07-31": "721.12200", "2009-04-30": "726.70000", "2009-01-31": "731.54900", "2008-10-31": "753.72500", "2008-07-31": "761.77600", "2008-04-30": "770.12900", "2008-01-31": "663.42200", "2007-10-31": "670.37700", "2007-07-31": "677.17100", "2007-04-30": "684.06510", "2007-01-31": "691.31200", "2006-10-31": "551.04200", "2006-07-31": "557.40400", "2006-04-30": "562.58600", "2006-01-31": "573.52200", "2005-10-31": "578.82400", "2005-07-31": "321.64300", "2005-04-30": "313.26400", "2005-01-31": "315.18300"}, "Other Long-Term Assets": {"2020-10-31": "698.00000", "2020-07-31": "684.00000", "2020-04-30": "699.00000", "2020-01-31": "712.00000", "2019-10-31": "714.00000", "2019-07-31": "709.00000", "2019-04-30": "590.00000", "2019-01-31": "496.00000", "2018-10-31": "499.00000", "2018-07-31": "464.00000", "2018-04-30": "450.00000", "2018-01-31": "435.00000", "2017-10-31": "634.00000", "2017-07-31": "677.00000", "2017-04-30": "681.00000", "2017-01-31": "696.00000", "2016-10-31": "759.00000", "2016-07-31": "777.00000", "2016-04-30": "796.00000", "2016-01-31": "784.00000", "2015-10-31": "472.00000", "2015-07-31": "476.00000", "2015-04-30": "481.00000", "2015-01-31": "493.10000", "2014-10-31": "526.10000", "2014-07-31": "531.20000", "2014-04-30": "524.10000", "2014-01-31": "518.40000", "2013-10-31": "495.50000", "2013-07-31": "499.10000", "2013-04-30": "484.60000", "2013-01-31": "456.20000", "2012-10-31": "435.50000", "2012-07-31": "406.30000", "2012-04-30": "427.40000", "2012-01-31": "409.40000", "2011-10-31": "444.90000", "2011-07-31": "350.00000", "2011-04-30": "408.70000", "2011-01-31": "460.90000", "2010-10-31": "485.60000", "2010-07-31": "446.00000", "2010-04-30": "446.80000", "2010-01-31": "72.82400", "2009-10-31": "116.40600", "2009-07-31": "128.50200", "2009-04-30": "411.00000", "2009-01-31": "199.39200", "2008-10-31": "211.83200", "2008-07-31": "285.00700", "2008-04-30": "539.63400", "2008-01-31": "312.61700", "2007-10-31": "304.93700", "2007-07-31": "160.27900", "2007-04-30": "130.08700", "2007-01-31": "181.97500", "2006-10-31": "162.81400", "2006-07-31": "159.82500", "2006-04-30": "151.97600", "2006-01-31": "59.81700", "2005-10-31": "60.49300", "2005-07-31": "68.94300", "2005-04-30": "64.74500", "2005-01-31": "73.85500"}, "Total Long-Term Assets": {"2020-10-31": "3599.00000", "2020-07-31": "3599.00000", "2020-04-30": "3248.00000", "2020-01-31": "3265.00000", "2019-10-31": "3281.00000", "2019-07-31": "3295.00000", "2019-04-30": "3131.00000", "2019-01-31": "3057.00000", "2018-10-31": "3080.00000", "2018-07-31": "3052.00000", "2018-04-30": "3039.00000", "2018-01-31": "3021.00000", "2017-10-31": "3288.00000", "2017-07-31": "3301.00000", "2017-04-30": "3295.00000", "2017-01-31": "3409.00000", "2016-10-31": "3542.00000", "2016-07-31": "3564.00000", "2016-04-30": "3589.00000", "2016-01-31": "2721.00000", "2015-10-31": "2554.00000", "2015-07-31": "2578.00000", "2015-04-30": "2628.00000", "2015-01-31": "2680.10000", "2014-10-31": "2688.40000", "2014-07-31": "2724.30000", "2014-04-30": "2742.50000", "2014-01-31": "2771.20000", "2013-10-31": "2777.40000", "2013-07-31": "2816.30000", "2013-04-30": "2824.20000", "2013-01-31": "2817.30000", "2012-10-31": "2666.20000", "2012-07-31": "2665.20000", "2012-04-30": "2705.80000", "2012-01-31": "2653.90000", "2011-10-31": "2674.10000", "2011-07-31": "2608.20000", "2011-04-30": "2133.60000", "2011-01-31": "2164.70000", "2010-10-31": "2106.70000", "2010-07-31": "2051.60000", "2010-04-30": "1957.30000", "2010-01-31": "1951.23300", "2009-10-31": "1973.91800", "2009-07-31": "1981.18500", "2009-04-30": "1945.60000", "2009-01-31": "2027.72800", "2008-10-31": "2032.32700", "2008-07-31": "2117.66800", "2008-04-30": "2003.55500", "2008-01-31": "1862.74200", "2007-10-31": "1789.35100", "2007-07-31": "1466.57400", "2007-04-30": "1417.67500", "2007-01-31": "1459.86500", "2006-10-31": "1269.67100", "2006-07-31": "1250.35000", "2006-04-30": "1227.75500", "2006-01-31": "1126.13200", "2005-10-31": "1104.90400", "2005-07-31": "834.34600", "2005-04-30": "796.75800", "2005-01-31": "794.94500"}, "Total Assets": {"2020-10-31": "8420.00000", "2020-07-31": "8416.00000", "2020-04-30": "7522.00000", "2020-01-31": "7483.00000", "2019-10-31": "7472.00000", "2019-07-31": "7811.00000", "2019-04-30": "8741.00000", "2019-01-31": "8418.00000", "2018-10-31": "8551.00000", "2018-07-31": "8905.00000", "2018-04-30": "9991.00000", "2018-01-31": "9787.00000", "2017-10-31": "10308.00000", "2017-07-31": "9599.00000", "2017-04-30": "9493.00000", "2017-01-31": "9055.00000", "2016-10-31": "8762.00000", "2016-07-31": "8787.00000", "2016-04-30": "10037.00000", "2016-01-31": "8785.00000", "2015-10-31": "8635.00000", "2015-07-31": "8697.00000", "2015-04-30": "9401.00000", "2015-01-31": "9234.70000", "2014-10-31": "9177.50000", "2014-07-31": "9472.40000", "2014-04-30": "9213.80000", "2014-01-31": "9000.60000", "2013-10-31": "9197.40000", "2013-07-31": "9017.90000", "2013-04-30": "11242.40000", "2013-01-31": "10865.90000", "2012-10-31": "9553.90000", "2012-07-31": "9406.00000", "2012-04-30": "9532.30000", "2012-01-31": "8821.60000", "2011-10-31": "8504.10000", "2011-07-31": "8445.80000", "2011-04-30": "8498.80000", "2011-01-31": "7763.40000", "2010-10-31": "7237.80000", "2010-07-31": "6645.80000", "2010-04-30": "6494.40000", "2010-01-31": "5968.63400", "2009-10-31": "5564.50700", "2009-07-31": "5314.89200", "2009-04-30": "5384.40000", "2009-01-31": "5189.74000", "2008-10-31": "5078.38600", "2008-07-31": "4982.56100", "2008-04-30": "4070.98800", "2008-01-31": "3779.42600", "2007-10-31": "3558.01400", "2007-07-31": "3555.42400", "2007-04-30": "3658.47800", "2007-01-31": "3493.28900", "2006-10-31": "3320.20800", "2006-07-31": "3180.66900", "2006-04-30": "3260.96500", "2006-01-31": "2769.95000", "2005-10-31": "2650.47100", "2005-07-31": "2396.66300", "2005-04-30": "2372.64700", "2005-01-31": "2243.76600"}, "Total Current Liabilities": {"2020-10-31": "2920.00000", "2020-07-31": "2976.00000", "2020-04-30": "3616.00000", "2020-01-31": "3529.00000", "2019-10-31": "3204.00000", "2019-07-31": "3175.00000", "2019-04-30": "3867.00000", "2019-01-31": "3430.00000", "2018-10-31": "3310.00000", "2018-07-31": "2840.00000", "2018-04-30": "3531.00000", "2018-01-31": "3548.00000", "2017-10-31": "4214.00000", "2017-07-31": "4287.00000", "2017-04-30": "4122.00000", "2017-01-31": "3844.00000", "2016-10-31": "2528.00000", "2016-07-31": "2524.00000", "2016-04-30": "3662.00000", "2016-01-31": "2476.00000", "2015-10-31": "2453.00000", "2015-07-31": "2480.00000", "2015-04-30": "2709.00000", "2015-01-31": "2491.30000", "2014-10-31": "2491.00000", "2014-07-31": "2400.90000", "2014-04-30": "2694.60000", "2014-01-31": "2423.80000", "2013-10-31": "2408.70000", "2013-07-31": "2330.10000", "2013-04-30": "3830.60000", "2013-01-31": "3621.00000", "2012-10-31": "3573.70000", "2012-07-31": "3459.90000", "2012-04-30": "3519.80000", "2012-01-31": "2157.50000", "2011-10-31": "2122.30000", "2011-07-31": "3171.20000", "2011-04-30": "3372.80000", "2011-01-31": "1942.40000", "2010-10-31": "1834.50000", "2010-07-31": "1665.40000", "2010-04-30": "1911.00000", "2010-01-31": "1681.52900", "2009-10-31": "1538.75900", "2009-07-31": "1459.72200", "2009-04-30": "1679.30000", "2009-01-31": "1562.97800", "2008-10-31": "1397.18000", "2008-07-31": "1354.30800", "2008-04-30": "1414.10200", "2008-01-31": "1224.48200", "2007-10-31": "1129.62800", "2007-07-31": "1072.03100", "2007-04-30": "1187.54700", "2007-01-31": "1073.03100", "2006-10-31": "934.27300", "2006-07-31": "886.50800", "2006-04-30": "917.16300", "2006-01-31": "654.74700", "2005-10-31": "575.87000", "2005-07-31": "495.78800", "2005-04-30": "520.18900", "2005-01-31": "449.37100"}, "Long Term Debt": {"2020-10-31": "2631.00000", "2020-07-31": "2630.00000", "2020-04-30": "1146.00000", "2020-01-31": "1146.00000", "2019-10-31": "1145.00000", "2019-07-31": "1145.00000", "2019-04-30": "1144.00000", "2019-01-31": "1144.00000", "2018-10-31": "1144.00000", "2018-07-31": "1542.00000", "2018-04-30": "1541.00000", "2018-01-31": "1540.00000", "2017-10-31": "1540.00000", "2017-07-31": "745.00000", "2017-04-30": "744.00000", "2017-01-31": "744.00000", "2016-10-31": "1492.00000", "2016-07-31": "1491.00000", "2016-04-30": "1490.00000", "2016-01-31": "1490.00000", "2015-10-31": "1489.00000", "2015-07-31": "1488.00000", "2015-04-30": "1487.00000", "2015-01-31": "1494.70000", "2014-10-31": "1494.40000", "2014-07-31": "1494.10000", "2014-04-30": "990.10000", "2014-01-31": "995.20000", "2013-10-31": "995.00000", "2013-07-31": "994.80000", "2013-04-30": "994.60000", "2013-01-31": "994.30000", "2012-10-31": "", "2012-07-31": "", "2012-04-30": "62.60000", "2012-01-31": "1188.80000", "2011-10-31": "1175.80000", "2011-07-31": "101.90000", "2011-04-30": "114.60000", "2011-01-31": "1137.70000", "2010-10-31": "1125.40000", "2010-07-31": "1113.40000", "2010-04-30": "1101.50000", "2010-01-31": "1229.75100", "2009-10-31": "1217.41800", "2009-07-31": "1220.26600", "2009-04-30": "1219.30000", "2009-01-31": "1430.68700", "2008-10-31": "1483.95800", "2008-07-31": "1541.45900", "2008-04-30": "318.65800", "2008-01-31": "329.59900", "2007-10-31": "324.10500", "2007-07-31": "70.28800", "2007-04-30": "9.48700", "2007-01-31": "47.06300", "2006-10-31": "77.56200", "2006-07-31": "113.72300", "2006-04-30": "138.20000", "2006-01-31": "3.42700", "2005-10-31": "3.44100", "2005-07-31": "3.34000", "2005-04-30": "4.47400", "2005-01-31": "4.52500"}, "Other Non-Current Liabilities": {"2020-10-31": "663.00000", "2020-07-31": "720.00000", "2020-04-30": "714.00000", "2020-01-31": "748.00000", "2019-10-31": "837.00000", "2019-07-31": "882.00000", "2019-04-30": "797.00000", "2019-01-31": "898.00000", "2018-10-31": "899.00000", "2018-07-31": "964.00000", "2018-04-30": "992.00000", "2018-01-31": "973.00000", "2017-10-31": "255.00000", "2017-07-31": "250.00000", "2017-04-30": "249.00000", "2017-01-31": "238.00000", "2016-10-31": "407.00000", "2016-07-31": "404.00000", "2016-04-30": "413.00000", "2016-01-31": "269.00000", "2015-10-31": "269.00000", "2015-07-31": "302.00000", "2015-04-30": "318.00000", "2015-01-31": "310.40000", "2014-10-31": "315.90000", "2014-07-31": "320.80000", "2014-04-30": "296.20000", "2014-01-31": "272.70000", "2013-10-31": "267.20000", "2013-07-31": "262.80000", "2013-04-30": "253.50000", "2013-01-31": "226.90000", "2012-10-31": "216.30000", "2012-07-31": "207.30000", "2012-04-30": "206.90000", "2012-01-31": "197.30000", "2011-10-31": "211.10000", "2011-07-31": "206.10000", "2011-04-30": "192.90000", "2011-01-31": "203.50000", "2010-10-31": "204.10000", "2010-07-31": "196.10000", "2010-04-30": "171.90000", "2010-01-31": "", "2009-10-31": "", "2009-07-31": "", "2009-04-30": "", "2009-01-31": "", "2008-10-31": "", "2008-07-31": "", "2008-04-30": "", "2008-01-31": "", "2007-10-31": "", "2007-07-31": "", "2007-04-30": "", "2007-01-31": "", "2006-10-31": "", "2006-07-31": "", "2006-04-30": "", "2006-01-31": "", "2005-10-31": "", "2005-07-31": "", "2005-04-30": "", "2005-01-31": ""}, "Total Long Term Liabilities": {"2020-10-31": "5130.00000", "2020-07-31": "5156.00000", "2020-04-30": "3664.00000", "2020-01-31": "3672.00000", "2019-10-31": "3732.00000", "2019-07-31": "3773.00000", "2019-04-30": "3784.00000", "2019-01-31": "3758.00000", "2018-10-31": "3711.00000", "2018-07-31": "4143.00000", "2018-04-30": "4184.00000", "2018-01-31": "4063.00000", "2017-10-31": "3317.00000", "2017-07-31": "2544.00000", "2017-04-30": "2591.00000", "2017-01-31": "2517.00000", "2016-10-31": "3445.00000", "2016-07-31": "3471.00000", "2016-04-30": "3494.00000", "2016-01-31": "3200.00000", "2015-10-31": "3195.00000", "2015-07-31": "3217.00000", "2015-04-30": "3278.00000", "2015-01-31": "3235.40000", "2014-10-31": "3225.20000", "2014-07-31": "3234.80000", "2014-04-30": "2732.70000", "2014-01-31": "2660.90000", "2013-10-31": "2668.30000", "2013-07-31": "2669.80000", "2013-04-30": "2694.30000", "2013-01-31": "2619.90000", "2012-10-31": "1578.00000", "2012-07-31": "1570.40000", "2012-04-30": "1718.90000", "2012-01-31": "2622.60000", "2011-10-31": "2578.80000", "2011-07-31": "1449.70000", "2011-04-30": "1395.80000", "2011-01-31": "2307.60000", "2010-10-31": "2195.90000", "2010-07-31": "2130.50000", "2010-04-30": "2052.90000", "2010-01-31": "1960.12500", "2009-10-31": "1922.25400", "2009-07-31": "1906.03700", "2009-04-30": "1920.90000", "2009-01-31": "2099.36900", "2008-10-31": "2141.67200", "2008-07-31": "2192.25600", "2008-04-30": "956.54700", "2008-01-31": "894.41100", "2007-10-31": "840.55000", "2007-07-31": "556.25800", "2007-04-30": "481.91000", "2007-01-31": "445.38900", "2006-10-31": "423.38300", "2006-07-31": "423.33400", "2006-04-30": "420.34900", "2006-01-31": "259.95500", "2005-10-31": "230.98800", "2005-07-31": "210.04500", "2005-04-30": "191.65400", "2005-01-31": "165.86500"}, "Total Liabilities": {"2020-10-31": "8050.00000", "2020-07-31": "8132.00000", "2020-04-30": "7280.00000", "2020-01-31": "7201.00000", "2019-10-31": "6936.00000", "2019-07-31": "6948.00000", "2019-04-30": "7651.00000", "2019-01-31": "7188.00000", "2018-10-31": "7021.00000", "2018-07-31": "6983.00000", "2018-04-30": "7715.00000", "2018-01-31": "7611.00000", "2017-10-31": "7531.00000", "2017-07-31": "6831.00000", "2017-04-30": "6713.00000", "2017-01-31": "6361.00000", "2016-10-31": "5973.00000", "2016-07-31": "5995.00000", "2016-04-30": "7156.00000", "2016-01-31": "5676.00000", "2015-10-31": "5648.00000", "2015-07-31": "5697.00000", "2015-04-30": "5987.00000", "2015-01-31": "5726.70000", "2014-10-31": "5716.20000", "2014-07-31": "5635.70000", "2014-04-30": "5427.30000", "2014-01-31": "5084.70000", "2013-10-31": "5077.00000", "2013-07-31": "4999.90000", "2013-04-30": "6524.90000", "2013-01-31": "6240.90000", "2012-10-31": "5151.70000", "2012-07-31": "5030.30000", "2012-04-30": "5238.70000", "2012-01-31": "4780.10000", "2011-10-31": "4701.10000", "2011-07-31": "4620.90000", "2011-04-30": "4768.60000", "2011-01-31": "4250.00000", "2010-10-31": "4030.40000", "2010-07-31": "3795.90000", "2010-04-30": "3963.90000", "2010-01-31": "3641.65400", "2009-10-31": "3461.01300", "2009-07-31": "3365.75900", "2009-04-30": "3600.20000", "2009-01-31": "3662.34700", "2008-10-31": "3538.85200", "2008-07-31": "3546.56400", "2008-04-30": "2370.64900", "2008-01-31": "2118.89300", "2007-10-31": "1970.17800", "2007-07-31": "1628.28900", "2007-04-30": "1669.45700", "2007-01-31": "1518.42000", "2006-10-31": "1357.65600", "2006-07-31": "1309.84200", "2006-04-30": "1337.51200", "2006-01-31": "914.70200", "2005-10-31": "806.85800", "2005-07-31": "705.83300", "2005-04-30": "711.84300", "2005-01-31": "615.23600"}, "Common Stock Net": {"2020-10-31": "372.00000", "2020-07-31": "323.00000", "2020-04-30": "284.00000", "2020-01-31": "321.00000", "2019-10-31": "572.00000", "2019-07-31": "902.00000", "2019-04-30": "1133.00000", "2019-01-31": "1298.00000", "2018-10-31": "1605.00000", "2018-07-31": "1992.00000", "2018-04-30": "2355.00000", "2018-01-31": "2707.00000", "2017-10-31": "2779.00000", "2017-07-31": "2771.00000", "2017-04-30": "2769.00000", "2017-01-31": "2731.00000", "2016-10-31": "2830.00000", "2016-07-31": "2823.00000", "2016-04-30": "2912.00000", "2016-01-31": "3099.00000", "2015-10-31": "3022.00000", "2015-07-31": "3065.00000", "2015-04-30": "3385.00000", "2015-01-31": "0.30000", "2014-10-31": "0.30000", "2014-07-31": "0.30000", "2014-04-30": "0.30000", "2014-01-31": "0.30000", "2013-10-31": "0.30000", "2013-07-31": "0.40000", "2013-04-30": "0.50000", "2013-01-31": "0.50000", "2012-10-31": "0.50000", "2012-07-31": "0.50000", "2012-04-30": "0.50000", "2012-01-31": "0.50000", "2011-10-31": "0.50000", "2011-07-31": "0.50000", "2011-04-30": "0.50000", "2011-01-31": "0.50000", "2010-10-31": "0.50000", "2010-07-31": "0.50000", "2010-04-30": "0.50000", "2010-01-31": "0.44900", "2009-10-31": "0.44200", "2009-07-31": "0.44000", "2009-04-30": "0.40000", "2009-01-31": "0.43500", "2008-10-31": "0.43200", "2008-07-31": "0.43100", "2008-04-30": "0.42900", "2008-01-31": "0.34300", "2007-10-31": "0.42600", "2007-07-31": "0.42400", "2007-04-30": "0.42200", "2007-01-31": "0.41900", "2006-10-31": "0.41400", "2006-07-31": "0.41000", "2006-04-30": "0.40800", "2006-01-31": "0.40200", "2005-10-31": "0.39600", "2005-07-31": "0.38600", "2005-04-30": "0.38100", "2005-01-31": "0.37900"}, "Retained Earnings (Accumulated Deficit)": {"2020-10-31": "30.00000", "2020-07-31": "", "2020-04-30": "", "2020-01-31": "", "2019-10-31": "", "2019-07-31": "", "2019-04-30": "", "2019-01-31": "", "2018-10-31": "", "2018-07-31": "", "2018-04-30": "-9.00000", "2018-01-31": "-489.00000", "2017-10-31": "17.00000", "2017-07-31": "10.00000", "2017-04-30": "40.00000", "2017-01-31": "", "2016-10-31": "", "2016-07-31": "", "2016-04-30": "", "2016-01-31": "51.00000", "2015-10-31": "", "2015-07-31": "-31.00000", "2015-04-30": "53.00000", "2015-01-31": "69.80000", "2014-10-31": "", "2014-07-31": "36.10000", "2014-04-30": "1.10000", "2014-01-31": "", "2013-10-31": "115.50000", "2013-07-31": "2313.30000", "2013-04-30": "2896.80000", "2013-01-31": "2849.60000", "2012-10-31": "2735.00000", "2012-07-31": "2765.70000", "2012-04-30": "2805.30000", "2012-01-31": "2624.60000", "2011-10-31": "2512.00000", "2011-07-31": "2652.40000", "2011-04-30": "2674.00000", "2011-01-31": "2479.80000", "2010-10-31": "2307.30000", "2010-07-31": "2142.70000", "2010-04-30": "2000.90000", "2010-01-31": "1855.71100", "2009-10-31": "1747.83100", "2009-07-31": "1652.15500", "2009-04-30": "1600.50000", "2009-01-31": "1547.36400", "2008-10-31": "1622.75600", "2008-07-31": "1573.57500", "2008-04-30": "1535.90300", "2008-01-31": "1446.08200", "2007-10-31": "1344.26000", "2007-07-31": "1260.50200", "2007-04-30": "1226.16500", "2007-01-31": "1136.54400", "2006-10-31": "1070.03000", "2006-07-31": "983.10000", "2006-04-30": "928.43000", "2006-01-31": "869.20900", "2005-10-31": "792.81600", "2005-07-31": "722.09800", "2005-04-30": "661.97800", "2005-01-31": "598.54200"}, "Comprehensive Income": {"2020-10-31": "-32.00000", "2020-07-31": "-39.00000", "2020-04-30": "-42.00000", "2020-01-31": "-39.00000", "2019-10-31": "-36.00000", "2019-07-31": "-39.00000", "2019-04-30": "-43.00000", "2019-01-31": "-68.00000", "2018-10-31": "-75.00000", "2018-07-31": "-70.00000", "2018-04-30": "-70.00000", "2018-01-31": "-42.00000", "2017-10-31": "-19.00000", "2017-07-31": "-13.00000", "2017-04-30": "-29.00000", "2017-01-31": "-37.00000", "2016-10-31": "-41.00000", "2016-07-31": "-31.00000", "2016-04-30": "-31.00000", "2016-01-31": "-41.00000", "2015-10-31": "-35.00000", "2015-07-31": "-34.00000", "2015-04-30": "-24.00000", "2015-01-31": "-14.30000", "2014-10-31": "0.60000", "2014-07-31": "9.10000", "2014-04-30": "9.10000", "2014-01-31": "6.70000", "2013-10-31": "6.30000", "2013-07-31": "-1.30000", "2013-04-30": "8.70000", "2013-01-31": "8.60000", "2012-10-31": "8.20000", "2012-07-31": "5.20000", "2012-04-30": "4.90000", "2012-01-31": "4.60000", "2011-10-31": "7.00000", "2011-07-31": "15.20000", "2011-04-30": "12.80000", "2011-01-31": "7.20000", "2010-10-31": "11.00000", "2010-07-31": "4.80000", "2010-04-30": "2.80000", "2010-01-31": "6.32100", "2009-10-31": "6.42500", "2009-07-31": "3.50400", "2009-04-30": "-5.20000", "2009-01-31": "-2.72600", "2008-10-31": "-10.10400", "2008-07-31": "-1.21200", "2008-04-30": "0.77300", "2008-01-31": "8.54000", "2007-10-31": "3.80100", "2007-07-31": "10.83700", "2007-04-30": "5.50200", "2007-01-31": "-0.83200", "2006-10-31": "-2.80100", "2006-07-31": "-7.73800", "2006-04-30": "-11.09800", "2006-01-31": "-9.97900", "2005-10-31": "-11.64600", "2005-07-31": "-8.37700", "2005-04-30": "-4.05000", "2005-01-31": "-3.69900"}, "Other Share Holders Equity": {"2020-10-31": "", "2020-07-31": "", "2020-04-30": "", "2020-01-31": "", "2019-10-31": "", "2019-07-31": "", "2019-04-30": "", "2019-01-31": "", "2018-10-31": "", "2018-07-31": "", "2018-04-30": "", "2018-01-31": "", "2017-10-31": "", "2017-07-31": "", "2017-04-30": "", "2017-01-31": "", "2016-10-31": "", "2016-07-31": "", "2016-04-30": "", "2016-01-31": "", "2015-10-31": "", "2015-07-31": "", "2015-04-30": "", "2015-01-31": "", "2014-10-31": "", "2014-07-31": "", "2014-04-30": "", "2014-01-31": "", "2013-10-31": "", "2013-07-31": "", "2013-04-30": "", "2013-01-31": "", "2012-10-31": "", "2012-07-31": "", "2012-04-30": "", "2012-01-31": "", "2011-10-31": "", "2011-07-31": "", "2011-04-30": "", "2011-01-31": "", "2010-10-31": "", "2010-07-31": "", "2010-04-30": "", "2010-01-31": "", "2009-10-31": "", "2009-07-31": "", "2009-04-30": "", "2009-01-31": "", "2008-10-31": "", "2008-07-31": "", "2008-04-30": "", "2008-01-31": "", "2007-10-31": "", "2007-07-31": "", "2007-04-30": "", "2007-01-31": "", "2006-10-31": "", "2006-07-31": "", "2006-04-30": "", "2006-01-31": "", "2005-10-31": "", "2005-07-31": "", "2005-04-30": "", "2005-01-31": ""}, "Share Holder Equity": {"2020-10-31": "370.00000", "2020-07-31": "284.00000", "2020-04-30": "242.00000", "2020-01-31": "282.00000", "2019-10-31": "536.00000", "2019-07-31": "863.00000", "2019-04-30": "1090.00000", "2019-01-31": "1230.00000", "2018-10-31": "1530.00000", "2018-07-31": "1922.00000", "2018-04-30": "2276.00000", "2018-01-31": "2176.00000", "2017-10-31": "2777.00000", "2017-07-31": "2768.00000", "2017-04-30": "2780.00000", "2017-01-31": "2694.00000", "2016-10-31": "2789.00000", "2016-07-31": "2792.00000", "2016-04-30": "2881.00000", "2016-01-31": "3109.00000", "2015-10-31": "2987.00000", "2015-07-31": "3000.00000", "2015-04-30": "3414.00000", "2015-01-31": "3508.00000", "2014-10-31": "3461.30000", "2014-07-31": "3836.70000", "2014-04-30": "3786.50000", "2014-01-31": "3915.90000", "2013-10-31": "4120.40000", "2013-07-31": "4018.00000", "2013-04-30": "4717.50000", "2013-01-31": "4625.00000", "2012-10-31": "4402.20000", "2012-07-31": "4375.70000", "2012-04-30": "4293.60000", "2012-01-31": "4041.50000", "2011-10-31": "3803.00000", "2011-07-31": "3824.90000", "2011-04-30": "3730.20000", "2011-01-31": "3513.40000", "2010-10-31": "3207.40000", "2010-07-31": "2849.90000", "2010-04-30": "2530.50000", "2010-01-31": "2326.98000", "2009-10-31": "2103.49400", "2009-07-31": "1949.13300", "2009-04-30": "1784.20000", "2009-01-31": "1527.39300", "2008-10-31": "1539.53400", "2008-07-31": "1435.99700", "2008-04-30": "1700.33900", "2008-01-31": "1660.53300", "2007-10-31": "1587.83600", "2007-07-31": "1927.13500", "2007-04-30": "1989.02100", "2007-01-31": "1974.86900", "2006-10-31": "1962.55200", "2006-07-31": "1870.82700", "2006-04-30": "1923.45300", "2006-01-31": "1855.24800", "2005-10-31": "1843.61300", "2005-07-31": "1690.83000", "2005-04-30": "1660.80400", "2005-01-31": "1628.53000"}, "Total Liabilities And Share Holders Equity": {"2020-10-31": "8420.00000", "2020-07-31": "8416.00000", "2020-04-30": "7522.00000", "2020-01-31": "7483.00000", "2019-10-31": "7472.00000", "2019-07-31": "7811.00000", "2019-04-30": "8741.00000", "2019-01-31": "8418.00000", "2018-10-31": "8551.00000", "2018-07-31": "8905.00000", "2018-04-30": "9991.00000", "2018-01-31": "9787.00000", "2017-10-31": "10308.00000", "2017-07-31": "9599.00000", "2017-04-30": "9493.00000", "2017-01-31": "9055.00000", "2016-10-31": "8762.00000", "2016-07-31": "8787.00000", "2016-04-30": "10037.00000", "2016-01-31": "8785.00000", "2015-10-31": "8635.00000", "2015-07-31": "8697.00000", "2015-04-30": "9401.00000", "2015-01-31": "9234.70000", "2014-10-31": "9177.50000", "2014-07-31": "9472.40000", "2014-04-30": "9213.80000", "2014-01-31": "9000.60000", "2013-10-31": "9197.40000", "2013-07-31": "9017.90000", "2013-04-30": "11242.40000", "2013-01-31": "10865.90000", "2012-10-31": "9553.90000", "2012-07-31": "9406.00000", "2012-04-30": "9532.30000", "2012-01-31": "8821.60000", "2011-10-31": "8504.10000", "2011-07-31": "8445.80000", "2011-04-30": "8498.80000", "2011-01-31": "7763.40000", "2010-10-31": "7237.80000", "2010-07-31": "6645.80000", "2010-04-30": "6494.40000", "2010-01-31": "5968.63400", "2009-10-31": "5564.50700", "2009-07-31": "5314.89200", "2009-04-30": "5384.40000", "2009-01-31": "5189.74000", "2008-10-31": "5078.38600", "2008-07-31": "4982.56100", "2008-04-30": "4070.98800", "2008-01-31": "3779.42600", "2007-10-31": "3558.01400", "2007-07-31": "3555.42400", "2007-04-30": "3658.47800", "2007-01-31": "3493.28900", "2006-10-31": "3320.20800", "2006-07-31": "3180.66900", "2006-04-30": "3260.96500", "2006-01-31": "2769.95000", "2005-10-31": "2650.47100", "2005-07-31": "2396.66300", "2005-04-30": "2372.64700", "2005-01-31": "2243.76600"}}, "cash flow statement": {"Net Income/Loss": {"2020-04-30": "819.00000", "2019-04-30": "1169.00000", "2018-04-30": "116.00000", "2017-04-30": "481.00000", "2016-04-30": "229.00000", "2015-04-30": "560.00000", "2014-04-30": "638.00000", "2013-04-30": "505.30000", "2012-04-30": "605.40000", "2011-04-30": "673.10000", "2010-04-30": "400.40000", "2009-04-30": "64.60000", "2008-04-30": "309.70000", "2007-04-30": "297.73500", "2006-04-30": "266.45200", "2005-04-30": "225.75400"}, "Total Depreciation And Amortization - Cash Flow": {"2020-04-30": "193.00000", "2019-04-30": "197.00000", "2018-04-30": "198.00000", "2017-04-30": "226.00000", "2016-04-30": "279.00000", "2015-04-30": "307.00000", "2014-04-30": "334.00000", "2013-04-30": "404.80000", "2012-04-30": "346.00000", "2011-04-30": "218.70000", "2010-04-30": "216.80000", "2009-04-30": "211.50000", "2008-04-30": "148.10000", "2007-04-30": "110.83300", "2006-04-30": "81.79700", "2005-04-30": "65.62400"}, "Other Non-Cash Items": {"2020-04-30": "150.00000", "2019-04-30": "84.00000", "2018-04-30": "186.00000", "2017-04-30": "252.00000", "2016-04-30": "166.00000", "2015-04-30": "236.00000", "2014-04-30": "172.00000", "2013-04-30": "197.70000", "2012-04-30": "180.60000", "2011-04-30": "164.50000", "2010-04-30": "148.70000", "2009-04-30": "82.70000", "2008-04-30": "87.80000", "2007-04-30": "107.85400", "2006-04-30": "21.83300", "2005-04-30": "17.79300"}, "Total Non-Cash Items": {"2020-04-30": "343.00000", "2019-04-30": "281.00000", "2018-04-30": "384.00000", "2017-04-30": "478.00000", "2016-04-30": "445.00000", "2015-04-30": "543.00000", "2014-04-30": "506.00000", "2013-04-30": "602.50010", "2012-04-30": "526.60000", "2011-04-30": "383.20000", "2010-04-30": "365.50000", "2009-04-30": "294.20000", "2008-04-30": "235.90000", "2007-04-30": "218.68700", "2006-04-30": "103.63000", "2005-04-30": "83.41700"}, "Change In Accounts Receivable": {"2020-04-30": "238.00000", "2019-04-30": "-185.00000", "2018-04-30": "-289.00000", "2017-04-30": "90.00000", "2016-04-30": "-16.00000", "2015-04-30": "75.00000", "2014-04-30": "-57.00000", "2013-04-30": "23.10000", "2012-04-30": "-90.40000", "2011-04-30": "-262.70000", "2010-04-30": "-21.30000", "2009-04-30": "128.70000", "2008-04-30": "-27.70000", "2007-04-30": "-175.23100", "2006-04-30": "-116.81600", "2005-04-30": "-103.35200"}, "Change In Inventories": {"2020-04-30": "-14.00000", "2019-04-30": "-9.00000", "2018-04-30": "36.00000", "2017-04-30": "-66.00000", "2016-04-30": "49.00000", "2015-04-30": "-24.00000", "2014-04-30": "17.00000", "2013-04-30": "22.00000", "2012-04-30": "-16.50000", "2011-04-30": "4.40000", "2010-04-30": "-52.10000", "2009-04-30": "9.10000", "2008-04-30": "-15.40000", "2007-04-30": "9.90800", "2006-04-30": "-46.24700", "2005-04-30": "-14.99600"}, "Change In Accounts Payable": {"2020-04-30": "-117.00000", "2019-04-30": "-57.00000", "2018-04-30": "262.00000", "2017-04-30": "94.00000", "2016-04-30": "-53.00000", "2015-04-30": "39.00000", "2014-04-30": "-12.00000", "2013-04-30": "25.10000", "2012-04-30": "11.40000", "2011-04-30": "38.70000", "2010-04-30": "42.70000", "2009-04-30": "-27.00000", "2008-04-30": "20.00000", "2007-04-30": "36.58900", "2006-04-30": "17.40500", "2005-04-30": "30.46000"}, "Change In Assets/Liabilities": {"2020-04-30": "-46.00000", "2019-04-30": "306.00000", "2018-04-30": "255.00000", "2017-04-30": "2.00000", "2016-04-30": "295.00000", "2015-04-30": "135.00000", "2014-04-30": "182.00000", "2013-04-30": "208.30000", "2012-04-30": "474.40000", "2011-04-30": "390.80000", "2010-04-30": "186.60000", "2009-04-30": "229.10000", "2008-04-30": "510.90000", "2007-04-30": "414.69700", "2006-04-30": "218.63600", "2005-04-30": "167.09700"}, "Total Change In Assets/Liabilities": {"2020-04-30": "-102.00000", "2019-04-30": "-109.00000", "2018-04-30": "978.00000", "2017-04-30": "28.00000", "2016-04-30": "266.00000", "2015-04-30": "158.00000", "2014-04-30": "162.00000", "2013-04-30": "278.50000", "2012-04-30": "330.60000", "2011-04-30": "290.00000", "2010-04-30": "209.10000", "2009-04-30": "530.40000", "2008-04-30": "463.30000", "2007-04-30": "348.03400", "2006-04-30": "184.20000", "2005-04-30": "152.94700"}, "Cash Flow From Operating Activities": {"2020-04-30": "1060.00000", "2019-04-30": "1341.00000", "2018-04-30": "1478.00000", "2017-04-30": "986.00000", "2016-04-30": "974.00000", "2015-04-30": "1268.00000", "2014-04-30": "1350.00000", "2013-04-30": "1386.30000", "2012-04-30": "1462.60000", "2011-04-30": "1346.30000", "2010-04-30": "975.00000", "2009-04-30": "889.20000", "2008-04-30": "1008.90000", "2007-04-30": "864.45600", "2006-04-30": "554.28200", "2005-04-30": "462.11800"}, "Net Change In Property, Plant, And Equipment": {"2020-04-30": "-28.00000", "2019-04-30": "-173.00000", "2018-04-30": "65.00000", "2017-04-30": "-175.00000", "2016-04-30": "-58.00000", "2015-04-30": "-175.00000", "2014-04-30": "-221.00000", "2013-04-30": "-303.30000", "2012-04-30": "-407.10000", "2011-04-30": "-222.70000", "2010-04-30": "-135.60000", "2009-04-30": "-289.60000", "2008-04-30": "-188.30000", "2007-04-30": "-165.82800", "2006-04-30": "-132.88300", "2005-04-30": "-93.56800"}, "Net Change In Intangible Assets": {"2020-04-30": "", "2019-04-30": "", "2018-04-30": "", "2017-04-30": "", "2016-04-30": "", "2015-04-30": "", "2014-04-30": "", "2013-04-30": "", "2012-04-30": "", "2011-04-30": "", "2010-04-30": "", "2009-04-30": "", "2008-04-30": "", "2007-04-30": "", "2006-04-30": "", "2005-04-30": "-0.89500"}, "Net Acquisitions/Divestitures": {"2020-04-30": "-73.00000", "2019-04-30": "-3.00000", "2018-04-30": "-75.00000", "2017-04-30": "-8.00000", "2016-04-30": "-842.00000", "2015-04-30": "-85.00000", "2014-04-30": "", "2013-04-30": "-106.50000", "2012-04-30": "-480.00000", "2011-04-30": "-136.50000", "2010-04-30": "", "2009-04-30": "", "2008-04-30": "-99.40000", "2007-04-30": "-131.24100", "2006-04-30": "-53.74700", "2005-04-30": ""}, "Net Change In Short-term Investments": {"2020-04-30": "1383.00000", "2019-04-30": "917.00000", "2018-04-30": "1379.00000", "2017-04-30": "1934.00000", "2016-04-30": "2571.00000", "2015-04-30": "1952.00000", "2014-04-30": "1993.00000", "2013-04-30": "2464.70000", "2012-04-30": "2147.50000", "2011-04-30": "", "2010-04-30": "", "2009-04-30": "", "2008-04-30": "", "2007-04-30": "2.81300", "2006-04-30": "", "2005-04-30": ""}, "Net Change In Long-Term Investments": {"2020-04-30": "-13.00000", "2019-04-30": "-41.00000", "2018-04-30": "-1389.00000", "2017-04-30": "-1977.00000", "2016-04-30": "-1589.00000", "2015-04-30": "-2597.00000", "2014-04-30": "-1019.00000", "2013-04-30": "-2287.70000", "2012-04-30": "-3572.40000", "2011-04-30": "-418.49990", "2010-04-30": "-860.30000", "2009-04-30": "-116.80000", "2008-04-30": "376.40000", "2007-04-30": "186.27390", "2006-04-30": "-137.69400", "2005-04-30": "-266.88900"}, "Net Change In Investments - Total": {"2020-04-30": "1370.00000", "2019-04-30": "876.00000", "2018-04-30": "-10.00000", "2017-04-30": "-43.00000", "2016-04-30": "982.00000", "2015-04-30": "-645.00000", "2014-04-30": "974.00000", "2013-04-30": "177.00000", "2012-04-30": "-1424.90000", "2011-04-30": "-418.49990", "2010-04-30": "-860.30000", "2009-04-30": "-116.80000", "2008-04-30": "376.40000", "2007-04-30": "189.08690", "2006-04-30": "-137.69400", "2005-04-30": "-266.88900"}, "Investing Activities - Other": {"2020-04-30": "", "2019-04-30": "4.00000", "2018-04-30": "-1.00000", "2017-04-30": "3.00000", "2016-04-30": "3.00000", "2015-04-30": "2.00000", "2014-04-30": "7.00000", "2013-04-30": "4.20000", "2012-04-30": "1.60000", "2011-04-30": "0.50000", "2010-04-30": "8.20000", "2009-04-30": "-596.90000", "2008-04-30": "14.20000", "2007-04-30": "24.20400", "2006-04-30": "-1.67800", "2005-04-30": "10.04400"}, "Cash Flow From Investing Activities": {"2020-04-30": "1269.00000", "2019-04-30": "704.00000", "2018-04-30": "-21.00000", "2017-04-30": "-223.00000", "2016-04-30": "85.00000", "2015-04-30": "-903.00000", "2014-04-30": "760.00000", "2013-04-30": "-228.60000", "2012-04-30": "-2310.40000", "2011-04-30": "-777.20000", "2010-04-30": "-987.70000", "2009-04-30": "-1003.30000", "2008-04-30": "102.90000", "2007-04-30": "-83.77800", "2006-04-30": "-326.00200", "2005-04-30": "-351.30800"}, "Net Long-Term Debt": {"2020-04-30": "-127.00000", "2019-04-30": "-136.00000", "2018-04-30": "-70.00000", "2017-04-30": "499.00000", "2016-04-30": "", "2015-04-30": "495.00000", "2014-04-30": "-1265.00000", "2013-04-30": "987.30000", "2012-04-30": "", "2011-04-30": "", "2010-04-30": "", "2009-04-30": "1065.80000", "2008-04-30": "87.20000", "2007-04-30": "", "2006-04-30": "300.00000", "2005-04-30": ""}, "Net Current Debt": {"2020-04-30": "", "2019-04-30": "", "2018-04-30": "", "2017-04-30": "-850.00000", "2016-04-30": "850.00000", "2015-04-30": "", "2014-04-30": "", "2013-04-30": "", "2012-04-30": "", "2011-04-30": "", "2010-04-30": "", "2009-04-30": "", "2008-04-30": "", "2007-04-30": "-214.89000", "2006-04-30": "", "2005-04-30": ""}, "Debt Issuance/Retirement Net - Total": {"2020-04-30": "-127.00000", "2019-04-30": "-136.00000", "2018-04-30": "-70.00000", "2017-04-30": "-351.00000", "2016-04-30": "850.00000", "2015-04-30": "495.00000", "2014-04-30": "-1265.00000", "2013-04-30": "987.30000", "2012-04-30": "", "2011-04-30": "", "2010-04-30": "", "2009-04-30": "1065.80000", "2008-04-30": "87.20000", "2007-04-30": "-214.89000", "2006-04-30": "300.00000", "2005-04-30": ""}, "Net Common Equity Issued/Repurchased": {"2020-04-30": "-1388.00000", "2019-04-30": "-2086.00000", "2018-04-30": "-696.00000", "2017-04-30": "-613.00000", "2016-04-30": "-890.00000", "2015-04-30": "-1008.00000", "2014-04-30": "-1680.00000", "2013-04-30": "-479.40000", "2012-04-30": "-457.90000", "2011-04-30": "324.20000", "2010-04-30": "197.10000", "2009-04-30": "-151.00000", "2008-04-30": "-795.00000", "2007-04-30": "-590.25500", "2006-04-30": "-256.16300", "2005-04-30": "-10.98100"}, "Net Total Equity Issued/Repurchased": {"2020-04-30": "-1388.00000", "2019-04-30": "-2086.00000", "2018-04-30": "-696.00000", "2017-04-30": "-613.00000", "2016-04-30": "-890.00000", "2015-04-30": "-1008.00000", "2014-04-30": "-1680.00000", "2013-04-30": "-479.40000", "2012-04-30": "-457.90000", "2011-04-30": "324.20000", "2010-04-30": "197.10000", "2009-04-30": "-151.00000", "2008-04-30": "-795.00000", "2007-04-30": "-590.25500", "2006-04-30": "-256.16300", "2005-04-30": "-10.98100"}, "Total Common And Preferred Stock Dividends Paid": {"2020-04-30": "-439.00000", "2019-04-30": "-403.00000", "2018-04-30": "-214.00000", "2017-04-30": "-208.00000", "2016-04-30": "-210.00000", "2015-04-30": "-208.00000", "2014-04-30": "-202.00000", "2013-04-30": "", "2012-04-30": "", "2011-04-30": "", "2010-04-30": "", "2009-04-30": "", "2008-04-30": "", "2007-04-30": "", "2006-04-30": "", "2005-04-30": ""}, "Financial Activities - Other": {"2020-04-30": "-6.00000", "2019-04-30": "-6.00000", "2018-04-30": "-6.00000", "2017-04-30": "-7.00000", "2016-04-30": "141.00000", "2015-04-30": "46.00000", "2014-04-30": "43.00000", "2013-04-30": "71.00000", "2012-04-30": "114.30000", "2011-04-30": "126.70000", "2010-04-30": "22.80000", "2009-04-30": "-218.20000", "2008-04-30": "45.40000", "2007-04-30": "57.88700", "2006-04-30": "-1.06200", "2005-04-30": "-1.12200"}, "Cash Flow From Financial Activities": {"2020-04-30": "-1960.00000", "2019-04-30": "-2631.00000", "2018-04-30": "-986.00000", "2017-04-30": "-1179.00000", "2016-04-30": "-109.00000", "2015-04-30": "-675.00000", "2014-04-30": "-3104.00000", "2013-04-30": "578.90000", "2012-04-30": "-343.60000", "2011-04-30": "450.90000", "2010-04-30": "219.90000", "2009-04-30": "696.60000", "2008-04-30": "-662.40000", "2007-04-30": "-747.25800", "2006-04-30": "42.77500", "2005-04-30": "-12.10300"}, "Net Cash Flow": {"2020-04-30": "335.00000", "2019-04-30": "-616.00000", "2018-04-30": "497.00000", "2017-04-30": "-427.00000", "2016-04-30": "946.00000", "2015-04-30": "-369.00000", "2014-04-30": "-986.00000", "2013-04-30": "1727.30000", "2012-04-30": "-1207.50000", "2011-04-30": "1052.30000", "2010-04-30": "210.80000", "2009-04-30": "557.70000", "2008-04-30": "447.40000", "2007-04-30": "27.82300", "2006-04-30": "267.71400", "2005-04-30": "101.21400"}, "Stock-Based Compensation": {"2020-04-30": "153.00000", "2019-04-30": "158.00000", "2018-04-30": "161.00000", "2017-04-30": "195.00000", "2016-04-30": "260.00000", "2015-04-30": "259.00000", "2014-04-30": "273.00000", "2013-04-30": "276.60000", "2012-04-30": "257.60000", "2011-04-30": "175.20000", "2010-04-30": "159.80000", "2009-04-30": "140.80000", "2008-04-30": "148.00000", "2007-04-30": "163.03300", "2006-04-30": "13.29300", "2005-04-30": "8.14800"}, "Common Stock Dividends Paid": {"2020-04-30": "-439.00000", "2019-04-30": "-403.00000", "2018-04-30": "-214.00000", "2017-04-30": "-208.00000", "2016-04-30": "-210.00000", "2015-04-30": "-208.00000", "2014-04-30": "-202.00000", "2013-04-30": "0.00000", "2012-04-30": "0.00000", "2011-04-30": "", "2010-04-30": "", "2009-04-30": "", "2008-04-30": "", "2007-04-30": "", "2006-04-30": "", "2005-04-30": ""}}, "cash flow statement, quarterly": {"Net Income/Loss": {"2020-10-31": 137, "2020-07-31": "77.00000", "2020-04-30": 196, "2020-01-31": 277, "2019-10-31": 243, "2019-07-31": "103.00000", "2019-04-30": 396, "2019-01-31": 249, "2018-10-31": 241, "2018-07-31": "283.00000", "2018-04-30": 290, "2018-01-31": -479, "2017-10-31": 174, "2017-07-31": "131.00000", "2017-04-30": 162, "2017-01-31": 146, "2016-10-31": 109, "2016-07-31": "64.00000", "2016-04-30": -8, "2016-01-31": 153, "2015-10-31": 114, "2015-07-31": "-30.00000", "2015-04-30": 135, "2015-01-31": 177, "2014-10-31": 160, "2014-07-31": "88.00000", "2014-04-30": 197.5, "2014-01-31": 192.1, "2013-10-31": 166.8, "2013-07-31": "81.60000", "2013-04-30": 173.8, "2013-01-31": 158.1, "2012-10-31": 109.6, "2012-07-31": "63.80000", "2012-04-30": 180.7, "2012-01-31": 119.6, "2011-10-31": 165.6, "2011-07-31": "139.50000", "2011-04-30": 160.6, "2011-01-31": 186.4, "2010-10-31": 175.4, "2010-07-31": "150.70000", "2010-04-30": 145.2, "2010-01-31": 107.9, "2009-10-31": 95.6, "2009-07-31": "51.70000", "2009-04-30": 68.447, "2009-01-31": -81.623, "2008-10-31": 43.053, "2008-07-31": "34.72300", "2008-04-30": 89.782, "2008-01-31": 101.823, "2007-10-31": 83.758, "2007-07-31": "34.33700", "2007-04-30": 89.621, "2007-01-31": 66.514, "2006-10-31": 86.93, "2006-07-31": "54.67000", "2006-04-30": 59.221, "2006-01-31": 76.393, "2005-10-31": 70.718, "2005-07-31": "60.12000", "2005-04-30": 63.436, "2005-01-31": 162.318}, "Total Depreciation And Amortization - Cash Flow": {"2020-10-31": 56, "2020-07-31": "49.00000", "2020-04-30": 47, "2020-01-31": 47, "2019-10-31": 50, "2019-07-31": "49.00000", "2019-04-30": 48, "2019-01-31": 51, "2018-10-31": 49, "2018-07-31": "49.00000", "2018-04-30": 48, "2018-01-31": 48, "2017-10-31": 51, "2017-07-31": "51.00000", "2017-04-30": 53, "2017-01-31": 56, "2016-10-31": 57, "2016-07-31": "60.00000", "2016-04-30": 77, "2016-01-31": 66, "2015-10-31": 67, "2015-07-31": "69.00000", "2015-04-30": 72, "2015-01-31": 80, "2014-10-31": 77, "2014-07-31": "78.00000", "2014-04-30": 82, "2014-01-31": 83.6, "2013-10-31": 74.3, "2013-07-31": "94.10000", "2013-04-30": 105.3, "2013-01-31": 101.7, "2012-10-31": 101.1, "2012-07-31": "96.70000", "2012-04-30": 96.8, "2012-01-31": 87.1, "2011-10-31": 79.9, "2011-07-31": "82.20000", "2011-04-30": 56.2, "2011-01-31": 54.3, "2010-10-31": 54.6, "2010-07-31": "53.60000", "2010-04-30": 53, "2010-01-31": 53.3, "2009-10-31": 54.4, "2009-07-31": "56.10000", "2009-04-30": 52.897, "2009-01-31": 56.06, "2008-10-31": 56.057, "2008-07-31": "46.48600", "2008-04-30": 43.748, "2008-01-31": 35.648, "2007-10-31": 35.077, "2007-07-31": "33.62700", "2007-04-30": 32.061, "2007-01-31": 29.028, "2006-10-31": 25.849, "2006-07-31": "23.89500", "2006-04-30": 22.806, "2006-01-31": 21.393, "2005-10-31": 19.676, "2005-07-31": "17.92200", "2005-04-30": 17.404, "2005-01-31": 48.22}, "Other Non-Cash Items": {"2020-10-31": 65, "2020-07-31": "92.00000", "2020-04-30": 70, "2020-01-31": 46, "2019-10-31": -7, "2019-07-31": "41.00000", "2019-04-30": -24, "2019-01-31": 44, "2018-10-31": 42, "2018-07-31": "22.00000", "2018-04-30": 42, "2018-01-31": 22, "2017-10-31": 69, "2017-07-31": "53.00000", "2017-04-30": 48, "2017-01-31": 88, "2016-10-31": 52, "2016-07-31": "64.00000", "2016-04-30": 71, "2016-01-31": 11, "2015-10-31": 43, "2015-07-31": "41.00000", "2015-04-30": 64, "2015-01-31": 41, "2014-10-31": 66, "2014-07-31": "65.00000", "2014-04-30": 22, "2014-01-31": 41.7, "2013-10-31": 77.5, "2013-07-31": "30.80000", "2013-04-30": 47.5, "2013-01-31": 61.3, "2012-10-31": 47.4, "2012-07-31": "41.50000", "2012-04-30": 60.7, "2012-01-31": 78.8, "2011-10-31": 17, "2011-07-31": "24.10000", "2011-04-30": 52.1, "2011-01-31": 41.6, "2010-10-31": 15.9, "2010-07-31": "54.90000", "2010-04-30": 36.1, "2010-01-31": 18.3, "2009-10-31": 25.1, "2009-07-31": "69.20000", "2009-04-30": 9.605, "2009-01-31": 23.579, "2008-10-31": 11.062, "2008-07-31": "38.45400", "2008-04-30": 26.977, "2008-01-31": 7.998, "2007-10-31": 32.056, "2007-07-31": "20.76900", "2007-04-30": 5.034, "2007-01-31": 6.937, "2006-10-31": 56.926, "2006-07-31": "38.95700", "2006-04-30": 4.952, "2006-01-31": 4.735, "2005-10-31": 10.078, "2005-07-31": "2.06800", "2005-04-30": 9.241, "2005-01-31": 8.552}, "Total Non-Cash Items": {"2020-10-31": 121, "2020-07-31": "141.00000", "2020-04-30": 117, "2020-01-31": 93, "2019-10-31": 43, "2019-07-31": "90.00000", "2019-04-30": 24, "2019-01-31": 95, "2018-10-31": 91, "2018-07-31": "71.00000", "2018-04-30": 90, "2018-01-31": 70, "2017-10-31": 120, "2017-07-31": "104.00000", "2017-04-30": 101, "2017-01-31": 144, "2016-10-31": 109, "2016-07-31": "124.00000", "2016-04-30": 148, "2016-01-31": 77, "2015-10-31": 110, "2015-07-31": "110.00000", "2015-04-30": 136, "2015-01-31": 121, "2014-10-31": 143, "2014-07-31": "143.00000", "2014-04-30": 104, "2014-01-31": 125.3, "2013-10-31": 151.8, "2013-07-31": "124.90000", "2013-04-30": 152.8001, "2013-01-31": 163, "2012-10-31": 148.5, "2012-07-31": "138.20000", "2012-04-30": 157.5, "2012-01-31": 165.9, "2011-10-31": 96.9, "2011-07-31": "106.30000", "2011-04-30": 108.3, "2011-01-31": 95.9, "2010-10-31": 70.5, "2010-07-31": "108.50000", "2010-04-30": 89.1, "2010-01-31": 71.6, "2009-10-31": 79.5, "2009-07-31": "125.30000", "2009-04-30": 62.502, "2009-01-31": 79.639, "2008-10-31": 67.119, "2008-07-31": "84.94000", "2008-04-30": 70.725, "2008-01-31": 43.646, "2007-10-31": 67.133, "2007-07-31": "54.39600", "2007-04-30": 37.095, "2007-01-31": 35.965, "2006-10-31": 82.775, "2006-07-31": "62.85200", "2006-04-30": 27.758, "2006-01-31": 26.128, "2005-10-31": 29.754, "2005-07-31": "19.99000", "2005-04-30": 26.645, "2005-01-31": 56.772}, "Change In Accounts Receivable": {"2020-10-31": -194, "2020-07-31": "391.00000", "2020-04-30": -156, "2020-01-31": -41, "2019-10-31": -237, "2019-07-31": "672.00000", "2019-04-30": -350, "2019-01-31": -104, "2018-10-31": -154, "2018-07-31": "423.00000", "2018-04-30": -279, "2018-01-31": -156, "2017-10-31": -80, "2017-07-31": "226.00000", "2017-04-30": -118, "2017-01-31": -56, "2016-10-31": -47, "2016-07-31": "311.00000", "2016-04-30": -206, "2016-01-31": 1, "2015-10-31": -172, "2015-07-31": "361.00000", "2015-04-30": -112, "2015-01-31": -35, "2014-10-31": -49, "2014-07-31": "271.00000", "2014-04-30": -270.4, "2014-01-31": 4.1, "2013-10-31": -55.9, "2013-07-31": "265.20000", "2013-04-30": -170, "2013-01-31": -19.8, "2012-10-31": -31.3, "2012-07-31": "244.20000", "2012-04-30": -146.2, "2012-01-31": -59.8, "2011-10-31": -29.4, "2011-07-31": "145.00000", "2011-04-30": -185.2, "2011-01-31": -98.9, "2010-10-31": -70.2, "2010-07-31": "91.60000", "2010-04-30": -13.4, "2010-01-31": -139.6, "2009-10-31": 14.5, "2009-07-31": "117.20000", "2009-04-30": -101.567, "2009-01-31": 19.06, "2008-10-31": 60.915, "2008-07-31": "150.29200", "2008-04-30": -114.209, "2008-01-31": -36.124, "2007-10-31": -22.364, "2007-07-31": "144.99700", "2007-04-30": -159.14, "2007-01-31": -66.444, "2006-10-31": -19.561, "2006-07-31": "69.91400", "2006-04-30": -46.663, "2006-01-31": -41.882, "2005-10-31": -86.163, "2005-07-31": "57.89200", "2005-04-30": -63.287, "2005-01-31": -40.065}, "Change In Inventories": {"2020-10-31": 20, "2020-07-31": "9.00000", "2020-04-30": -32, "2020-01-31": -2, "2019-10-31": 5, "2019-07-31": "15.00000", "2019-04-30": -31, "2019-01-31": -14, "2018-10-31": 11, "2018-07-31": "25.00000", "2018-04-30": -32, "2018-01-31": 10, "2017-10-31": 34, "2017-07-31": "24.00000", "2017-04-30": -39, "2017-01-31": -28, "2016-10-31": -16, "2016-07-31": "17.00000", "2016-04-30": 5, "2016-01-31": 23, "2015-10-31": 68, "2015-07-31": "-47.00000", "2015-04-30": -29, "2015-01-31": -10, "2014-10-31": -3, "2014-07-31": "18.00000", "2014-04-30": -4.3, "2014-01-31": -2.3, "2013-10-31": 0.7, "2013-07-31": "22.90000", "2013-04-30": 33.4, "2013-01-31": 40.3, "2012-10-31": -9.5, "2012-07-31": "-42.20000", "2012-04-30": -7.7, "2012-01-31": 9.5, "2011-10-31": -25.1, "2011-07-31": "6.80000", "2011-04-30": -14.4, "2011-01-31": -12.2, "2010-10-31": 6, "2010-07-31": "25.00000", "2010-04-30": -41.2, "2010-01-31": -11.2, "2009-10-31": 0.7, "2009-07-31": "-0.40000", "2009-04-30": 21.059, "2009-01-31": -3.945, "2008-10-31": -14.756, "2008-07-31": "6.74200", "2008-04-30": -10.216, "2008-01-31": 2.519, "2007-10-31": -4.558, "2007-07-31": "-3.14500", "2007-04-30": 6.413, "2007-01-31": -4.7, "2006-10-31": 8.715, "2006-07-31": "-0.52000", "2006-04-30": -7.85, "2006-01-31": -24.832, "2005-10-31": -8.567, "2005-07-31": "-4.99800", "2005-04-30": -2.613, "2005-01-31": -12.383}, "Change In Accounts Payable": {"2020-10-31": -30, "2020-07-31": "-29.00000", "2020-04-30": 41, "2020-01-31": -1, "2019-10-31": 38, "2019-07-31": "-195.00000", "2019-04-30": 44, "2019-01-31": 26, "2018-10-31": 50, "2018-07-31": "-177.00000", "2018-04-30": 147, "2018-01-31": 81, "2017-10-31": 92, "2017-07-31": "-58.00000", "2017-04-30": 81, "2017-01-31": 26, "2016-10-31": 17, "2016-07-31": "-30.00000", "2016-04-30": 60, "2016-01-31": -53, "2015-10-31": -27, "2015-07-31": "-33.00000", "2015-04-30": 85, "2015-01-31": -14, "2014-10-31": 30, "2014-07-31": "-62.00000", "2014-04-30": 57.8, "2014-01-31": -29, "2013-10-31": -2.9, "2013-07-31": "-37.90000", "2013-04-30": 41.1, "2013-01-31": -29.9, "2012-10-31": -28, "2012-07-31": "41.90000", "2012-04-30": 21.8, "2012-01-31": -56, "2011-10-31": 22.8, "2011-07-31": "22.80000", "2011-04-30": 41, "2011-01-31": 16.3, "2010-10-31": 15.8, "2010-07-31": "-34.40000", "2010-04-30": 43.1, "2010-01-31": 16.5, "2009-10-31": -2.4, "2009-07-31": "-14.50000", "2009-04-30": 15.156, "2009-01-31": -25.823, "2008-10-31": 13.74, "2008-07-31": "-30.07300", "2008-04-30": 53.865, "2008-01-31": 6.312, "2007-10-31": -26.095, "2007-07-31": "-14.08200", "2007-04-30": 32.143, "2007-01-31": -2.759, "2006-10-31": 8.344, "2006-07-31": "-1.13900", "2006-04-30": 1.333, "2006-01-31": 6.3, "2005-10-31": 12.463, "2005-07-31": "-2.69100", "2005-04-30": 15.105, "2005-01-31": 15.355}, "Change In Assets/Liabilities": {"2020-10-31": 41, "2020-07-31": "-151.00000", "2020-04-30": -31, "2020-01-31": 141, "2019-10-31": -61, "2019-07-31": "-95.00000", "2019-04-30": 331, "2019-01-31": 123, "2018-10-31": -66, "2018-07-31": "-82.00000", "2018-04-30": 338, "2018-01-31": 51, "2017-10-31": -93, "2017-07-31": "-41.00000", "2017-04-30": 134, "2017-01-31": -2, "2016-10-31": -79, "2016-07-31": "-51.00000", "2016-04-30": 265, "2016-01-31": 108, "2015-10-31": 154, "2015-07-31": "-232.00000", "2015-04-30": 241, "2015-01-31": 36, "2014-10-31": 100, "2014-07-31": "-242.00000", "2014-04-30": 130.7, "2014-01-31": 17.8, "2013-10-31": 29, "2013-07-31": "4.50000", "2013-04-30": 189.4, "2013-01-31": 72.6, "2012-10-31": 16.3, "2012-07-31": "-70.00000", "2012-04-30": 264.3, "2012-01-31": 77.4, "2011-10-31": 64.2, "2011-07-31": "68.50000", "2011-04-30": 189.1, "2011-01-31": 111.4, "2010-10-31": 32.8, "2010-07-31": "57.50000", "2010-04-30": 139.4, "2010-01-31": 62.5, "2009-10-31": -5.1, "2009-07-31": "-10.20000", "2009-04-30": -47.583, "2009-01-31": 209.36, "2008-10-31": 5.517, "2008-07-31": "61.80600", "2008-04-30": 186.661, "2008-01-31": 127.242, "2007-10-31": 74.877, "2007-07-31": "122.12000", "2007-04-30": 159.135, "2007-01-31": 149.711, "2006-10-31": 70.206, "2006-07-31": "35.64500", "2006-04-30": 80.489, "2006-01-31": 55.437, "2005-10-31": 49.991, "2005-07-31": "32.71900", "2005-04-30": 53.552, "2005-01-31": 113.545}, "Total Change In Assets/Liabilities": {"2020-10-31": -98, "2020-07-31": "40.00000", "2020-04-30": 65, "2020-01-31": 55, "2019-10-31": -339, "2019-07-31": "117.00000", "2019-04-30": -25, "2019-01-31": 111, "2018-10-31": -168, "2018-07-31": "-27.00000", "2018-04-30": 107, "2018-01-31": 833, "2017-10-31": 22, "2017-07-31": "16.00000", "2017-04-30": 103, "2017-01-31": -59, "2016-10-31": -65, "2016-07-31": "49.00000", "2016-04-30": 193, "2016-01-31": 89, "2015-10-31": -65, "2015-07-31": "49.00000", "2015-04-30": 118, "2015-01-31": -23, "2014-10-31": 78, "2014-07-31": "-15.00000", "2014-04-30": 24.4, "2014-01-31": 14.4, "2013-10-31": 43.9, "2013-07-31": "79.30000", "2013-04-30": 129, "2013-01-31": 44, "2012-10-31": 78.3, "2012-07-31": "27.20000", "2012-04-30": 244.4, "2012-01-31": -16.3, "2011-10-31": 107.7, "2011-07-31": "-5.20000", "2011-04-30": 189.9, "2011-01-31": 72.1, "2010-10-31": 109.9, "2010-07-31": "-81.90000", "2010-04-30": 240.3, "2010-01-31": 15.4, "2009-10-31": 92.2, "2009-07-31": "-138.80000", "2009-04-30": 64.616, "2009-01-31": 237.984, "2008-10-31": 97.268, "2008-07-31": "130.53200", "2008-04-30": 132.808, "2008-01-31": 141.545, "2007-10-31": 76.781, "2007-07-31": "112.16600", "2007-04-30": 84.032, "2007-01-31": 147.827, "2006-10-31": 69.133, "2006-07-31": "47.04200", "2006-04-30": 84.949, "2006-01-31": 38.398, "2005-10-31": 2.003, "2005-07-31": "58.85000", "2005-04-30": 27.402, "2005-01-31": 125.545}, "Cash Flow From Operating Activities": {"2020-10-31": 161, "2020-07-31": "240.00000", "2020-04-30": 383, "2020-01-31": 420, "2019-10-31": -53, "2019-07-31": "310.00000", "2019-04-30": 399, "2019-01-31": 451, "2018-10-31": 165, "2018-07-31": "326.00000", "2018-04-30": 494, "2018-01-31": 420, "2017-10-31": 314, "2017-07-31": "250.00000", "2017-04-30": 365, "2017-01-31": 235, "2016-10-31": 158, "2016-07-31": "228.00000", "2016-04-30": 345, "2016-01-31": 355, "2015-10-31": 145, "2015-07-31": "129.00000", "2015-04-30": 396, "2015-01-31": 275, "2014-10-31": 381, "2014-07-31": "216.00000", "2014-04-30": 369.9, "2014-01-31": 331.8, "2013-10-31": 362.5, "2013-07-31": "285.80000", "2013-04-30": 455.6, "2013-01-31": 365.1, "2012-10-31": 336.4, "2012-07-31": "229.20000", "2012-04-30": 582.6, "2012-01-31": 269.2, "2011-10-31": 370.2, "2011-07-31": "240.60000", "2011-04-30": 458.8, "2011-01-31": 354.4, "2010-10-31": 355.8, "2010-07-31": "177.30000", "2010-04-30": 474.6, "2010-01-31": 194.9, "2009-10-31": 267.3, "2009-07-31": "38.20000", "2009-04-30": 195.565, "2009-01-31": 236, "2008-10-31": 207.44, "2008-07-31": "250.19500", "2008-04-30": 293.315, "2008-01-31": 287.014, "2007-10-31": 227.672, "2007-07-31": "200.89900", "2007-04-30": 210.748, "2007-01-31": 250.306, "2006-10-31": 238.838, "2006-07-31": "164.56400", "2006-04-30": 171.928, "2006-01-31": 140.919, "2005-10-31": 102.475, "2005-07-31": "138.96000", "2005-04-30": 117.483, "2005-01-31": 344.635}, "Net Change In Property, Plant, And Equipment": {"2020-10-31": -40, "2020-07-31": "-46.00000", "2020-04-30": -24, "2020-01-31": -32, "2019-10-31": 60, "2019-07-31": "-32.00000", "2019-04-30": -35, "2019-01-31": -31, "2018-10-31": -43, "2018-07-31": "-64.00000", "2018-04-30": -48, "2018-01-31": 178, "2017-10-31": -29, "2017-07-31": "-36.00000", "2017-04-30": -38, "2017-01-31": -45, "2016-10-31": -56, "2016-07-31": "-36.00000", "2016-04-30": 67, "2016-01-31": -41, "2015-10-31": -46, "2015-07-31": "-38.00000", "2015-04-30": -37, "2015-01-31": -29, "2014-10-31": -51, "2014-07-31": "-58.00000", "2014-04-30": -55.6, "2014-01-31": -57.9, "2013-10-31": -42.2, "2013-07-31": "-65.30000", "2013-04-30": -63.6, "2013-01-31": -110.7, "2012-10-31": -67.1, "2012-07-31": "-61.90000", "2012-04-30": -124.2, "2012-01-31": -91.3, "2011-10-31": -93.3, "2011-07-31": "-98.30000", "2011-04-30": -72.9, "2011-01-31": -66.3, "2010-10-31": -43.3, "2010-07-31": "-40.20000", "2010-04-30": -38.4, "2010-01-31": -49.7, "2009-10-31": -22.8, "2009-07-31": "-24.70000", "2009-04-30": -134.699, "2009-01-31": -50.934, "2008-10-31": -27.354, "2008-07-31": "-76.61300", "2008-04-30": -63.453, "2008-01-31": -53.689, "2007-10-31": -37.572, "2007-07-31": "-33.58600", "2007-04-30": -53.417, "2007-01-31": -36.398, "2006-10-31": -52.957, "2006-07-31": "-23.05600", "2006-04-30": -36.407, "2006-01-31": -33.464, "2005-10-31": -29.474, "2005-07-31": "-33.53800", "2005-04-30": -28.812, "2005-01-31": -64.756}, "Net Change In Intangible Assets": {"2020-10-31": 0, "2020-07-31": "", "2020-04-30": 0, "2020-01-31": 0, "2019-10-31": 0, "2019-07-31": "", "2019-04-30": 0, "2019-01-31": 0, "2018-10-31": 0, "2018-07-31": "", "2018-04-30": 0, "2018-01-31": 0, "2017-10-31": 0, "2017-07-31": "", "2017-04-30": 0, "2017-01-31": 0, "2016-10-31": 0, "2016-07-31": "", "2016-04-30": 0, "2016-01-31": 0, "2015-10-31": 0, "2015-07-31": "", "2015-04-30": 0, "2015-01-31": 0, "2014-10-31": 0, "2014-07-31": "", "2014-04-30": 0, "2014-01-31": 0, "2013-10-31": 0, "2013-07-31": "", "2013-04-30": 0, "2013-01-31": 0, "2012-10-31": 0, "2012-07-31": "", "2012-04-30": 0, "2012-01-31": 0, "2011-10-31": 0, "2011-07-31": "", "2011-04-30": 0, "2011-01-31": 0, "2010-10-31": 0, "2010-07-31": "", "2010-04-30": 0, "2010-01-31": 0, "2009-10-31": 0, "2009-07-31": "", "2009-04-30": 0, "2009-01-31": 0, "2008-10-31": 0, "2008-07-31": "", "2008-04-30": 0, "2008-01-31": 0, "2007-10-31": 0, "2007-07-31": "", "2007-04-30": 0, "2007-01-31": 0, "2006-10-31": 0, "2006-07-31": "", "2006-04-30": 0, "2006-01-31": 0, "2005-10-31": 0, "2005-07-31": "", "2005-04-30": -0.895, "2005-01-31": 0}, "Net Acquisitions/Divestitures": {"2020-10-31": 0, "2020-07-31": "-350.00000", "2020-04-30": -17, "2020-01-31": 0, "2019-10-31": 0, "2019-07-31": "-56.00000", "2019-04-30": 0, "2019-01-31": 0, "2018-10-31": -3, "2018-07-31": "", "2018-04-30": 0, "2018-01-31": 0, "2017-10-31": -51, "2017-07-31": "-24.00000", "2017-04-30": -8, "2017-01-31": 0, "2016-10-31": 0, "2016-07-31": "", "2016-04-30": -842, "2016-01-31": 0, "2015-10-31": 0, "2015-07-31": "", "2015-04-30": 0, "2015-01-31": -85, "2014-10-31": 0, "2014-07-31": "", "2014-04-30": 0, "2014-01-31": 0, "2013-10-31": 0, "2013-07-31": "", "2013-04-30": -17.1, "2013-01-31": -89.4, "2012-10-31": 0, "2012-07-31": "", "2012-04-30": 0, "2012-01-31": 0, "2011-10-31": 0, "2011-07-31": "-480.00000", "2011-04-30": -61.6, "2011-01-31": 0, "2010-10-31": 0, "2010-07-31": "-74.90000", "2010-04-30": 0, "2010-01-31": 0, "2009-10-31": 0, "2009-07-31": "", "2009-04-30": 0, "2009-01-31": 0, "2008-10-31": 0, "2008-07-31": "", "2008-04-30": -99.611, "2008-01-31": 0.211, "2007-10-31": 0, "2007-07-31": "", "2007-04-30": 0, "2007-01-31": -131.241, "2006-10-31": 0, "2006-07-31": "", "2006-04-30": 0, "2006-01-31": 0, "2005-10-31": -41.916, "2005-07-31": "-11.83100", "2005-04-30": 0, "2005-01-31": 0}, "Net Change In Short-term Investments": {"2020-10-31": 23, "2020-07-31": "87.00000", "2020-04-30": 83, "2020-01-31": 145, "2019-10-31": 124, "2019-07-31": "1031.00000", "2019-04-30": 234, "2019-01-31": 174, "2018-10-31": 242, "2018-07-31": "267.00000", "2018-04-30": 295, "2018-01-31": 427, "2017-10-31": 270, "2017-07-31": "387.00000", "2017-04-30": 549, "2017-01-31": 400, "2016-10-31": 387, "2016-07-31": "598.00000", "2016-04-30": 523, "2016-01-31": 374, "2015-10-31": 658, "2015-07-31": "1016.00000", "2015-04-30": 479, "2015-01-31": 509, "2014-10-31": 441, "2014-07-31": "523.00000", "2014-04-30": 529, "2014-01-31": 315.8, "2013-10-31": 523.3, "2013-07-31": "624.90000", "2013-04-30": 2464.7, "2013-01-31": 0, "2012-10-31": 0, "2012-07-31": "", "2012-04-30": 2147.5, "2012-01-31": 0, "2011-10-31": 0, "2011-07-31": "", "2011-04-30": 0, "2011-01-31": 0, "2010-10-31": 0, "2010-07-31": "", "2010-04-30": 0, "2010-01-31": 0, "2009-10-31": 0, "2009-07-31": "", "2009-04-30": 0, "2009-01-31": -0.807, "2008-10-31": 0.807, "2008-07-31": "", "2008-04-30": -18.256, "2008-01-31": 0, "2007-10-31": 18.256, "2007-07-31": "", "2007-04-30": 2.813, "2007-01-31": 0, "2006-10-31": 0, "2006-07-31": "", "2006-04-30": 0, "2006-01-31": 0, "2005-10-31": 0, "2005-07-31": "", "2005-04-30": 0, "2005-01-31": 0}, "Net Change In Long-Term Investments": {"2020-10-31": -1, "2020-07-31": "-2.00000", "2020-04-30": -1, "2020-01-31": -3, "2019-10-31": -5, "2019-07-31": "-4.00000", "2019-04-30": -19, "2019-01-31": -2, "2018-10-31": -1, "2018-07-31": "-19.00000", "2018-04-30": -127, "2018-01-31": -653, "2017-10-31": -334, "2017-07-31": "-275.00000", "2017-04-30": -594, "2017-01-31": -588, "2016-10-31": -510, "2016-07-31": "-285.00000", "2016-04-30": -420, "2016-01-31": -283, "2015-10-31": -648, "2015-07-31": "-238.00000", "2015-04-30": -1165, "2015-01-31": -829, "2014-10-31": -271, "2014-07-31": "-332.00000", "2014-04-30": -317.7, "2014-01-31": -225.2, "2013-10-31": -241.2, "2013-07-31": "-234.90000", "2013-04-30": -2491.8, "2013-01-31": 110.7, "2012-10-31": 159.5, "2012-07-31": "-66.10000", "2012-04-30": -3551.1999, "2012-01-31": -61.6001, "2011-10-31": -205.4, "2011-07-31": "245.80000", "2011-04-30": 417, "2011-01-31": -240.7, "2010-10-31": -300.8999, "2010-07-31": "-293.90000", "2010-04-30": -768.9, "2010-01-31": 11, "2009-10-31": -336, "2009-07-31": "233.60000", "2009-04-30": -292.69, "2009-01-31": 396.209, "2008-10-31": -63.188, "2008-07-31": "-157.13100", "2008-04-30": 171.019, "2008-01-31": 21.842, "2007-10-31": 54.515, "2007-07-31": "129.02400", "2007-04-30": 53.0619, "2007-01-31": 64.9011, "2006-10-31": 21.1479, "2006-07-31": "47.16300", "2006-04-30": -151.924, "2006-01-31": -63.726, "2005-10-31": 86.979, "2005-07-31": "-9.02300", "2005-04-30": -53.936, "2005-01-31": -212.953}, "Net Change In Investments - Total": {"2020-10-31": 22, "2020-07-31": "85.00000", "2020-04-30": 82, "2020-01-31": 142, "2019-10-31": 119, "2019-07-31": "1027.00000", "2019-04-30": 215, "2019-01-31": 172, "2018-10-31": 241, "2018-07-31": "248.00000", "2018-04-30": 168, "2018-01-31": -226, "2017-10-31": -64, "2017-07-31": "112.00000", "2017-04-30": -45, "2017-01-31": -188, "2016-10-31": -123, "2016-07-31": "313.00000", "2016-04-30": 103, "2016-01-31": 91, "2015-10-31": 10, "2015-07-31": "778.00000", "2015-04-30": -686, "2015-01-31": -320, "2014-10-31": 170, "2014-07-31": "191.00000", "2014-04-30": 211.3, "2014-01-31": 90.6, "2013-10-31": 282.1, "2013-07-31": "390.00000", "2013-04-30": -27.1, "2013-01-31": 110.7, "2012-10-31": 159.5, "2012-07-31": "-66.10000", "2012-04-30": -1403.6999, "2012-01-31": -61.6001, "2011-10-31": -205.4, "2011-07-31": "245.80000", "2011-04-30": 417, "2011-01-31": -240.7, "2010-10-31": -300.8999, "2010-07-31": "-293.90000", "2010-04-30": -768.9, "2010-01-31": 11, "2009-10-31": -336, "2009-07-31": "233.60000", "2009-04-30": -292.69, "2009-01-31": 395.402, "2008-10-31": -62.381, "2008-07-31": "-157.13100", "2008-04-30": 152.763, "2008-01-31": 21.842, "2007-10-31": 72.771, "2007-07-31": "129.02400", "2007-04-30": 55.8749, "2007-01-31": 64.9011, "2006-10-31": 21.1479, "2006-07-31": "47.16300", "2006-04-30": -151.924, "2006-01-31": -63.726, "2005-10-31": 86.979, "2005-07-31": "-9.02300", "2005-04-30": -53.936, "2005-01-31": -212.953}, "Investing Activities - Other": {"2020-10-31": 8, "2020-07-31": "", "2020-04-30": 1, "2020-01-31": 1, "2019-10-31": -1, "2019-07-31": "-1.00000", "2019-04-30": 3, "2019-01-31": -1, "2018-10-31": 0, "2018-07-31": "2.00000", "2018-04-30": 0, "2018-01-31": -1, "2017-10-31": -1, "2017-07-31": "1.00000", "2017-04-30": 1, "2017-01-31": 3, "2016-10-31": 0, "2016-07-31": "-1.00000", "2016-04-30": 4, "2016-01-31": -1, "2015-10-31": -2, "2015-07-31": "2.00000", "2015-04-30": -1, "2015-01-31": 4, "2014-10-31": -1, "2014-07-31": "", "2014-04-30": 4.4, "2014-01-31": -0.8, "2013-10-31": 2.2, "2013-07-31": "1.20000", "2013-04-30": 1.2, "2013-01-31": 0.2, "2012-10-31": 1.5, "2012-07-31": "1.30000", "2012-04-30": 1.6, "2012-01-31": -2, "2011-10-31": 0.3, "2011-07-31": "1.70000", "2011-04-30": -0.3, "2011-01-31": 0.8, "2010-10-31": -0.1, "2010-07-31": "0.10000", "2010-04-30": 4.1, "2010-01-31": 0.5, "2009-10-31": 4, "2009-07-31": "-0.40000", "2009-04-30": 1.518, "2009-01-31": -1.126, "2008-10-31": -597.517, "2008-07-31": "0.22500", "2008-04-30": 15.6, "2008-01-31": 0.043, "2007-10-31": 0.324, "2007-07-31": "-1.76700", "2007-04-30": -0.043, "2007-01-31": -0.072, "2006-10-31": 24.067, "2006-07-31": "0.25200", "2006-04-30": 0.319, "2006-01-31": 0.069, "2005-10-31": -0.562, "2005-07-31": "-1.50400", "2005-04-30": 10.044, "2005-01-31": 0}, "Cash Flow From Investing Activities": {"2020-10-31": -10, "2020-07-31": "-311.00000", "2020-04-30": 42, "2020-01-31": 111, "2019-10-31": 178, "2019-07-31": "938.00000", "2019-04-30": 183, "2019-01-31": 140, "2018-10-31": 195, "2018-07-31": "186.00000", "2018-04-30": 120, "2018-01-31": -49, "2017-10-31": -145, "2017-07-31": "53.00000", "2017-04-30": -90, "2017-01-31": -230, "2016-10-31": -179, "2016-07-31": "276.00000", "2016-04-30": -668, "2016-01-31": 49, "2015-10-31": -38, "2015-07-31": "742.00000", "2015-04-30": -724, "2015-01-31": -430, "2014-10-31": 118, "2014-07-31": "133.00000", "2014-04-30": 160.1, "2014-01-31": 31.9, "2013-10-31": 242.1, "2013-07-31": "325.90000", "2013-04-30": -106.6, "2013-01-31": -89.2, "2012-10-31": 93.9, "2012-07-31": "-126.70000", "2012-04-30": -1526.3, "2012-01-31": -154.9, "2011-10-31": -298.4, "2011-07-31": "-330.80000", "2011-04-30": 282.2, "2011-01-31": -306.2, "2010-10-31": -344.3, "2010-07-31": "-408.90000", "2010-04-30": -803.2, "2010-01-31": -38.2, "2009-10-31": -354.8, "2009-07-31": "208.50000", "2009-04-30": -425.871, "2009-01-31": 343.342, "2008-10-31": -687.252, "2008-07-31": "-233.51900", "2008-04-30": 5.299, "2008-01-31": -31.593, "2007-10-31": 35.523, "2007-07-31": "93.67100", "2007-04-30": 2.415, "2007-01-31": -102.81, "2006-10-31": -7.742, "2006-07-31": "24.35900", "2006-04-30": -188.012, "2006-01-31": -97.121, "2005-10-31": 15.027, "2005-07-31": "-55.89600", "2005-04-30": -73.599, "2005-01-31": -277.709}, "Net Long-Term Debt": {"2020-10-31": -150, "2020-07-31": "1098.00000", "2020-04-30": 273, "2020-01-31": -249, "2019-10-31": 68, "2019-07-31": "-219.00000", "2019-04-30": -136, "2019-01-31": 0, "2018-10-31": 185, "2018-07-31": "-185.00000", "2018-04-30": -115, "2018-01-31": -968, "2017-10-31": 619, "2017-07-31": "394.00000", "2017-04-30": 107, "2017-01-31": 392, "2016-10-31": 0, "2016-07-31": "", "2016-04-30": 0, "2016-01-31": 0, "2015-10-31": 0, "2015-07-31": "", "2015-04-30": 0, "2015-01-31": 0, "2014-10-31": 0, "2014-07-31": "495.00000", "2014-04-30": -0.1, "2014-01-31": 0, "2013-10-31": 0, "2013-07-31": "-1264.90000", "2013-04-30": 0, "2013-01-31": 987.3, "2012-10-31": 0, "2012-07-31": "", "2012-04-30": 0, "2012-01-31": 0, "2011-10-31": 0, "2011-07-31": "", "2011-04-30": 0, "2011-01-31": 0, "2010-10-31": 0, "2010-07-31": "", "2010-04-30": 0, "2010-01-31": 0, "2009-10-31": 0, "2009-07-31": "", "2009-04-30": -199.2, "2009-01-31": 0, "2008-10-31": 0, "2008-07-31": "1265.00000", "2008-04-30": 143.52, "2008-01-31": -18.98, "2007-10-31": -21.38, "2007-07-31": "-15.96000", "2007-04-30": 148.869, "2007-01-31": -42.297, "2006-10-31": -78.706, "2006-07-31": "-27.86600", "2006-04-30": 300, "2006-01-31": 0, "2005-10-31": 0, "2005-07-31": "", "2005-04-30": 0, "2005-01-31": 0}, "Net Current Debt": {"2020-10-31": 0, "2020-07-31": "", "2020-04-30": 0, "2020-01-31": 0, "2019-10-31": 0, "2019-07-31": "", "2019-04-30": 0, "2019-01-31": 0, "2018-10-31": 0, "2018-07-31": "", "2018-04-30": 0, "2018-01-31": 0, "2017-10-31": 0, "2017-07-31": "", "2017-04-30": 0, "2017-01-31": 0, "2016-10-31": 0, "2016-07-31": "-850.00000", "2016-04-30": 850, "2016-01-31": 0, "2015-10-31": 0, "2015-07-31": "", "2015-04-30": 0, "2015-01-31": 0, "2014-10-31": 0, "2014-07-31": "", "2014-04-30": 0, "2014-01-31": 0, "2013-10-31": 0, "2013-07-31": "", "2013-04-30": 0, "2013-01-31": 0, "2012-10-31": 0, "2012-07-31": "", "2012-04-30": 0, "2012-01-31": 0, "2011-10-31": 0, "2011-07-31": "", "2011-04-30": 0, "2011-01-31": 0, "2010-10-31": 0, "2010-07-31": "", "2010-04-30": 0, "2010-01-31": 0, "2009-10-31": 0, "2009-07-31": "", "2009-04-30": 172.6, "2009-01-31": -65.349, "2008-10-31": -65.416, "2008-07-31": "-41.83500", "2008-04-30": -249.754, "2008-01-31": 0, "2007-10-31": 249.754, "2007-07-31": "", "2007-04-30": -214.89, "2007-01-31": 0, "2006-10-31": 0, "2006-07-31": "", "2006-04-30": 0, "2006-01-31": 0, "2005-10-31": 0, "2005-07-31": "", "2005-04-30": 0, "2005-01-31": 0}, "Debt Issuance/Retirement Net - Total": {"2020-10-31": -150, "2020-07-31": "1098.00000", "2020-04-30": 273, "2020-01-31": -249, "2019-10-31": 68, "2019-07-31": "-219.00000", "2019-04-30": -136, "2019-01-31": 0, "2018-10-31": 185, "2018-07-31": "-185.00000", "2018-04-30": -115, "2018-01-31": -968, "2017-10-31": 619, "2017-07-31": "394.00000", "2017-04-30": 107, "2017-01-31": 392, "2016-10-31": 0, "2016-07-31": "-850.00000", "2016-04-30": 850, "2016-01-31": 0, "2015-10-31": 0, "2015-07-31": "", "2015-04-30": 0, "2015-01-31": 0, "2014-10-31": 0, "2014-07-31": "495.00000", "2014-04-30": -0.1, "2014-01-31": 0, "2013-10-31": 0, "2013-07-31": "-1264.90000", "2013-04-30": 0, "2013-01-31": 987.3, "2012-10-31": 0, "2012-07-31": "", "2012-04-30": 0, "2012-01-31": 0, "2011-10-31": 0, "2011-07-31": "", "2011-04-30": 0, "2011-01-31": 0, "2010-10-31": 0, "2010-07-31": "", "2010-04-30": 0, "2010-01-31": 0, "2009-10-31": 0, "2009-07-31": "", "2009-04-30": -26.6, "2009-01-31": -65.349, "2008-10-31": -65.416, "2008-07-31": "1223.16500", "2008-04-30": -106.234, "2008-01-31": -18.98, "2007-10-31": 228.374, "2007-07-31": "-15.96000", "2007-04-30": -66.021, "2007-01-31": -42.297, "2006-10-31": -78.706, "2006-07-31": "-27.86600", "2006-04-30": 300, "2006-01-31": 0, "2005-10-31": 0, "2005-07-31": "", "2005-04-30": 0, "2005-01-31": 0}, "Net Common Equity Issued/Repurchased": {"2020-10-31": 0, "2020-07-31": "15.00000", "2020-04-30": -163, "2020-01-31": -456, "2019-10-31": -502, "2019-07-31": "-267.00000", "2019-04-30": -501, "2019-01-31": -500, "2018-10-31": -564, "2018-07-31": "-521.00000", "2018-04-30": -336, "2018-01-31": -57, "2017-10-31": -144, "2017-07-31": "-159.00000", "2017-04-30": -107, "2017-01-31": -239, "2016-10-31": -101, "2016-07-31": "-166.00000", "2016-04-30": -262, "2016-01-31": -40, "2015-10-31": -177, "2015-07-31": "-411.00000", "2015-04-30": -235, "2015-01-31": -125, "2014-10-31": -557, "2014-07-31": "-91.00000", "2014-04-30": -364.8, "2014-01-31": -439.1, "2013-10-31": -98.1, "2013-07-31": "-778.00000", "2013-04-30": -164.9, "2013-01-31": -11.3, "2012-10-31": -188.2, "2012-07-31": "-115.00000", "2012-04-30": 41.1, "2012-01-31": 49.1, "2011-10-31": -394.7, "2011-07-31": "-153.40000", "2011-04-30": 12.2, "2011-01-31": 75.9, "2010-10-31": 96.2, "2010-07-31": "139.90000", "2010-04-30": 40.4, "2010-01-31": 96.6, "2009-10-31": 26.8, "2009-07-31": "33.30000", "2009-04-30": 12.504, "2009-01-31": 27.853, "2008-10-31": 10.038, "2008-07-31": "-201.39500", "2008-04-30": -50.936, "2008-01-31": -110.158, "2007-10-31": -483.897, "2007-07-31": "-150.00900", "2007-04-30": -161.972, "2007-01-31": -156.835, "2006-10-31": -88.279, "2006-07-31": "-183.16900", "2006-04-30": -7.741, "2006-01-31": -76.347, "2005-10-31": -127.295, "2005-07-31": "-44.78000", "2005-04-30": -31.448, "2005-01-31": 20.467}, "Net Total Equity Issued/Repurchased": {"2020-10-31": 0, "2020-07-31": "15.00000", "2020-04-30": -163, "2020-01-31": -456, "2019-10-31": -502, "2019-07-31": "-267.00000", "2019-04-30": -501, "2019-01-31": -500, "2018-10-31": -564, "2018-07-31": "-521.00000", "2018-04-30": -336, "2018-01-31": -57, "2017-10-31": -144, "2017-07-31": "-159.00000", "2017-04-30": -107, "2017-01-31": -239, "2016-10-31": -101, "2016-07-31": "-166.00000", "2016-04-30": -262, "2016-01-31": -40, "2015-10-31": -177, "2015-07-31": "-411.00000", "2015-04-30": -235, "2015-01-31": -125, "2014-10-31": -557, "2014-07-31": "-91.00000", "2014-04-30": -364.8, "2014-01-31": -439.1, "2013-10-31": -98.1, "2013-07-31": "-778.00000", "2013-04-30": -164.9, "2013-01-31": -11.3, "2012-10-31": -188.2, "2012-07-31": "-115.00000", "2012-04-30": 41.1, "2012-01-31": 49.1, "2011-10-31": -394.7, "2011-07-31": "-153.40000", "2011-04-30": 12.2, "2011-01-31": 75.9, "2010-10-31": 96.2, "2010-07-31": "139.90000", "2010-04-30": 40.4, "2010-01-31": 96.6, "2009-10-31": 26.8, "2009-07-31": "33.30000", "2009-04-30": 12.504, "2009-01-31": 27.853, "2008-10-31": 10.038, "2008-07-31": "-201.39500", "2008-04-30": -50.936, "2008-01-31": -110.158, "2007-10-31": -483.897, "2007-07-31": "-150.00900", "2007-04-30": -161.972, "2007-01-31": -156.835, "2006-10-31": -88.279, "2006-07-31": "-183.16900", "2006-04-30": -7.741, "2006-01-31": -76.347, "2005-10-31": -127.295, "2005-07-31": "-44.78000", "2005-04-30": -31.448, "2005-01-31": 20.467}, "Total Common And Preferred Stock Dividends Paid": {"2020-10-31": -107, "2020-07-31": "-107.00000", "2020-04-30": -105, "2020-01-31": -108, "2019-10-31": -111, "2019-07-31": "-115.00000", "2019-04-30": -97, "2019-01-31": -99, "2018-10-31": -102, "2018-07-31": "-105.00000", "2018-04-30": -53, "2018-01-31": -53, "2017-10-31": -54, "2017-07-31": "-54.00000", "2017-04-30": -51, "2017-01-31": -52, "2016-10-31": -52, "2016-07-31": "-53.00000", "2016-04-30": -51, "2016-01-31": -52, "2015-10-31": -53, "2015-07-31": "-54.00000", "2015-04-30": -51, "2015-01-31": -52, "2014-10-31": -52, "2014-07-31": "-53.00000", "2014-04-30": -48.9, "2014-01-31": -50.4, "2013-10-31": -51.3, "2013-07-31": "-51.40000", "2013-04-30": 0, "2013-01-31": 0, "2012-10-31": 0, "2012-07-31": "", "2012-04-30": 0, "2012-01-31": 0, "2011-10-31": 0, "2011-07-31": "", "2011-04-30": 0, "2011-01-31": 0, "2010-10-31": 0, "2010-07-31": "", "2010-04-30": 0, "2010-01-31": 0, "2009-10-31": 0, "2009-07-31": "", "2009-04-30": 0, "2009-01-31": 0, "2008-10-31": 0, "2008-07-31": "", "2008-04-30": 0, "2008-01-31": 0, "2007-10-31": 0, "2007-07-31": "", "2007-04-30": 0, "2007-01-31": 0, "2006-10-31": 0, "2006-07-31": "", "2006-04-30": 0, "2006-01-31": 0, "2005-10-31": 0, "2005-07-31": "", "2005-04-30": 0, "2005-01-31": 0}, "Financial Activities - Other": {"2020-10-31": 0, "2020-07-31": "-3.00000", "2020-04-30": -445, "2020-01-31": 441, "2019-10-31": 0, "2019-07-31": "-2.00000", "2019-04-30": 220, "2019-01-31": -89, "2018-10-31": -136, "2018-07-31": "-1.00000", "2018-04-30": -132, "2018-01-31": 127, "2017-10-31": -1, "2017-07-31": "", "2017-04-30": 0, "2017-01-31": -4, "2016-10-31": -1, "2016-07-31": "-2.00000", "2016-04-30": 144, "2016-01-31": -4, "2015-10-31": 0, "2015-07-31": "1.00000", "2015-04-30": 0, "2015-01-31": 1, "2014-10-31": 4, "2014-07-31": "41.00000", "2014-04-30": 17.1, "2014-01-31": 22.1, "2013-10-31": -5.8, "2013-07-31": "9.60000", "2013-04-30": 18.7, "2013-01-31": 9, "2012-10-31": 40.4, "2012-07-31": "2.90000", "2012-04-30": 30.5, "2012-01-31": -2.5, "2011-10-31": 53.9, "2011-07-31": "32.40000", "2011-04-30": 63, "2011-01-31": 24.1, "2010-10-31": 39.6, "2010-07-31": "", "2010-04-30": 21.8, "2010-01-31": -0.4, "2009-10-31": 1.4, "2009-07-31": "", "2009-04-30": 32.536, "2009-01-31": -0.977, "2008-10-31": 22.996, "2008-07-31": "-272.75500", "2008-04-30": 4.144, "2008-01-31": 30.872, "2007-10-31": 4.787, "2007-07-31": "5.59700", "2007-04-30": 19.116, "2007-01-31": 19.249, "2006-10-31": 16.013, "2006-07-31": "3.50900", "2006-04-30": -0.268, "2006-01-31": -0.192, "2005-10-31": -0.183, "2005-07-31": "-0.41900", "2005-04-30": -1.079, "2005-01-31": -0.043}, "Cash Flow From Financial Activities": {"2020-10-31": -257, "2020-07-31": "1003.00000", "2020-04-30": -440, "2020-01-31": -372, "2019-10-31": -545, "2019-07-31": "-603.00000", "2019-04-30": -514, "2019-01-31": -688, "2018-10-31": -617, "2018-07-31": "-812.00000", "2018-04-30": -636, "2018-01-31": -951, "2017-10-31": 420, "2017-07-31": "181.00000", "2017-04-30": -51, "2017-01-31": 97, "2016-10-31": -154, "2016-07-31": "-1071.00000", "2016-04-30": 681, "2016-01-31": -96, "2015-10-31": -230, "2015-07-31": "-464.00000", "2015-04-30": -286, "2015-01-31": -176, "2014-10-31": -605, "2014-07-31": "392.00000", "2014-04-30": -396.7, "2014-01-31": -467.4, "2013-10-31": -155.2, "2013-07-31": "-2084.70000", "2013-04-30": -146.2, "2013-01-31": 985, "2012-10-31": -147.8, "2012-07-31": "-112.10000", "2012-04-30": 71.6, "2012-01-31": 46.6, "2011-10-31": -340.8, "2011-07-31": "-121.00000", "2011-04-30": 75.2, "2011-01-31": 100, "2010-10-31": 135.8, "2010-07-31": "139.90000", "2010-04-30": 62.2, "2010-01-31": 96.2, "2009-10-31": 28.2, "2009-07-31": "33.30000", "2009-04-30": 18.44, "2009-01-31": -38.473, "2008-10-31": -32.382, "2008-07-31": "749.01500", "2008-04-30": -153.026, "2008-01-31": -98.266, "2007-10-31": -250.736, "2007-07-31": "-160.37200", "2007-04-30": -208.877, "2007-01-31": -179.883, "2006-10-31": -150.972, "2006-07-31": "-207.52600", "2006-04-30": 291.991, "2006-01-31": -76.539, "2005-10-31": -127.478, "2005-07-31": "-45.19900", "2005-04-30": -32.527, "2005-01-31": 20.424}, "Net Cash Flow": {"2020-10-31": -105, "2020-07-31": "975.00000", "2020-04-30": -45, "2020-01-31": 160, "2019-10-31": -422, "2019-07-31": "642.00000", "2019-04-30": 55, "2019-01-31": -89, "2018-10-31": -268, "2018-07-31": "-314.00000", "2018-04-30": -33, "2018-01-31": -556, "2017-10-31": 583, "2017-07-31": "503.00000", "2017-04-30": 228, "2017-01-31": 100, "2016-10-31": -181, "2016-07-31": "-574.00000", "2016-04-30": 373, "2016-01-31": 297, "2015-10-31": -126, "2015-07-31": "402.00000", "2015-04-30": -618, "2015-01-31": -365, "2014-10-31": -127, "2014-07-31": "741.00000", "2014-04-30": 138.4, "2014-01-31": -107.8, "2013-10-31": 463.7, "2013-07-31": "-1480.30000", "2013-04-30": 195.4, "2013-01-31": 1264.9, "2012-10-31": 287.4, "2012-07-31": "-20.40000", "2012-04-30": -871.1, "2012-01-31": 151.9, "2011-10-31": -274.2, "2011-07-31": "-214.10000", "2011-04-30": 837.9, "2011-01-31": 148.3, "2010-10-31": 159.1, "2010-07-31": "-93.00000", "2010-04-30": -270.8, "2010-01-31": 247, "2009-10-31": -55.6, "2009-07-31": "290.20000", "2009-04-30": -214.021, "2009-01-31": 537.171, "2008-10-31": -531.366, "2008-07-31": "765.91600", "2008-04-30": 160.12, "2008-01-31": 150.652, "2007-10-31": 1.717, "2007-07-31": "134.91100", "2007-04-30": -1.136, "2007-01-31": -33.123, "2006-10-31": 81.009, "2006-07-31": "-18.92700", "2006-04-30": 273.131, "2006-01-31": -33.588, "2005-10-31": -9.872, "2005-07-31": "38.04300", "2005-04-30": 12.169, "2005-01-31": 89.045}, "Stock-Based Compensation": {"2020-10-31": 49, "2020-07-31": "54.00000", "2020-04-30": 35, "2020-01-31": 36, "2019-10-31": 40, "2019-07-31": "42.00000", "2019-04-30": 37, "2019-01-31": 43, "2018-10-31": 38, "2018-07-31": "40.00000", "2018-04-30": 36, "2018-01-31": 38, "2017-10-31": 39, "2017-07-31": "48.00000", "2017-04-30": 46, "2017-01-31": 46, "2016-10-31": 51, "2016-07-31": "52.00000", "2016-04-30": 61, "2016-01-31": 63, "2015-10-31": 59, "2015-07-31": "77.00000", "2015-04-30": 63, "2015-01-31": 66, "2014-10-31": 68, "2014-07-31": "62.00000", "2014-04-30": 67.2, "2014-01-31": 71.9, "2013-10-31": 67.6, "2013-07-31": "66.30000", "2013-04-30": 65.1, "2013-01-31": 67.3, "2012-10-31": 65, "2012-07-31": "79.20000", "2012-04-30": 59.8, "2012-01-31": 76.7, "2011-10-31": 63, "2011-07-31": "58.10000", "2011-04-30": 48.2, "2011-01-31": 45, "2010-10-31": 37.7, "2010-07-31": "44.30000", "2010-04-30": 37.7, "2010-01-31": 36.7, "2009-10-31": 33.2, "2009-07-31": "52.20000", "2009-04-30": 42.203, "2009-01-31": 34.43, "2008-10-31": 27.762, "2008-07-31": "36.40500", "2008-04-30": 34.923, "2008-01-31": 34.296, "2007-10-31": 38.37, "2007-07-31": "40.41100", "2007-04-30": 38.354, "2007-01-31": 39.234, "2006-10-31": 42.423, "2006-07-31": "43.02200", "2006-04-30": 3.851, "2006-01-31": 4.07, "2005-10-31": 3.344, "2005-07-31": "2.02800", "2005-04-30": 1.716, "2005-01-31": 6.432}, "Common Stock Dividends Paid": {"2020-10-31": -107, "2020-07-31": "-107.00000", "2020-04-30": -105, "2020-01-31": -108, "2019-10-31": -111, "2019-07-31": "-115.00000", "2019-04-30": -97, "2019-01-31": -99, "2018-10-31": -102, "2018-07-31": "-105.00000", "2018-04-30": -53, "2018-01-31": -53, "2017-10-31": -54, "2017-07-31": "-54.00000", "2017-04-30": -51, "2017-01-31": -52, "2016-10-31": -52, "2016-07-31": "-53.00000", "2016-04-30": -51, "2016-01-31": -52, "2015-10-31": -53, "2015-07-31": "-54.00000", "2015-04-30": -51, "2015-01-31": -52, "2014-10-31": -52, "2014-07-31": "-53.00000", "2014-04-30": -48.9, "2014-01-31": -50.4, "2013-10-31": -51.3, "2013-07-31": "-51.40000", "2013-04-30": 0, "2013-01-31": 0, "2012-10-31": 0, "2012-07-31": "0.00000", "2012-04-30": 0, "2012-01-31": 0, "2011-10-31": 0, "2011-07-31": "", "2011-04-30": 0, "2011-01-31": 0, "2010-10-31": 0, "2010-07-31": "", "2010-04-30": 0, "2010-01-31": 0, "2009-10-31": 0, "2009-07-31": "", "2009-04-30": 0, "2009-01-31": 0, "2008-10-31": 0, "2008-07-31": "", "2008-04-30": 0, "2008-01-31": 0, "2007-10-31": 0, "2007-07-31": "", "2007-04-30": 0, "2007-01-31": 0, "2006-10-31": 0, "2006-07-31": "", "2006-04-30": 0, "2006-01-31": 0, "2005-10-31": 0, "2005-07-31": "", "2005-04-30": 0, "2005-01-31": 0}}, "financial ratios": {"Current Ratio": {"2020-04-30": "1.18200", "2019-04-30": "1.45070", "2018-04-30": "1.96880", "2017-04-30": "1.50360", "2016-04-30": "1.76080", "2015-04-30": "2.50020", "2014-04-30": "2.40160", "2013-04-30": "2.19760", "2012-04-30": "1.93950", "2011-04-30": "1.88720", "2010-04-30": "2.37420", "2009-04-30": "2.04780", "2008-04-30": "1.46200", "2007-04-30": "1.88690", "2006-04-30": "2.21680", "2005-04-30": "3.02950"}, "Long-term Debt / Capital": {"2020-04-30": "0.82560", "2019-04-30": "0.51210", "2018-04-30": "0.40370", "2017-04-30": "0.21110", "2016-04-30": "0.34090", "2015-04-30": "0.30340", "2014-04-30": "0.20730", "2013-04-30": "0.17410", "2012-04-30": "0.01440", "2011-04-30": "0.02980", "2010-04-30": "0.30330", "2009-04-30": "0.40600", "2008-04-30": "0.15780", "2007-04-30": "0.00470", "2006-04-30": "0.06700", "2005-04-30": "0.00270"}, "Debt/Equity Ratio": {"2020-04-30": "4.73550", "2019-04-30": "1.41650", "2018-04-30": "0.67710", "2017-04-30": "0.53710", "2016-04-30": "0.81190", "2015-04-30": "0.43560", "2014-04-30": "0.26150", "2013-04-30": "0.47750", "2012-04-30": "0.29460", "2011-04-30": "0.33910", "2010-04-30": "0.43530", "2009-04-30": "0.68340", "2008-04-30": "0.18740", "2007-04-30": "0.04760", "2006-04-30": "0.15830", "2005-04-30": "0.00270"}, "Gross Margin": {"2020-04-30": "66.94380", "2019-04-30": "64.18810", "2018-04-30": "62.66260", "2017-04-30": "61.26390", "2016-04-30": "60.81860", "2015-04-30": "62.60000", "2014-04-30": "61.96050", "2013-04-30": "59.39450", "2012-04-30": "59.57450", "2011-04-30": "64.98070", "2010-04-30": "64.07900", "2009-04-30": "58.41650", "2008-04-30": "60.95300", "2007-04-30": "60.78200", "2006-04-30": "60.80270", "2005-04-30": "61.01180"}, "Operating Margin": {"2020-04-30": "17.46120", "2019-04-30": "19.86660", "2018-04-30": "19.56410", "2017-04-30": "11.30940", "2016-04-30": "6.27480", "2015-04-30": "11.69360", "2014-04-30": "11.60470", "2013-04-30": "9.59820", "2012-04-30": "11.97620", "2011-04-30": "16.09140", "2010-04-30": "12.42310", "2009-04-30": "1.38560", "2008-04-30": "9.49380", "2007-04-30": "10.74220", "2006-04-30": "14.91880", "2005-04-30": "15.84270"}, "EBIT Margin": {"2020-04-30": "17.46120", "2019-04-30": "19.86660", "2018-04-30": "19.56410", "2017-04-30": "11.30940", "2016-04-30": "6.27480", "2015-04-30": "11.69360", "2014-04-30": "11.60470", "2013-04-30": "9.59820", "2012-04-30": "11.97620", "2011-04-30": "16.09140", "2010-04-30": "12.42310", "2009-04-30": "1.38560", "2008-04-30": "9.49380", "2007-04-30": "10.74220", "2006-04-30": "14.91880", "2005-04-30": "15.84270"}, "EBITDA Margin": {"2020-04-30": "21.02740", "2019-04-30": "23.07190", "2018-04-30": "22.90930", "2017-04-30": "15.42520", "2016-04-30": "11.30550", "2015-04-30": "16.70750", "2014-04-30": "16.88540", "2013-04-30": "15.99080", "2012-04-30": "17.52710", "2011-04-30": "20.36080", "2010-04-30": "17.93760", "2009-04-30": "7.59450", "2008-04-30": "13.97740", "2007-04-30": "14.69450", "2006-04-30": "18.87720", "2005-04-30": "19.94900"}, "Pre-Tax Profit Margin": {"2020-04-30": "17.44270", "2019-04-30": "20.63130", "2018-04-30": "20.25680", "2017-04-30": "11.30940", "2016-04-30": "6.22070", "2015-04-30": "11.64460", "2014-04-30": "11.71540", "2013-04-30": "8.94760", "2012-04-30": "11.42910", "2011-04-30": "15.50190", "2010-04-30": "11.37000", "2009-04-30": "0.24370", "2008-04-30": "11.58570", "2007-04-30": "12.82780", "2006-04-30": "16.95040", "2005-04-30": "17.28440"}, "Net Profit Margin": {"2020-04-30": "15.13300", "2019-04-30": "19.02050", "2018-04-30": "1.95980", "2017-04-30": "8.75980", "2016-04-30": "4.12910", "2015-04-30": "9.14580", "2014-04-30": "10.08700", "2013-04-30": "7.97960", "2012-04-30": "9.71250", "2011-04-30": "13.13980", "2010-04-30": "10.18470", "2009-04-30": "1.89640", "2008-04-30": "9.37580", "2007-04-30": "10.61720", "2006-04-30": "12.89420", "2005-04-30": "14.12610"}, "Asset Turnover": {"2020-04-30": "0.71950", "2019-04-30": "0.70310", "2018-04-30": "0.59240", "2017-04-30": "0.57840", "2016-04-30": "0.55260", "2015-04-30": "0.65130", "2014-04-30": "0.68650", "2013-04-30": "0.56330", "2012-04-30": "0.65390", "2011-04-30": "0.60270", "2010-04-30": "0.60540", "2009-04-30": "0.63260", "2008-04-30": "0.81140", "2007-04-30": "0.76650", "2006-04-30": "0.63370", "2005-04-30": "0.67360"}, "Inventory Turnover Ratio": {"2020-04-30": "12.33790", "2019-04-30": "16.80150", "2018-04-30": "18.11480", "2017-04-30": "13.04910", "2016-04-30": "22.17350", "2015-04-30": "15.68490", "2014-04-30": "19.65690", "2013-04-30": "18.43230", "2012-04-30": "15.60250", "2011-04-30": "16.53360", "2010-04-30": "12.50840", "2009-04-30": "23.18330", "2008-04-30": "18.36750", "2007-04-30": "20.03980", "2006-04-30": "12.56740", "2005-04-30": "15.98350"}, "Receiveable Turnover": {"2020-04-30": "5.56220", "2019-04-30": "5.05430", "2018-04-30": "5.65330", "2017-04-30": "7.51160", "2016-04-30": "6.82160", "2015-04-30": "7.86010", "2014-04-30": "7.38990", "2013-04-30": "7.90660", "2012-04-30": "7.50170", "2011-04-30": "6.89820", "2010-04-30": "8.33810", "2009-04-30": "7.62910", "2008-04-30": "5.67450", "2007-04-30": "5.11500", "2006-04-30": "4.97590", "2005-04-30": "5.38300"}, "Days Sales In Receivables": {"2020-04-30": "65.62180", "2019-04-30": "72.21610", "2018-04-30": "64.56410", "2017-04-30": "48.59130", "2016-04-30": "53.50610", "2015-04-30": "46.43720", "2014-04-30": "49.39190", "2013-04-30": "46.16390", "2012-04-30": "48.65540", "2011-04-30": "52.91240", "2010-04-30": "43.77510", "2009-04-30": "47.84300", "2008-04-30": "64.32250", "2007-04-30": "71.35910", "2006-04-30": "73.35390", "2005-04-30": "67.80610"}, "ROE - Return On Equity": {"2020-04-30": "338.42970", "2019-04-30": "107.24770", "2018-04-30": "5.09670", "2017-04-30": "17.30220", "2016-04-30": "7.94860", "2015-04-30": "16.40310", "2014-04-30": "16.84930", "2013-04-30": "10.71120", "2012-04-30": "14.10010", "2011-04-30": "18.04460", "2010-04-30": "15.82300", "2009-04-30": "3.62070", "2008-04-30": "18.21400", "2007-04-30": "14.96890", "2006-04-30": "13.85280", "2005-04-30": "13.59310"}, "Return On Tangible Equity": {"2020-04-30": "-51.83540", "2019-04-30": "-168.93060", "2018-04-30": "26.18510", "2017-04-30": "49.84460", "2016-04-30": "22.34150", "2015-04-30": "24.37960", "2014-04-30": "23.83350", "2013-04-30": "14.23860", "2012-04-30": "19.20440", "2011-04-30": "23.07590", "2010-04-30": "21.94690", "2009-04-30": "6.10870", "2008-04-30": "33.29360", "2007-04-30": "22.81570", "2006-04-30": "19.57960", "2005-04-30": "16.75310"}, "ROA - Return On Assets": {"2020-04-30": "10.88810", "2019-04-30": "13.37380", "2018-04-30": "1.16100", "2017-04-30": "5.06690", "2016-04-30": "2.28160", "2015-04-30": "5.95680", "2014-04-30": "6.92440", "2013-04-30": "4.49460", "2012-04-30": "6.35100", "2011-04-30": "7.91990", "2010-04-30": "6.16530", "2009-04-30": "1.19980", "2008-04-30": "7.60750", "2007-04-30": "8.13820", "2006-04-30": "8.17100", "2005-04-30": "9.51490"}, "ROI - Return On Investment": {"2020-04-30": "59.00580", "2019-04-30": "52.32770", "2018-04-30": "3.03900", "2017-04-30": "13.64930", "2016-04-30": "5.23910", "2015-04-30": "11.42620", "2014-04-30": "13.35680", "2013-04-30": "8.84610", "2012-04-30": "13.89740", "2011-04-30": "17.50680", "2010-04-30": "11.02420", "2009-04-30": "2.15080", "2008-04-30": "15.33930", "2007-04-30": "14.89790", "2006-04-30": "12.92420", "2005-04-30": "13.55650"}, "Book Value Per Share": {"2020-04-30": "1.10500", "2019-04-30": "4.54170", "2018-04-30": "8.65400", "2017-04-30": "10.33460", "2016-04-30": "10.25270", "2015-04-30": "11.15690", "2014-04-30": "11.66870", "2013-04-30": "13.22910", "2012-04-30": "11.77620", "2011-04-30": "10.10890", "2010-04-30": "7.28620", "2009-04-30": "5.36920", "2008-04-30": "4.97590", "2007-04-30": "5.41920", "2006-04-30": "5.11560", "2005-04-30": "4.52610"}, "Operating Cash Flow Per Share": {"2020-04-30": -0.6282, "2019-04-30": -0.1775, "2018-04-30": 1.8462, "2017-04-30": 0.2294, "2016-04-30": -0.6707, "2015-04-30": 0.0709, "2014-04-30": 0.1122, "2013-04-30": -0.0388, "2012-04-30": 0.3863, "2011-04-30": 0.6591, "2010-04-30": 0.103, "2009-04-30": -0.1365, "2008-04-30": 0.5686, "2007-04-30": 0.7982, "2006-04-30": 0.2124, "2005-04-30": 1.2148}, "Free Cash Flow Per Share": {"2020-04-30": -0.0805, "2019-04-30": -1.0809, "2018-04-30": 2.7045, "2017-04-30": -0.1981, "2016-04-30": -0.3208, "2015-04-30": 0.1607, "2014-04-30": 0.3014, "2013-04-30": 0.1963, "2012-04-30": -0.1074, "2011-04-30": 0.4774, "2010-04-30": 0.5846, "2009-04-30": -0.4805, "2008-04-30": 0.474, "2007-04-30": 0.7135, "2006-04-30": 0.1162, "2005-04-30": 0.9688}}, "financial ratios, quarterly": {"Current Ratio": {"2020-10-31": "1.65100", "2020-07-31": "1.61860", "2020-04-30": "1.18200", "2020-01-31": "1.19520", "2019-10-31": "1.30810", "2019-07-31": "1.42240", "2019-04-30": "1.45070", "2019-01-31": "1.56300", "2018-10-31": "1.65290", "2018-07-31": "2.06090", "2018-04-30": "1.96880", "2018-01-31": "1.90700", "2017-10-31": "1.66590", "2017-07-31": "1.46910", "2017-04-30": "1.50360", "2017-01-31": "1.46880", "2016-10-31": "2.06490", "2016-07-31": "2.06930", "2016-04-30": "1.76080", "2016-01-31": "2.44910", "2015-10-31": "2.47900", "2015-07-31": "2.46730", "2015-04-30": "2.50020", "2015-01-31": "2.63100", "2014-10-31": "2.60500", "2014-07-31": "2.81070", "2014-04-30": "2.40160", "2014-01-31": "2.57010", "2013-10-31": "2.66530", "2013-07-31": "2.66150", "2013-04-30": "2.19760", "2013-01-31": "2.22280", "2012-10-31": "1.92730", "2012-07-31": "1.94830", "2012-04-30": "1.93950", "2012-01-31": "2.85870", "2011-10-31": "2.74700", "2011-07-31": "1.84080", "2011-04-30": "1.88720", "2011-01-31": "2.88240", "2010-10-31": "2.79700", "2010-07-31": "2.75860", "2010-04-30": "2.37420", "2010-01-31": "2.38910", "2009-10-31": "2.33340", "2009-07-31": "2.28380", "2009-04-30": "2.04780", "2009-01-31": "2.02310", "2008-10-31": "2.18010", "2008-07-31": "2.11540", "2008-04-30": "1.46200", "2008-01-31": "1.56530", "2007-10-31": "1.56570", "2007-07-31": "1.94850", "2007-04-30": "1.88690", "2007-01-31": "1.89500", "2006-10-31": "2.19480", "2006-07-31": "2.17740", "2006-04-30": "2.21680", "2006-01-31": "2.51060", "2005-10-31": "2.68390", "2005-07-31": "3.15120", "2005-04-30": "3.02950", "2005-01-31": "3.22410"}, "Long-term Debt / Capital": {"2020-10-31": "0.87670", "2020-07-31": "0.90250", "2020-04-30": "0.82560", "2020-01-31": "0.80250", "2019-10-31": "0.68110", "2019-07-31": "0.57020", "2019-04-30": "0.51210", "2019-01-31": "0.48190", "2018-10-31": "0.42780", "2018-07-31": "0.44520", "2018-04-30": "0.40370", "2018-01-31": "0.41440", "2017-10-31": "0.35670", "2017-07-31": "0.21210", "2017-04-30": "0.21110", "2017-01-31": "0.21640", "2016-10-31": "0.34850", "2016-07-31": "0.34810", "2016-04-30": "0.34090", "2016-01-31": "0.32400", "2015-10-31": "0.33270", "2015-07-31": "0.33160", "2015-04-30": "0.30340", "2015-01-31": "0.29880", "2014-10-31": "0.30160", "2014-07-31": "0.28030", "2014-04-30": "0.20730", "2014-01-31": "0.20260", "2013-10-31": "0.19450", "2013-07-31": "0.19850", "2013-04-30": "0.17410", "2013-01-31": "0.17690", "2012-10-31": "", "2012-07-31": "", "2012-04-30": "0.01440", "2012-01-31": "0.22730", "2011-10-31": "0.23620", "2011-07-31": "0.02590", "2011-04-30": "0.02980", "2011-01-31": "0.24460", "2010-10-31": "0.25970", "2010-07-31": "0.28090", "2010-04-30": "0.30330", "2010-01-31": "0.34580", "2009-10-31": "0.36660", "2009-07-31": "0.38500", "2009-04-30": "0.40600", "2009-01-31": "0.48370", "2008-10-31": "0.49080", "2008-07-31": "0.51770", "2008-04-30": "0.15780", "2008-01-31": "0.16560", "2007-10-31": "0.16950", "2007-07-31": "0.03520", "2007-04-30": "0.00470", "2007-01-31": "0.02330", "2006-10-31": "0.03800", "2006-07-31": "0.05730", "2006-04-30": "0.06700", "2006-01-31": "0.00180", "2005-10-31": "0.00190", "2005-07-31": "0.00200", "2005-04-30": "0.00270", "2005-01-31": "0.00280"}, "Debt/Equity Ratio": {"2020-10-31": "7.11080", "2020-07-31": "9.26060", "2020-04-30": "4.73550", "2020-01-31": "4.06380", "2019-10-31": "2.13620", "2019-07-31": "1.79030", "2019-04-30": "1.41650", "2019-01-31": "1.25450", "2018-10-31": "1.00850", "2018-07-31": "0.80230", "2018-04-30": "0.67710", "2018-01-31": "0.70770", "2017-10-31": "0.82460", "2017-07-31": "0.53970", "2017-04-30": "0.53710", "2017-01-31": "0.55380", "2016-10-31": "0.53500", "2016-07-31": "0.53400", "2016-04-30": "0.81190", "2016-01-31": "0.47930", "2015-10-31": "0.49850", "2015-07-31": "0.49600", "2015-04-30": "0.43560", "2015-01-31": "0.42610", "2014-10-31": "0.43170", "2014-07-31": "0.38940", "2014-04-30": "0.26150", "2014-01-31": "0.25410", "2013-10-31": "0.24150", "2013-07-31": "0.24760", "2013-04-30": "0.47750", "2013-01-31": "0.48380", "2012-10-31": "0.27930", "2012-07-31": "0.27790", "2012-04-30": "0.29460", "2012-01-31": "0.29410", "2011-10-31": "0.30920", "2011-07-31": "0.33070", "2011-04-30": "0.33910", "2011-01-31": "0.32380", "2010-10-31": "0.35090", "2010-07-31": "0.39070", "2010-04-30": "0.43530", "2010-01-31": "0.52850", "2009-10-31": "0.57880", "2009-07-31": "0.62610", "2009-04-30": "0.68340", "2009-01-31": "0.93670", "2008-10-31": "0.96390", "2008-07-31": "1.07340", "2008-04-30": "0.18740", "2008-01-31": "0.21580", "2007-10-31": "0.23420", "2007-07-31": "0.07240", "2007-04-30": "0.04760", "2007-01-31": "0.08660", "2006-10-31": "0.10220", "2006-07-31": "0.14810", "2006-04-30": "0.15830", "2006-01-31": "0.00180", "2005-10-31": "0.00190", "2005-07-31": "0.00200", "2005-04-30": "0.00270", "2005-01-31": "0.00280"}, "Gross Margin": {"2020-10-31": "65.88980", "2020-07-31": "66.92250", "2020-04-30": "67.16630", "2020-01-31": "67.02280", "2019-10-31": "67.46900", "2019-07-31": "66.01940", "2019-04-30": "64.44720", "2019-01-31": "62.82790", "2018-10-31": "64.20570", "2018-07-31": "65.33240", "2018-04-30": "62.59120", "2018-01-31": "62.11830", "2017-10-31": "63.60420", "2017-07-31": "62.37700", "2017-04-30": "61.04610", "2017-01-31": "60.61250", "2016-10-31": "61.86570", "2016-07-31": "61.59200", "2016-04-30": "59.27540", "2016-01-31": "61.68830", "2015-10-31": "61.17650", "2015-07-31": "61.12360", "2015-04-30": "60.71430", "2015-01-31": "62.99160", "2014-10-31": "63.70710", "2014-07-31": "62.99530", "2014-04-30": "63.18760", "2014-01-31": "62.25470", "2013-10-31": "62.27500", "2013-07-31": "59.99210", "2013-04-30": "60.13400", "2013-01-31": "59.19270", "2012-10-31": "59.29800", "2012-07-31": "58.84670", "2012-04-30": "58.44350", "2012-01-31": "58.03260", "2011-10-31": "60.58390", "2011-07-31": "61.50730", "2011-04-30": "64.98640", "2011-01-31": "65.61730", "2010-10-31": "65.26780", "2010-07-31": "63.95080", "2010-04-30": "63.87610", "2010-01-31": "63.40810", "2009-10-31": "66.67030", "2009-07-31": "62.35830", "2009-04-30": "60.69230", "2009-01-31": "52.68570", "2008-10-31": "59.90980", "2008-07-31": "59.46850", "2008-04-30": "61.09170", "2008-01-31": "61.00680", "2007-10-31": "61.09650", "2007-07-31": "60.53040", "2007-04-30": "60.66130", "2007-01-31": "60.89710", "2006-10-31": "61.50080", "2006-07-31": "60.04780", "2006-04-30": "59.67940", "2006-01-31": "60.89480", "2005-10-31": "61.91590", "2005-07-31": "60.99110", "2005-04-30": "61.26110", "2005-01-31": "61.09290"}, "Operating Margin": {"2020-10-31": "12.85310", "2020-07-31": "10.43750", "2020-04-30": "19.77160", "2020-01-31": "19.08830", "2019-10-31": "21.59010", "2019-07-31": "8.41420", "2019-04-30": "23.24120", "2019-01-31": "19.89760", "2018-10-31": "18.85300", "2018-07-31": "17.23200", "2018-04-30": "18.97810", "2018-01-31": "31.83890", "2017-10-31": "15.26500", "2017-07-31": "10.59800", "2017-04-30": "13.97110", "2017-01-31": "13.03420", "2016-10-31": "10.59700", "2016-07-31": "7.18700", "2016-04-30": "4.63770", "2016-01-31": "11.90480", "2015-10-31": "10.03460", "2015-07-31": "-1.94760", "2015-04-30": "10.45460", "2015-01-31": "13.02390", "2014-10-31": "12.50810", "2014-07-31": "10.74550", "2014-04-30": "13.55450", "2014-01-31": "14.08070", "2013-10-31": "12.05880", "2013-07-31": "6.39100", "2013-04-30": "11.90790", "2013-01-31": "11.52690", "2012-10-31": "8.77890", "2012-07-31": "5.55170", "2012-04-30": "13.00450", "2012-01-31": "9.99680", "2011-10-31": "12.76710", "2011-07-31": "12.08340", "2011-04-30": "14.90590", "2011-01-31": "17.13710", "2010-10-31": "17.01040", "2010-07-31": "15.39390", "2010-04-30": "14.75510", "2010-01-31": "12.78050", "2009-10-31": "12.68130", "2009-07-31": "8.44970", "2009-04-30": "3.86000", "2009-01-31": "-12.20390", "2008-10-31": "7.19630", "2008-07-31": "4.45740", "2008-04-30": "11.00580", "2008-01-31": "11.95520", "2007-10-31": "10.11870", "2007-07-31": "3.56160", "2007-04-30": "9.41710", "2007-01-31": "9.93260", "2006-10-31": "14.83550", "2006-07-31": "9.10240", "2006-04-30": "14.54480", "2006-01-31": "15.54190", "2005-10-31": "15.37730", "2005-07-31": "14.17740", "2005-04-30": "15.49880", "2005-01-31": "16.43010"}, "EBIT Margin": {"2020-10-31": "12.85310", "2020-07-31": "10.43750", "2020-04-30": "19.77160", "2020-01-31": "19.08830", "2019-10-31": "21.59010", "2019-07-31": "8.41420", "2019-04-30": "23.24120", "2019-01-31": "19.89760", "2018-10-31": "18.85300", "2018-07-31": "17.23200", "2018-04-30": "18.97810", "2018-01-31": "31.83890", "2017-10-31": "15.26500", "2017-07-31": "10.59800", "2017-04-30": "13.97110", "2017-01-31": "13.03420", "2016-10-31": "10.59700", "2016-07-31": "7.18700", "2016-04-30": "4.63770", "2016-01-31": "11.90480", "2015-10-31": "10.03460", "2015-07-31": "-1.94760", "2015-04-30": "10.45460", "2015-01-31": "13.02390", "2014-10-31": "12.50810", "2014-07-31": "10.74550", "2014-04-30": "13.55450", "2014-01-31": "14.08070", "2013-10-31": "12.05880", "2013-07-31": "6.39100", "2013-04-30": "11.90790", "2013-01-31": "11.52690", "2012-10-31": "8.77890", "2012-07-31": "5.55170", "2012-04-30": "13.00450", "2012-01-31": "9.99680", "2011-10-31": "12.76710", "2011-07-31": "12.08340", "2011-04-30": "14.90590", "2011-01-31": "17.13710", "2010-10-31": "17.01040", "2010-07-31": "15.39390", "2010-04-30": "14.75510", "2010-01-31": "12.78050", "2009-10-31": "12.68130", "2009-07-31": "8.44970", "2009-04-30": "3.86000", "2009-01-31": "-12.20390", "2008-10-31": "7.19630", "2008-07-31": "4.45740", "2008-04-30": "11.00580", "2008-01-31": "11.95520", "2007-10-31": "10.11870", "2007-07-31": "3.56160", "2007-04-30": "9.41710", "2007-01-31": "9.93260", "2006-10-31": "14.83550", "2006-07-31": "9.10240", "2006-04-30": "14.54480", "2006-01-31": "15.54190", "2005-10-31": "15.37730", "2005-07-31": "14.17740", "2005-04-30": "15.49880", "2005-01-31": "16.43010"}, "EBITDA Margin": {"2020-10-31": "", "2020-07-31": "", "2020-04-30": "", "2020-01-31": "", "2019-10-31": "", "2019-07-31": "", "2019-04-30": "", "2019-01-31": "", "2018-10-31": "", "2018-07-31": "", "2018-04-30": "", "2018-01-31": "", "2017-10-31": "", "2017-07-31": "", "2017-04-30": "", "2017-01-31": "", "2016-10-31": "", "2016-07-31": "", "2016-04-30": "", "2016-01-31": "", "2015-10-31": "", "2015-07-31": "", "2015-04-30": "", "2015-01-31": "", "2014-10-31": "", "2014-07-31": "", "2014-04-30": "", "2014-01-31": "", "2013-10-31": "", "2013-07-31": "", "2013-04-30": "", "2013-01-31": "", "2012-10-31": "", "2012-07-31": "", "2012-04-30": "", "2012-01-31": "", "2011-10-31": "", "2011-07-31": "", "2011-04-30": "", "2011-01-31": "", "2010-10-31": "", "2010-07-31": "", "2010-04-30": "", "2010-01-31": "", "2009-10-31": "", "2009-07-31": "", "2009-04-30": "", "2009-01-31": "", "2008-10-31": "", "2008-07-31": "", "2008-04-30": "", "2008-01-31": "", "2007-10-31": "", "2007-07-31": "", "2007-04-30": "", "2007-01-31": "", "2006-10-31": "", "2006-07-31": "", "2006-04-30": "", "2006-01-31": "", "2005-10-31": "", "2005-07-31": "", "2005-04-30": "", "2005-01-31": ""}, "Pre-Tax Profit Margin": {"2020-10-31": "12.35880", "2020-07-31": "7.98160", "2020-04-30": "17.84440", "2020-01-31": "19.65810", "2019-10-31": "21.80890", "2019-07-31": "9.62780", "2019-04-30": "24.12060", "2019-01-31": "20.40950", "2018-10-31": "19.31440", "2018-07-31": "18.45320", "2018-04-30": "19.95130", "2018-01-31": "32.74850", "2017-10-31": "15.68910", "2017-07-31": "10.97650", "2017-04-30": "14.03990", "2017-01-31": "13.03420", "2016-10-31": "10.59700", "2016-07-31": "7.10970", "2016-04-30": "4.34780", "2016-01-31": "11.76050", "2015-10-31": "9.96540", "2015-07-31": "-1.64790", "2015-04-30": "10.64940", "2015-01-31": "12.89490", "2014-10-31": "12.24890", "2014-07-31": "10.74550", "2014-04-30": "13.76070", "2014-01-31": "14.26090", "2013-10-31": "12.40080", "2013-07-31": "6.08760", "2013-04-30": "11.00500", "2013-01-31": "10.78460", "2012-10-31": "8.28580", "2012-07-31": "5.13640", "2012-04-30": "12.59910", "2012-01-31": "9.38360", "2011-10-31": "12.20310", "2011-07-31": "11.45930", "2011-04-30": "14.56980", "2011-01-31": "16.49350", "2010-10-31": "16.17110", "2010-07-31": "14.82190", "2010-04-30": "13.98700", "2010-01-31": "11.65370", "2009-10-31": "11.64840", "2009-07-31": "7.06530", "2009-04-30": "2.81890", "2009-01-31": "-13.25100", "2008-10-31": "4.64270", "2008-07-31": "4.61320", "2008-04-30": "12.27230", "2008-01-31": "13.27880", "2007-10-31": "13.74610", "2007-07-31": "5.99710", "2007-04-30": "11.48500", "2007-01-31": "12.14960", "2006-10-31": "16.70300", "2006-07-31": "11.28560", "2006-04-30": "16.69180", "2006-01-31": "17.57010", "2005-10-31": "17.33190", "2005-07-31": "16.14200", "2005-04-30": "17.29290", "2005-01-31": "17.78020"}, "Net Profit Margin": {"2020-10-31": "9.67510", "2020-07-31": "5.90940", "2020-04-30": "13.99000", "2020-01-31": "19.72940", "2019-10-31": "17.72430", "2019-07-31": "8.33330", "2019-04-30": "24.87440", "2019-01-31": "15.93090", "2018-10-31": "15.88660", "2018-07-31": "19.19950", "2018-04-30": "17.63990", "2018-01-31": "-31.12410", "2017-10-31": "12.29680", "2017-07-31": "9.91670", "2017-04-30": "11.14940", "2017-01-31": "10.39890", "2016-10-31": "8.13430", "2016-07-31": "4.94590", "2016-04-30": "-0.57970", "2016-01-31": "11.03900", "2015-10-31": "7.88930", "2015-07-31": "-2.24720", "2015-04-30": "8.76620", "2015-01-31": "11.41200", "2014-10-31": "10.36940", "2014-07-31": "5.91000", "2014-04-30": "11.97770", "2014-01-31": "11.93170", "2013-10-31": "10.76200", "2013-07-31": "5.38190", "2013-04-30": "10.12530", "2013-01-31": "9.69880", "2012-10-31": "7.11130", "2012-07-31": "4.41640", "2012-04-30": "10.61380", "2012-01-31": "7.63970", "2011-10-31": "10.98870", "2011-07-31": "9.56660", "2011-04-30": "11.24410", "2011-01-31": "14.45410", "2010-10-31": "14.02080", "2010-07-31": "13.06230", "2010-04-30": "12.38270", "2010-01-31": "10.66520", "2009-10-31": "10.51650", "2009-07-31": "6.17020", "2009-04-30": "7.78120", "2009-01-31": "-10.93640", "2008-10-31": "4.72260", "2008-07-31": "3.99680", "2008-04-30": "9.57410", "2008-01-31": "11.51840", "2007-10-31": "10.57290", "2007-07-31": "4.98190", "2007-04-30": "11.18580", "2007-01-31": "9.12050", "2006-10-31": "13.32230", "2006-07-31": "8.79950", "2006-04-30": "9.90380", "2006-01-31": "14.22510", "2005-10-31": "14.63950", "2005-07-31": "13.40760", "2005-04-30": "14.03990", "2005-01-31": "14.56900"}, "Asset Turnover": {"2020-10-31": "0.16820", "2020-07-31": "0.15480", "2020-04-30": "0.18630", "2020-01-31": "0.18760", "2019-10-31": "0.18350", "2019-07-31": "0.15820", "2019-04-30": "0.18210", "2019-01-31": "0.18570", "2018-10-31": "0.17740", "2018-07-31": "0.16550", "2018-04-30": "0.16450", "2018-01-31": "0.15720", "2017-10-31": "0.13730", "2017-07-31": "0.13760", "2017-04-30": "0.15310", "2017-01-31": "0.15510", "2016-10-31": "0.15290", "2016-07-31": "0.14730", "2016-04-30": "0.13750", "2016-01-31": "0.15780", "2015-10-31": "0.16730", "2015-07-31": "0.15350", "2015-04-30": "0.16380", "2015-01-31": "0.16800", "2014-10-31": "0.16810", "2014-07-31": "0.15720", "2014-04-30": "0.17900", "2014-01-31": "0.17890", "2013-10-31": "0.16850", "2013-07-31": "0.16810", "2013-04-30": "0.15270", "2013-01-31": "0.15000", "2012-10-31": "0.16130", "2012-07-31": "0.15360", "2012-04-30": "0.17860", "2012-01-31": "0.17750", "2011-10-31": "0.17720", "2011-07-31": "0.17270", "2011-04-30": "0.16810", "2011-01-31": "0.16610", "2010-10-31": "0.17280", "2010-07-31": "0.17360", "2010-04-30": "0.18040", "2010-01-31": "0.16950", "2009-10-31": "0.16350", "2009-07-31": "0.15770", "2009-04-30": "0.16340", "2009-01-31": "0.14380", "2008-10-31": "0.17950", "2008-07-31": "0.17440", "2008-04-30": "0.23040", "2008-01-31": "0.23390", "2007-10-31": "0.22270", "2007-07-31": "0.19390", "2007-04-30": "0.21900", "2007-01-31": "0.20880", "2006-10-31": "0.19650", "2006-07-31": "0.19530", "2006-04-30": "0.18340", "2006-01-31": "0.19390", "2005-10-31": "0.18230", "2005-07-31": "0.18710", "2005-04-30": "0.19040", "2005-01-31": "0.18390"}, "Inventory Turnover Ratio": {"2020-10-31": "4.16380", "2020-07-31": "3.16910", "2020-04-30": "3.17240", "2020-01-31": "4.09730", "2019-10-31": "4.01800", "2019-07-31": "3.62070", "2019-04-30": "4.32060", "2019-01-31": "5.81000", "2018-10-31": "6.31400", "2018-07-31": "5.26800", "2018-04-30": "5.04100", "2018-01-31": "5.94900", "2017-10-31": "4.76850", "2017-07-31": "3.47550", "2017-04-30": "3.47240", "2017-01-31": "4.42400", "2016-10-31": "5.26800", "2016-07-31": "6.13580", "2016-04-30": "5.73470", "2016-01-31": "5.20590", "2015-10-31": "4.48800", "2015-07-31": "2.68910", "2015-04-30": "4.14380", "2015-01-31": "4.87270", "2014-10-31": "5.20450", "2014-07-31": "5.28790", "2014-04-30": "4.95920", "2014-01-31": "5.14130", "2013-10-31": "5.04490", "2013-07-31": "5.20690", "2013-04-30": "4.90540", "2013-01-31": "3.84730", "2012-10-31": "2.94230", "2012-07-31": "2.91850", "2012-04-30": "4.38080", "2012-01-31": "4.27180", "2011-10-31": "3.63750", "2011-07-31": "4.06150", "2011-04-30": "4.60920", "2011-01-31": "4.56170", "2010-10-31": "5.12990", "2010-07-31": "4.60070", "2010-04-30": "3.74930", "2010-01-31": "5.13820", "2009-10-31": "4.96070", "2009-07-31": "5.11560", "2009-04-30": "5.65910", "2009-01-31": "4.29810", "2008-10-31": "4.67280", "2008-07-31": "5.54730", "2008-04-30": "5.19590", "2008-01-31": "5.73530", "2007-10-31": "4.91610", "2007-07-31": "4.68880", "2007-04-30": "5.74310", "2007-01-31": "4.63890", "2006-10-31": "4.42450", "2006-07-31": "4.41340", "2006-04-30": "3.74080", "2006-01-31": "3.27770", "2005-10-31": "4.17060", "2005-07-31": "4.33570", "2005-04-30": "4.49000", "2005-01-31": "4.22290"}, "Receiveable Turnover": {"2020-10-31": "1.77890", "2020-07-31": "2.15730", "2020-04-30": "1.43990", "2020-01-31": "1.71010", "2019-10-31": "1.75770", "2019-07-31": "2.28040", "2019-04-30": "1.30920", "2019-01-31": "1.79240", "2018-10-31": "1.98300", "2018-07-31": "2.39290", "2018-04-30": "1.57020", "2018-01-31": "2.04110", "2017-10-31": "2.42290", "2017-07-31": "2.55020", "2017-04-30": "1.98770", "2017-01-31": "2.32070", "2016-10-31": "2.44970", "2016-07-31": "2.58280", "2016-04-30": "1.69740", "2016-01-31": "2.36920", "2015-10-31": "2.46170", "2015-07-31": "3.21690", "2015-04-30": "1.97690", "2015-01-31": "2.32780", "2014-10-31": "2.43880", "2014-07-31": "2.54360", "2014-04-30": "1.92650", "2014-01-31": "2.75540", "2013-10-31": "2.62520", "2013-07-31": "2.84310", "2013-04-30": "2.14320", "2013-01-31": "2.57190", "2012-10-31": "2.50600", "2012-07-31": "2.47280", "2012-04-30": "2.04900", "2012-01-31": "2.28410", "2011-10-31": "2.41040", "2011-07-31": "2.44250", "2011-04-30": "1.92340", "2011-01-31": "2.38150", "2010-10-31": "2.80120", "2010-07-31": "3.09720", "2010-04-30": "2.48530", "2010-01-31": "2.21120", "2009-10-31": "2.86130", "2009-07-31": "2.52640", "2009-04-30": "1.97010", "2009-01-31": "2.16680", "2008-10-31": "2.51610", "2008-07-31": "2.00870", "2008-04-30": "1.61100", "2008-01-31": "1.91020", "2007-10-31": "1.85160", "2007-07-31": "1.70960", "2007-04-30": "1.46140", "2007-01-31": "1.66190", "2006-10-31": "1.63270", "2006-07-31": "1.64830", "2006-04-30": "1.43980", "2006-01-31": "1.46130", "2005-10-31": "1.48240", "2005-07-31": "1.87600", "2005-04-30": "1.52190", "2005-01-31": "1.76110"}, "Days Sales In Receivables": {"2020-10-31": "50.59320", "2020-07-31": "41.71910", "2020-04-30": "62.50540", "2020-01-31": "52.62820", "2019-10-31": "51.20350", "2019-07-31": "39.46600", "2019-04-30": "68.74370", "2019-01-31": "50.21110", "2018-10-31": "45.38560", "2018-07-31": "37.61190", "2018-04-30": "57.31750", "2018-01-31": "44.09360", "2017-10-31": "37.14490", "2017-07-31": "35.29150", "2017-04-30": "45.27870", "2017-01-31": "38.78210", "2016-10-31": "36.73880", "2016-07-31": "34.84540", "2016-04-30": "53.02170", "2016-01-31": "37.98700", "2015-10-31": "36.56060", "2015-07-31": "27.97750", "2015-04-30": "45.52600", "2015-01-31": "38.66340", "2014-10-31": "36.90410", "2014-07-31": "35.38350", "2014-04-30": "46.71660", "2014-01-31": "32.66270", "2013-10-31": "34.28350", "2013-07-31": "31.65610", "2013-04-30": "41.99300", "2013-01-31": "34.99290", "2012-10-31": "35.91360", "2012-07-31": "36.39620", "2012-04-30": "43.92420", "2012-01-31": "39.40340", "2011-10-31": "37.33780", "2011-07-31": "36.84680", "2011-04-30": "46.79270", "2011-01-31": "37.79080", "2010-10-31": "32.12950", "2010-07-31": "29.05870", "2010-04-30": "36.21350", "2010-01-31": "40.70200", "2009-10-31": "31.45380", "2009-07-31": "35.62420", "2009-04-30": "45.68300", "2009-01-31": "41.53500", "2008-10-31": "35.76940", "2008-07-31": "44.80550", "2008-04-30": "55.86680", "2008-01-31": "47.11430", "2007-10-31": "48.60760", "2007-07-31": "52.64430", "2007-04-30": "61.58620", "2007-01-31": "54.15440", "2006-10-31": "55.12320", "2006-07-31": "54.60080", "2006-04-30": "62.50680", "2006-01-31": "61.58690", "2005-10-31": "60.71050", "2005-07-31": "47.97330", "2005-04-30": "59.13680", "2005-01-31": "51.10300"}, "ROE - Return On Equity": {"2020-10-31": "37.02700", "2020-07-31": "27.11270", "2020-04-30": "80.99170", "2020-01-31": "98.22700", "2019-10-31": "45.33580", "2019-07-31": "11.93510", "2019-04-30": "36.33030", "2019-01-31": "20.24390", "2018-10-31": "15.75160", "2018-07-31": "14.72430", "2018-04-30": "12.74170", "2018-01-31": "-22.01290", "2017-10-31": "6.26580", "2017-07-31": "4.73270", "2017-04-30": "5.82730", "2017-01-31": "5.41950", "2016-10-31": "3.90820", "2016-07-31": "2.29230", "2016-04-30": "-0.27770", "2016-01-31": "4.92120", "2015-10-31": "3.81650", "2015-07-31": "-1.00000", "2015-04-30": "3.95430", "2015-01-31": "5.04560", "2014-10-31": "4.62250", "2014-07-31": "2.29360", "2014-04-30": "5.21590", "2014-01-31": "4.90560", "2013-10-31": "4.04820", "2013-07-31": "2.03090", "2013-04-30": "3.68420", "2013-01-31": "3.41840", "2012-10-31": "2.48970", "2012-07-31": "1.45810", "2012-04-30": "4.20860", "2012-01-31": "2.95930", "2011-10-31": "4.35450", "2011-07-31": "3.64720", "2011-04-30": "4.30540", "2011-01-31": "5.30540", "2010-10-31": "5.46860", "2010-07-31": "5.28790", "2010-04-30": "5.73400", "2010-01-31": "4.63690", "2009-10-31": "4.54960", "2009-07-31": "2.65250", "2009-04-30": "3.83630", "2009-01-31": "-5.34390", "2008-10-31": "2.79650", "2008-07-31": "2.41800", "2008-04-30": "5.28020", "2008-01-31": "6.13190", "2007-10-31": "5.27500", "2007-07-31": "1.78180", "2007-04-30": "4.50570", "2007-01-31": "3.36800", "2006-10-31": "4.42950", "2006-07-31": "2.92220", "2006-04-30": "3.07890", "2006-01-31": "4.11770", "2005-10-31": "3.83580", "2005-07-31": "3.55570", "2005-04-30": "3.81960", "2005-01-31": "3.69210"}, "Return On Tangible Equity": {"2020-10-31": "-7.63660", "2020-07-31": "-4.06550", "2020-04-30": "-12.40510", "2020-01-31": "-18.09280", "2019-10-31": "-18.91050", "2019-07-31": "-10.62950", "2019-04-30": "-57.22540", "2019-01-31": "-43.83800", "2018-10-31": "-85.76510", "2018-07-31": "277.45100", "2018-04-30": "65.46280", "2018-01-31": "-144.71300", "2017-10-31": "18.95430", "2017-07-31": "13.89180", "2017-04-30": "16.78760", "2017-01-31": "16.72390", "2016-10-31": "11.41360", "2016-07-31": "6.75820", "2016-04-30": "-0.78050", "2016-01-31": "7.48170", "2015-10-31": "5.97170", "2015-07-31": "-1.57150", "2015-04-30": "5.87720", "2015-01-31": "7.46300", "2014-10-31": "6.72070", "2014-07-31": "3.20980", "2014-04-30": "7.37790", "2014-01-31": "6.88110", "2013-10-31": "5.59470", "2013-07-31": "2.84900", "2013-04-30": "4.89740", "2013-01-31": "4.57850", "2012-10-31": "3.31730", "2012-07-31": "1.95950", "2012-04-30": "5.73210", "2012-01-31": "4.15450", "2011-10-31": "6.32090", "2011-07-31": "5.32420", "2011-04-30": "5.50580", "2011-01-31": "6.80040", "2010-10-31": "7.21340", "2010-07-31": "7.28120", "2010-04-30": "7.95330", "2010-01-31": "6.67710", "2009-10-31": "6.89710", "2009-07-31": "4.21010", "2009-04-30": "6.47250", "2009-01-31": "-10.25620", "2008-10-31": "5.47880", "2008-07-31": "5.15010", "2008-04-30": "9.65180", "2008-01-31": "10.21180", "2007-10-31": "9.12930", "2007-07-31": "2.74700", "2007-04-30": "6.86770", "2007-01-31": "5.18200", "2006-10-31": "6.15870", "2006-07-31": "4.16240", "2006-04-30": "4.35170", "2006-01-31": "5.96020", "2005-10-31": "5.59130", "2005-07-31": "4.39090", "2005-04-30": "4.70750", "2005-01-31": "4.57820"}, "ROA - Return On Assets": {"2020-10-31": "1.62710", "2020-07-31": "0.91490", "2020-04-30": "2.60570", "2020-01-31": "3.70170", "2019-10-31": "3.25210", "2019-07-31": "1.31870", "2019-04-30": "4.53040", "2019-01-31": "2.95790", "2018-10-31": "2.81840", "2018-07-31": "3.17800", "2018-04-30": "2.90260", "2018-01-31": "-4.89420", "2017-10-31": "1.68800", "2017-07-31": "1.36470", "2017-04-30": "1.70650", "2017-01-31": "1.61240", "2016-10-31": "1.24400", "2016-07-31": "0.72830", "2016-04-30": "-0.07970", "2016-01-31": "1.74160", "2015-10-31": "1.32020", "2015-07-31": "-0.34490", "2015-04-30": "1.43600", "2015-01-31": "1.91670", "2014-10-31": "1.74340", "2014-07-31": "0.92900", "2014-04-30": "2.14350", "2014-01-31": "2.13430", "2013-10-31": "1.81360", "2013-07-31": "0.90490", "2013-04-30": "1.54590", "2013-01-31": "1.45500", "2012-10-31": "1.14720", "2012-07-31": "0.67830", "2012-04-30": "1.89570", "2012-01-31": "1.35580", "2011-10-31": "1.94730", "2011-07-31": "1.65170", "2011-04-30": "1.88970", "2011-01-31": "2.40100", "2010-10-31": "2.42340", "2010-07-31": "2.26760", "2010-04-30": "2.23420", "2010-01-31": "1.80780", "2009-10-31": "1.71980", "2009-07-31": "0.97270", "2009-04-30": "1.27120", "2009-01-31": "-1.57280", "2008-10-31": "0.84780", "2008-07-31": "0.69690", "2008-04-30": "2.20540", "2008-01-31": "2.69410", "2007-10-31": "2.35410", "2007-07-31": "0.96580", "2007-04-30": "2.44970", "2007-01-31": "1.90410", "2006-10-31": "2.61820", "2006-07-31": "1.71880", "2006-04-30": "1.81610", "2006-01-31": "2.75790", "2005-10-31": "2.66810", "2005-07-31": "2.50850", "2005-04-30": "2.67360", "2005-01-31": "2.67970"}, "ROI - Return On Investment": {"2020-10-31": "4.56510", "2020-07-31": "2.64240", "2020-04-30": "14.12100", "2020-01-31": "19.39780", "2019-10-31": "14.45570", "2019-07-31": "5.12950", "2019-04-30": "17.72610", "2019-01-31": "10.48860", "2018-10-31": "9.01270", "2018-07-31": "8.16970", "2018-04-30": "7.59760", "2018-01-31": "-12.89020", "2017-10-31": "4.03060", "2017-07-31": "3.72900", "2017-04-30": "4.59700", "2017-01-31": "4.24670", "2016-10-31": "2.54610", "2016-07-31": "1.49430", "2016-04-30": "-0.18300", "2016-01-31": "3.32680", "2015-10-31": "2.54690", "2015-07-31": "-0.66840", "2015-04-30": "2.75450", "2015-01-31": "3.53810", "2014-10-31": "3.22860", "2014-07-31": "1.65080", "2014-04-30": "4.13470", "2014-01-31": "3.91150", "2013-10-31": "3.26070", "2013-07-31": "1.62780", "2013-04-30": "3.04270", "2013-01-31": "2.81350", "2012-10-31": "2.48970", "2012-07-31": "1.45810", "2012-04-30": "4.14810", "2012-01-31": "2.28670", "2011-10-31": "3.32610", "2011-07-31": "3.55250", "2011-04-30": "4.17710", "2011-01-31": "4.00770", "2010-10-31": "4.04820", "2010-07-31": "3.80240", "2010-04-30": "3.99500", "2010-01-31": "3.03370", "2009-10-31": "2.88170", "2009-07-31": "1.63120", "2009-04-30": "2.27890", "2009-01-31": "-2.75930", "2008-10-31": "1.42390", "2008-07-31": "1.16620", "2008-04-30": "4.44690", "2008-01-31": "5.11640", "2007-10-31": "4.38080", "2007-07-31": "1.71910", "2007-04-30": "4.48430", "2007-01-31": "3.28960", "2006-10-31": "4.26110", "2006-07-31": "2.75480", "2006-04-30": "2.87250", "2006-01-31": "4.11010", "2005-10-31": "3.82870", "2005-07-31": "3.54860", "2005-04-30": "3.80930", "2005-01-31": "3.68190"}, "Book Value Per Share": {"2020-10-31": "1.66670", "2020-07-31": "1.27930", "2020-04-30": "1.10500", "2020-01-31": "1.27030", "2019-10-31": "2.34060", "2019-07-31": "3.61090", "2019-04-30": "4.54170", "2019-01-31": "4.97980", "2018-10-31": "6.02360", "2018-07-31": "7.39230", "2018-04-30": "8.65400", "2018-01-31": "8.11940", "2017-10-31": "10.40080", "2017-07-31": "10.25190", "2017-04-30": "10.33460", "2017-01-31": "9.94100", "2016-10-31": "10.10510", "2016-07-31": "10.04320", "2016-04-30": "10.25270", "2016-01-31": "10.68390", "2015-10-31": "10.22950", "2015-07-31": "10.10100", "2015-04-30": "11.15690", "2015-01-31": "11.25800", "2014-10-31": "11.05850", "2014-07-31": "11.78710", "2014-04-30": "11.66870", "2014-01-31": "11.75240", "2013-10-31": "12.05500", "2013-07-31": "11.75200", "2013-04-30": "13.22910", "2013-01-31": "12.84370", "2012-10-31": "12.29320", "2012-07-31": "12.04760", "2012-04-30": "11.77620", "2012-01-31": "11.16440", "2011-10-31": "10.60510", "2011-07-31": "10.36840", "2011-04-30": "10.10890", "2011-01-31": "9.55770", "2010-10-31": "8.87740", "2010-07-31": "7.98520", "2010-04-30": "7.28620", "2010-01-31": "6.75520", "2009-10-31": "6.22930", "2009-07-31": "5.79940", "2009-04-30": "5.36920", "2009-01-31": "4.62020", "2008-10-31": "4.69550", "2008-07-31": "4.39190", "2008-04-30": "4.97590", "2008-01-31": "6.41900", "2007-10-31": "4.57650", "2007-07-31": "5.30540", "2007-04-30": "5.41920", "2007-01-31": "5.33580", "2006-10-31": "5.28310", "2006-07-31": "5.03320", "2006-04-30": "5.11560", "2006-01-31": "4.98090", "2005-10-31": "4.95450", "2005-07-31": "4.59550", "2005-04-30": "4.52610", "2005-01-31": "4.44780"}, "Operating Cash Flow Per Share": {"2020-10-31": 0.7091, "2020-07-31": "1.08110", "2020-04-30": 1.5931, "2020-01-31": 1.8673, "2019-10-31": -0.1867, "2019-07-31": "1.27570", "2019-04-30": 1.4835, "2019-01-31": 1.8343, "2018-10-31": 0.6479, "2018-07-31": "1.21190", "2018-04-30": 1.6835, "2018-01-31": 1.6207, "2017-10-31": 1.1516, "2017-07-31": "0.89930", "2017-04-30": 1.2989, "2017-01-31": 0.8508, "2016-10-31": 0.5507, "2016-07-31": "0.80850", "2016-04-30": 1.1545, "2016-01-31": 1.1993, "2015-10-31": 0.5014, "2015-07-31": "0.42430", "2015-04-30": 1.1994, "2015-01-31": 0.9025, "2014-10-31": 1.1918, "2014-07-31": "0.65650", "2014-04-30": 1.0483, "2014-01-31": 0.9739, "2013-10-31": 1.063, "2013-07-31": "0.79410", "2013-04-30": 1.2151, "2013-01-31": 1.0159, "2012-10-31": 0.9186, "2012-07-31": "0.61750", "2012-04-30": 1.4511, "2012-01-31": 0.7303, "2011-10-31": 1.0312, "2011-07-31": "0.59330", "2011-04-30": 1.2347, "2011-01-31": 0.8239, "2010-10-31": 0.8873, "2010-07-31": "0.47370", "2010-04-30": 1.3717, "2010-01-31": 0.5154, "2009-10-31": 0.7607, "2009-07-31": "0.11270", "2009-04-30": 0.5494, "2009-01-31": 0.7354, "2008-10-31": 0.6392, "2008-07-31": "0.73350", "2008-04-30": 0.7656, "2008-01-31": 0.8557, "2007-10-31": 0.6407, "2007-07-31": "0.53200", "2007-04-30": 0.5454, "2007-01-31": 0.6409, "2006-10-31": 0.6186, "2006-07-31": "0.42050", "2006-04-30": 0.4447, "2006-01-31": 0.3561, "2005-10-31": 0.2668, "2005-07-31": "0.35960", "2005-04-30": 0.3217, "2005-01-31": 0.8931}, "Free Cash Flow Per Share": {"2020-10-31": 0.5324, "2020-07-31": "0.87390", "2020-04-30": 1.4903, "2020-01-31": 1.7313, "2019-10-31": 0.0636, "2019-07-31": "1.14400", "2019-04-30": 1.3568, "2019-01-31": 1.6984, "2018-10-31": 0.4805, "2018-07-31": "0.97400", "2018-04-30": 1.4973, "2018-01-31": 2.2788, "2017-10-31": 1.0447, "2017-07-31": "0.76980", "2017-04-30": 1.1637, "2017-01-31": 0.6872, "2016-10-31": 0.3543, "2016-07-31": "0.68090", "2016-04-30": 1.3815, "2016-01-31": 1.0608, "2015-10-31": 0.3426, "2015-07-31": "0.29930", "2015-04-30": 1.0895, "2015-01-31": 0.8047, "2014-10-31": 1.0306, "2014-07-31": "0.48020", "2014-04-30": 0.891, "2014-01-31": 0.8042, "2013-10-31": 0.9364, "2013-07-31": "0.61270", "2013-04-30": 1.0482, "2013-01-31": 0.7089, "2012-10-31": 0.7351, "2012-07-31": "0.45070", "2012-04-30": 1.1488, "2012-01-31": 0.4829, "2011-10-31": 0.764, "2011-07-31": "0.35090", "2011-04-30": 1.0379, "2011-01-31": 0.6683, "2010-10-31": 0.7815, "2010-07-31": "0.36630", "2010-04-30": 1.2575, "2010-01-31": 0.3815, "2009-10-31": 0.6978, "2009-07-31": "0.03980", "2009-04-30": 0.1546, "2009-01-31": 0.5766, "2008-10-31": 0.5519, "2008-07-31": "0.50890", "2008-04-30": 0.598, "2008-01-31": 0.6965, "2007-10-31": 0.5349, "2007-07-31": "0.44310", "2007-04-30": 0.4074, "2007-01-31": 0.5478, "2006-10-31": 0.4817, "2006-07-31": "0.36160", "2006-04-30": 0.3504, "2006-01-31": 0.2717, "2005-10-31": 0.1901, "2005-07-31": "0.27280", "2005-04-30": 0.2435, "2005-01-31": 0.7253}}, "revenue": {"NetApp Annual Revenue (Millions of US $)": {"2020": "$5,412", "2019": "$6,146", "2018": "$5,919", "2017": "$5,491", "2016": "$5,546", "2015": "$6,123", "2014": "$6,325", "2013": "$6,332", "2012": "$6,233", "2011": "$5,123", "2010": "$3,931", "2009": "$3,406", "2008": "$3,303", "2007": "$2,804", "2006": "$2,066", "2005": "$1,598"}, "NetApp Quarterly Revenue (Millions of US $)": {"2020-10-31": "$1,416", "2020-07-31": "$1,303", "2020-04-30": "$1,401", "2020-01-31": "$1,404", "2019-10-31": "$1,371", "2019-07-31": "$1,236", "2019-04-30": "$1,592", "2019-01-31": "$1,563", "2018-10-31": "$1,517", "2018-07-31": "$1,474", "2018-04-30": "$1,644", "2018-01-31": "$1,539", "2017-10-31": "$1,415", "2017-07-31": "$1,321", "2017-04-30": "$1,453", "2017-01-31": "$1,404", "2016-10-31": "$1,340", "2016-07-31": "$1,294", "2016-04-30": "$1,380", "2016-01-31": "$1,386", "2015-10-31": "$1,445", "2015-07-31": "$1,335", "2015-04-30": "$1,540", "2015-01-31": "$1,551", "2014-10-31": "$1,543", "2014-07-31": "$1,489", "2014-04-30": "$1,649", "2014-01-31": "$1,610", "2013-10-31": "$1,550", "2013-07-31": "$1,516", "2013-04-30": "$1,717", "2013-01-31": "$1,630", "2012-10-31": "$1,541", "2012-07-31": "$1,445", "2012-04-30": "$1,703", "2012-01-31": "$1,566", "2011-10-31": "$1,507", "2011-07-31": "$1,458", "2011-04-30": "$1,428", "2011-01-31": "$1,290", "2010-10-31": "$1,251", "2010-07-31": "$1,154", "2010-04-30": "$1,172", "2010-01-31": "$1,012", "2009-10-31": "$910", "2009-07-31": "$838", "2009-04-30": "$880", "2009-01-31": "$746", "2008-10-31": "$912", "2008-07-31": "$869", "2008-04-30": "$938", "2008-01-31": "$884", "2007-10-31": "$792", "2007-07-31": "$689", "2007-04-30": "$801", "2007-01-31": "$729", "2006-10-31": "$653", "2006-07-31": "$621", "2006-04-30": "$598", "2006-01-31": "$537", "2005-10-31": "$483", "2005-07-31": "$448", "2005-04-30": "$452", "2005-01-31": "$413"}}, "gross-profit": {"NetApp Annual Gross Profit (Millions of US $)": {"2020": "$3,623", "2019": "$3,945", "2018": "$3,709", "2017": "$3,364", "2016": "$3,373", "2015": "$3,833", "2014": "$3,919", "2013": "$3,761", "2012": "$3,713", "2011": "$3,329", "2010": "$2,519", "2009": "$1,990", "2008": "$2,013", "2007": "$1,705", "2006": "$1,256", "2005": "$975"}, "NetApp Quarterly Gross Profit (Millions of US $)": {"2020-10-31": "$933", "2020-07-31": "$872", "2020-04-30": "$941", "2020-01-31": "$941", "2019-10-31": "$925", "2019-07-31": "$816", "2019-04-30": "$1,026", "2019-01-31": "$982", "2018-10-31": "$974", "2018-07-31": "$963", "2018-04-30": "$1,029", "2018-01-31": "$956", "2017-10-31": "$900", "2017-07-31": "$824", "2017-04-30": "$887", "2017-01-31": "$851", "2016-10-31": "$829", "2016-07-31": "$797", "2016-04-30": "$818", "2016-01-31": "$855", "2015-10-31": "$884", "2015-07-31": "$816", "2015-04-30": "$935", "2015-01-31": "$977", "2014-10-31": "$983", "2014-07-31": "$938", "2014-04-30": "$1,042", "2014-01-31": "$1,002", "2013-10-31": "$965", "2013-07-31": "$910", "2013-04-30": "$1,032", "2013-01-31": "$965", "2012-10-31": "$914", "2012-07-31": "$850", "2012-04-30": "$995", "2012-01-31": "$909", "2011-10-31": "$913", "2011-07-31": "$897", "2011-04-30": "$928", "2011-01-31": "$846", "2010-10-31": "$817", "2010-07-31": "$738", "2010-04-30": "$749", "2010-01-31": "$642", "2009-10-31": "$607", "2009-07-31": "$523", "2009-04-30": "$534", "2009-01-31": "$393", "2008-10-31": "$546", "2008-07-31": "$517", "2008-04-30": "$573", "2008-01-31": "$539", "2007-10-31": "$484", "2007-07-31": "$417", "2007-04-30": "$486", "2007-01-31": "$444", "2006-10-31": "$401", "2006-07-31": "$373", "2006-04-30": "$357", "2006-01-31": "$327", "2005-10-31": "$299", "2005-07-31": "$273", "2005-04-30": "$277", "2005-01-31": "$252"}}, "operating-income": {"NetApp Annual Operating Income (Millions of US $)": {"2020": "$945", "2019": "$1,221", "2018": "$1,158", "2017": "$621", "2016": "$348", "2015": "$716", "2014": "$734", "2013": "$608", "2012": "$747", "2011": "$824", "2010": "$488", "2009": "$47", "2008": "$314", "2007": "$301", "2006": "$308", "2005": "$253"}, "NetApp Quarterly Operating Income (Millions of US $)": {"2020-10-31": "$182", "2020-07-31": "$136", "2020-04-30": "$277", "2020-01-31": "$268", "2019-10-31": "$296", "2019-07-31": "$104", "2019-04-30": "$370", "2019-01-31": "$311", "2018-10-31": "$286", "2018-07-31": "$254", "2018-04-30": "$312", "2018-01-31": "$490", "2017-10-31": "$216", "2017-07-31": "$140", "2017-04-30": "$203", "2017-01-31": "$183", "2016-10-31": "$142", "2016-07-31": "$93", "2016-04-30": "$64", "2016-01-31": "$165", "2015-10-31": "$145", "2015-07-31": "$-26", "2015-04-30": "$161", "2015-01-31": "$202", "2014-10-31": "$193", "2014-07-31": "$160", "2014-04-30": "$224", "2014-01-31": "$227", "2013-10-31": "$187", "2013-07-31": "$97", "2013-04-30": "$204", "2013-01-31": "$188", "2012-10-31": "$135", "2012-07-31": "$80", "2012-04-30": "$221", "2012-01-31": "$157", "2011-10-31": "$192", "2011-07-31": "$176", "2011-04-30": "$213", "2011-01-31": "$221", "2010-10-31": "$213", "2010-07-31": "$178", "2010-04-30": "$173", "2010-01-31": "$129", "2009-10-31": "$115", "2009-07-31": "$71", "2009-04-30": "$34", "2009-01-31": "$-91", "2008-10-31": "$66", "2008-07-31": "$39", "2008-04-30": "$103", "2008-01-31": "$106", "2007-10-31": "$80", "2007-07-31": "$25", "2007-04-30": "$75", "2007-01-31": "$72", "2006-10-31": "$97", "2006-07-31": "$57", "2006-04-30": "$87", "2006-01-31": "$83", "2005-10-31": "$74", "2005-07-31": "$64", "2005-04-30": "$70", "2005-01-31": "$68"}}, "ebitda": {"NetApp Annual EBITDA (Millions of US $)": {"2020": "$1,138", "2019": "$1,418", "2018": "$1,356", "2017": "$847", "2016": "$627", "2015": "$1,023", "2014": "$1,068", "2013": "$1,013", "2012": "$1,093", "2011": "$1,043", "2010": "$705", "2009": "$259", "2008": "$462", "2007": "$412", "2006": "$390", "2005": "$319"}, "NetApp Quarterly EBITDA (Millions of US $)": {"2020-10-31": "$238", "2020-07-31": "$185", "2020-04-30": "$324", "2020-01-31": "$315", "2019-10-31": "$346", "2019-07-31": "$153", "2019-04-30": "$418", "2019-01-31": "$362", "2018-10-31": "$335", "2018-07-31": "$303", "2018-04-30": "$360", "2018-01-31": "$538", "2017-10-31": "$267", "2017-07-31": "$191", "2017-04-30": "$256", "2017-01-31": "$239", "2016-10-31": "$199", "2016-07-31": "$153", "2016-04-30": "$141", "2016-01-31": "$231", "2015-10-31": "$212", "2015-07-31": "$43", "2015-04-30": "$233", "2015-01-31": "$282", "2014-10-31": "$270", "2014-07-31": "$238", "2014-04-30": "$306", "2014-01-31": "$310", "2013-10-31": "$261", "2013-07-31": "$191", "2013-04-30": "$310", "2013-01-31": "$290", "2012-10-31": "$236", "2012-07-31": "$177", "2012-04-30": "$318", "2012-01-31": "$244", "2011-10-31": "$272", "2011-07-31": "$258", "2011-04-30": "$269", "2011-01-31": "$275", "2010-10-31": "$267", "2010-07-31": "$231", "2010-04-30": "$226", "2010-01-31": "$183", "2009-10-31": "$170", "2009-07-31": "$127", "2009-04-30": "$87", "2009-01-31": "$-35", "2008-10-31": "$122", "2008-07-31": "$85", "2008-04-30": "$147", "2008-01-31": "$141", "2007-10-31": "$115", "2007-07-31": "$58", "2007-04-30": "$108", "2007-01-31": "$101", "2006-10-31": "$123", "2006-07-31": "$80", "2006-04-30": "$110", "2006-01-31": "$105", "2005-10-31": "$94", "2005-07-31": "$81", "2005-04-30": "$87", "2005-01-31": "$84"}}, "net-income": {"NetApp Annual Net Income (Millions of US $)": {"2020": "$819", "2019": "$1,169", "2018": "$116", "2017": "$481", "2016": "$229", "2015": "$560", "2014": "$638", "2013": "$505", "2012": "$605", "2011": "$673", "2010": "$400", "2009": "$65", "2008": "$310", "2007": "$298", "2006": "$266", "2005": "$226"}, "NetApp Quarterly Net Income (Millions of US $)": {"2020-10-31": "$137", "2020-07-31": "$77", "2020-04-30": "$196", "2020-01-31": "$277", "2019-10-31": "$243", "2019-07-31": "$103", "2019-04-30": "$396", "2019-01-31": "$249", "2018-10-31": "$241", "2018-07-31": "$283", "2018-04-30": "$290", "2018-01-31": "$-479", "2017-10-31": "$174", "2017-07-31": "$131", "2017-04-30": "$162", "2017-01-31": "$146", "2016-10-31": "$109", "2016-07-31": "$64", "2016-04-30": "$-8", "2016-01-31": "$153", "2015-10-31": "$114", "2015-07-31": "$-30", "2015-04-30": "$135", "2015-01-31": "$177", "2014-10-31": "$160", "2014-07-31": "$88", "2014-04-30": "$198", "2014-01-31": "$192", "2013-10-31": "$167", "2013-07-31": "$82", "2013-04-30": "$174", "2013-01-31": "$158", "2012-10-31": "$110", "2012-07-31": "$64", "2012-04-30": "$181", "2012-01-31": "$120", "2011-10-31": "$166", "2011-07-31": "$140", "2011-04-30": "$161", "2011-01-31": "$186", "2010-10-31": "$175", "2010-07-31": "$151", "2010-04-30": "$145", "2010-01-31": "$108", "2009-10-31": "$96", "2009-07-31": "$52", "2009-04-30": "$68", "2009-01-31": "$-82", "2008-10-31": "$43", "2008-07-31": "$35", "2008-04-30": "$90", "2008-01-31": "$102", "2007-10-31": "$84", "2007-07-31": "$34", "2007-04-30": "$90", "2007-01-31": "$67", "2006-10-31": "$87", "2006-07-31": "$55", "2006-04-30": "$59", "2006-01-31": "$76", "2005-10-31": "$71", "2005-07-31": "$60", "2005-04-30": "$63", "2005-01-31": "$60"}}, "eps-earnings-per-share-diluted": {"NetApp Annual EPS": {"2020": "$3.52", "2019": "$4.51", "2018": "$0.42", "2017": "$1.71", "2016": "$0.77", "2015": "$1.75", "2014": "$1.83", "2013": "$1.37", "2012": "$1.58", "2011": "$1.71", "2010": "$1.13", "2009": "$0.19", "2008": "$0.86", "2007": "$0.77", "2006": "$0.69", "2005": "$0.59"}, "NetApp Quarterly EPS": {"2020-10-31": "$0.61", "2020-07-31": "$0.35", "2020-04-30": "$0.86", "2020-01-31": "$1.21", "2019-10-31": "$1.03", "2019-07-31": "$0.42", "2019-04-30": "$1.57", "2019-01-31": "$0.98", "2018-10-31": "$0.91", "2018-07-31": "$1.05", "2018-04-30": "$1.11", "2018-01-31": "$-1.79", "2017-10-31": "$0.63", "2017-07-31": "$0.47", "2017-04-30": "$0.58", "2017-01-31": "$0.52", "2016-10-31": "$0.38", "2016-07-31": "$0.23", "2016-04-30": "$-0.04", "2016-01-31": "$0.52", "2015-10-31": "$0.39", "2015-07-31": "$-0.10", "2015-04-30": "$0.43", "2015-01-31": "$0.56", "2014-10-31": "$0.49", "2014-07-31": "$0.27", "2014-04-30": "$0.57", "2014-01-31": "$0.55", "2013-10-31": "$0.48", "2013-07-31": "$0.23", "2013-04-30": "$0.47", "2013-01-31": "$0.43", "2012-10-31": "$0.30", "2012-07-31": "$0.17", "2012-04-30": "$0.48", "2012-01-31": "$0.32", "2011-10-31": "$0.44", "2011-07-31": "$0.34", "2011-04-30": "$0.40", "2011-01-31": "$0.46", "2010-10-31": "$0.45", "2010-07-31": "$0.40", "2010-04-30": "$0.41", "2010-01-31": "$0.30", "2009-10-31": "$0.27", "2009-07-31": "$0.15", "2009-04-30": "$0.21", "2009-01-31": "$-0.25", "2008-10-31": "$0.13", "2008-07-31": "$0.10", "2008-04-30": "$0.25", "2008-01-31": "$0.29", "2007-10-31": "$0.23", "2007-07-31": "$0.09", "2007-04-30": "$0.24", "2007-01-31": "$0.17", "2006-10-31": "$0.22", "2006-07-31": "$0.14", "2006-04-30": "$0.15", "2006-01-31": "$0.20", "2005-10-31": "$0.18", "2005-07-31": "$0.16", "2005-04-30": "$0.15", "2005-01-31": "$0.16"}}, "shares-outstanding": {"NetApp Annual Shares Outstanding (Millions of Shares)": {"2020": "233", "2019": "259", "2018": "276", "2017": "281", "2016": "297", "2015": "321", "2014": "348", "2013": "368", "2012": "384", "2011": "394", "2010": "353", "2009": "335", "2008": "361", "2007": "388", "2006": "388", "2005": "380"}, "NetApp Quarterly Shares Outstanding (Millions of Shares)": {"2020-10-31": "224", "2020-07-31": "222", "2020-04-30": "233", "2020-01-31": "229", "2019-10-31": "236", "2019-07-31": "243", "2019-04-30": "259", "2019-01-31": "255", "2018-10-31": "264", "2018-07-31": "269", "2018-04-30": "276", "2018-01-31": "268", "2017-10-31": "275", "2017-07-31": "278", "2017-04-30": "281", "2017-01-31": "281", "2016-10-31": "284", "2016-07-31": "282", "2016-04-30": "297", "2016-01-31": "296", "2015-10-31": "296", "2015-07-31": "304", "2015-04-30": "321", "2015-01-31": "317", "2014-10-31": "323", "2014-07-31": "329", "2014-04-30": "348", "2014-01-31": "346", "2013-10-31": "349", "2013-07-31": "360", "2013-04-30": "368", "2013-01-31": "365", "2012-10-31": "368", "2012-07-31": "371", "2012-04-30": "384", "2012-01-31": "374", "2011-10-31": "376", "2011-07-31": "406", "2011-04-30": "394", "2011-01-31": "406", "2010-10-31": "392", "2010-07-31": "374", "2010-04-30": "353", "2010-01-31": "360", "2009-10-31": "350", "2009-07-31": "339", "2009-04-30": "335", "2009-01-31": "329", "2008-10-31": "333", "2008-07-31": "341", "2008-04-30": "361", "2008-01-31": "353", "2007-10-31": "365", "2007-07-31": "378", "2007-04-30": "388", "2007-01-31": "389", "2006-10-31": "388", "2006-07-31": "391", "2006-04-30": "388", "2006-01-31": "389", "2005-10-31": "385", "2005-07-31": "386", "2005-04-30": "380", "2005-01-31": "386"}}, "total-assets": {"NetApp Annual Total Assets (Millions of US $)": {"2020": "$7,522", "2019": "$8,741", "2018": "$9,991", "2017": "$9,493", "2016": "$10,037", "2015": "$9,401", "2014": "$9,214", "2013": "$11,242", "2012": "$9,532", "2011": "$8,499", "2010": "$6,494", "2009": "$5,384", "2008": "$4,071", "2007": "$3,658", "2006": "$3,261", "2005": "$2,373"}, "NetApp Quarterly Total Assets (Millions of US $)": {"2020-10-31": "$8,420", "2020-07-31": "$8,416", "2020-04-30": "$7,522", "2020-01-31": "$7,483", "2019-10-31": "$7,472", "2019-07-31": "$7,811", "2019-04-30": "$8,741", "2019-01-31": "$8,418", "2018-10-31": "$8,551", "2018-07-31": "$8,905", "2018-04-30": "$9,991", "2018-01-31": "$9,787", "2017-10-31": "$10,308", "2017-07-31": "$9,599", "2017-04-30": "$9,493", "2017-01-31": "$9,055", "2016-10-31": "$8,762", "2016-07-31": "$8,787", "2016-04-30": "$10,037", "2016-01-31": "$8,785", "2015-10-31": "$8,635", "2015-07-31": "$8,697", "2015-04-30": "$9,401", "2015-01-31": "$9,235", "2014-10-31": "$9,178", "2014-07-31": "$9,472", "2014-04-30": "$9,214", "2014-01-31": "$9,001", "2013-10-31": "$9,197", "2013-07-31": "$9,018", "2013-04-30": "$11,242", "2013-01-31": "$10,866", "2012-10-31": "$9,554", "2012-07-31": "$9,406", "2012-04-30": "$9,532", "2012-01-31": "$8,822", "2011-10-31": "$8,504", "2011-07-31": "$8,446", "2011-04-30": "$8,499", "2011-01-31": "$7,763", "2010-10-31": "$7,238", "2010-07-31": "$6,646", "2010-04-30": "$6,494", "2010-01-31": "$5,969", "2009-10-31": "$5,565", "2009-07-31": "$5,315", "2009-04-30": "$5,384", "2009-01-31": "$5,190", "2008-10-31": "$5,078", "2008-07-31": "$4,983", "2008-04-30": "$4,071", "2008-01-31": "$3,779", "2007-10-31": "$3,558", "2007-07-31": "$3,555", "2007-04-30": "$3,658", "2007-01-31": "$3,493", "2006-10-31": "$3,320", "2006-07-31": "$3,181", "2006-04-30": "$3,261", "2006-01-31": "$2,770", "2005-10-31": "$2,650", "2005-07-31": "$2,397", "2005-04-30": "$2,373", "2005-01-31": "$2,244"}}, "cash-on-hand": {"NetApp Annual Cash on Hand (Millions of US $)": {"2020": "$2,882", "2019": "$3,899", "2018": "$5,391", "2017": "$4,921", "2016": "$5,303", "2015": "$5,326", "2014": "$5,003", "2013": "$6,953", "2012": "$5,399", "2011": "$5,175", "2010": "$3,724", "2009": "$2,604", "2008": "$1,164", "2007": "$1,427", "2006": "$1,461", "2005": "$1,172"}, "NetApp Quarterly Cash on Hand (Millions of US $)": {"2020-10-31": "$3,646", "2020-07-31": "$3,773", "2020-04-30": "$2,882", "2020-01-31": "$3,008", "2019-10-31": "$2,987", "2019-07-31": "$3,532", "2019-04-30": "$3,899", "2019-01-31": "$4,049", "2018-10-31": "$4,299", "2018-07-31": "$4,811", "2018-04-30": "$5,391", "2018-01-31": "$5,619", "2017-10-31": "$5,965", "2017-07-31": "$5,321", "2017-04-30": "$4,921", "2017-01-31": "$4,639", "2016-10-31": "$4,357", "2016-07-31": "$4,421", "2016-04-30": "$5,303", "2016-01-31": "$5,023", "2015-10-31": "$4,814", "2015-07-31": "$4,950", "2015-04-30": "$5,326", "2015-01-31": "$5,253", "2014-10-31": "$5,269", "2014-07-31": "$5,564", "2014-04-30": "$5,003", "2014-01-31": "$5,069", "2013-10-31": "$5,273", "2013-07-31": "$5,084", "2013-04-30": "$6,953", "2013-01-31": "$6,724", "2012-10-31": "$5,571", "2012-07-31": "$5,441", "2012-04-30": "$5,399", "2012-01-31": "$4,866", "2011-10-31": "$4,642", "2011-07-31": "$4,714", "2011-04-30": "$5,175", "2011-01-31": "$4,756", "2010-10-31": "$4,382", "2010-07-31": "$3,921", "2010-04-30": "$3,724", "2010-01-31": "$3,233", "2009-10-31": "$2,956", "2009-07-31": "$2,663", "2009-04-30": "$2,604", "2009-01-31": "$2,463", "2008-10-31": "$2,301", "2008-07-31": "$2,125", "2008-04-30": "$1,164", "2008-01-31": "$1,193", "2007-10-31": "$1,067", "2007-07-31": "$1,434", "2007-04-30": "$1,427", "2007-01-31": "$1,421", "2006-10-31": "$1,504", "2006-07-31": "$1,408", "2006-04-30": "$1,461", "2006-01-31": "$1,141", "2005-10-31": "$1,110", "2005-07-31": "$1,215", "2005-04-30": "$1,172", "2005-01-31": "$1,106"}}, "long-term-debt": {"NetApp Annual Long Term Debt (Millions of US $)": {"2020": "$1,146", "2019": "$1,144", "2018": "$1,541", "2017": "$744", "2016": "$1,490", "2015": "$1,487", "2014": "$990", "2013": "$995", "2012": "$63", "2011": "$115", "2010": "$1,102", "2009": "$1,219", "2008": "$319", "2007": "$9", "2006": "$138", "2005": "$4"}, "NetApp Quarterly Long Term Debt (Millions of US $)": {"2020-10-31": "$2,631", "2020-07-31": "$2,630", "2020-04-30": "$1,146", "2020-01-31": "$1,146", "2019-10-31": "$1,145", "2019-07-31": "$1,145", "2019-04-30": "$1,144", "2019-01-31": "$1,144", "2018-10-31": "$1,144", "2018-07-31": "$1,542", "2018-04-30": "$1,541", "2018-01-31": "$1,540", "2017-10-31": "$1,540", "2017-07-31": "$745", "2017-04-30": "$744", "2017-01-31": "$744", "2016-10-31": "$1,492", "2016-07-31": "$1,491", "2016-04-30": "$1,490", "2016-01-31": "$1,490", "2015-10-31": "$1,489", "2015-07-31": "$1,488", "2015-04-30": "$1,487", "2015-01-31": "$1,495", "2014-10-31": "$1,494", "2014-07-31": "$1,494", "2014-04-30": "$990", "2014-01-31": "$995", "2013-10-31": "$995", "2013-07-31": "$995", "2013-04-30": "$995", "2013-01-31": "$994", "2012-10-31": "", "2012-07-31": "", "2012-04-30": "$63", "2012-01-31": "$1,189", "2011-10-31": "$1,176", "2011-07-31": "$102", "2011-04-30": "$115", "2011-01-31": "$1,138", "2010-10-31": "$1,125", "2010-07-31": "$1,113", "2010-04-30": "$1,102", "2010-01-31": "$1,230", "2009-10-31": "$1,217", "2009-07-31": "$1,220", "2009-04-30": "$1,219", "2009-01-31": "$1,431", "2008-10-31": "$1,484", "2008-07-31": "$1,541", "2008-04-30": "$319", "2008-01-31": "$330", "2007-10-31": "$324", "2007-07-31": "$70", "2007-04-30": "$9", "2007-01-31": "$47", "2006-10-31": "$78", "2006-07-31": "$114", "2006-04-30": "$138", "2006-01-31": "$3", "2005-10-31": "$3", "2005-07-31": "$3", "2005-04-30": "$4", "2005-01-31": "$5"}}, "total-liabilities": {"NetApp Annual Total Liabilities (Millions of US $)": {"2020": "$7,280", "2019": "$7,651", "2018": "$7,715", "2017": "$6,713", "2016": "$7,156", "2015": "$5,987", "2014": "$5,427", "2013": "$6,525", "2012": "$5,239", "2011": "$4,769", "2010": "$3,964", "2009": "$3,600", "2008": "$2,371", "2007": "$1,669", "2006": "$1,338", "2005": "$712"}, "NetApp Quarterly Total Liabilities (Millions of US $)": {"2020-10-31": "$8,050", "2020-07-31": "$8,132", "2020-04-30": "$7,280", "2020-01-31": "$7,201", "2019-10-31": "$6,936", "2019-07-31": "$6,948", "2019-04-30": "$7,651", "2019-01-31": "$7,188", "2018-10-31": "$7,021", "2018-07-31": "$6,983", "2018-04-30": "$7,715", "2018-01-31": "$7,611", "2017-10-31": "$7,531", "2017-07-31": "$6,831", "2017-04-30": "$6,713", "2017-01-31": "$6,361", "2016-10-31": "$5,973", "2016-07-31": "$5,995", "2016-04-30": "$7,156", "2016-01-31": "$5,676", "2015-10-31": "$5,648", "2015-07-31": "$5,697", "2015-04-30": "$5,987", "2015-01-31": "$5,727", "2014-10-31": "$5,716", "2014-07-31": "$5,636", "2014-04-30": "$5,427", "2014-01-31": "$5,085", "2013-10-31": "$5,077", "2013-07-31": "$5,000", "2013-04-30": "$6,525", "2013-01-31": "$6,241", "2012-10-31": "$5,152", "2012-07-31": "$5,030", "2012-04-30": "$5,239", "2012-01-31": "$4,780", "2011-10-31": "$4,701", "2011-07-31": "$4,621", "2011-04-30": "$4,769", "2011-01-31": "$4,250", "2010-10-31": "$4,030", "2010-07-31": "$3,796", "2010-04-30": "$3,964", "2010-01-31": "$3,642", "2009-10-31": "$3,461", "2009-07-31": "$3,366", "2009-04-30": "$3,600", "2009-01-31": "$3,662", "2008-10-31": "$3,539", "2008-07-31": "$3,547", "2008-04-30": "$2,371", "2008-01-31": "$2,119", "2007-10-31": "$1,970", "2007-07-31": "$1,628", "2007-04-30": "$1,669", "2007-01-31": "$1,518", "2006-10-31": "$1,358", "2006-07-31": "$1,310", "2006-04-30": "$1,338", "2006-01-31": "$915", "2005-10-31": "$807", "2005-07-31": "$706", "2005-04-30": "$712", "2005-01-31": "$615"}}, "total-share-holder-equity": {"NetApp Annual Share Holder Equity (Millions of US $)": {"2020": "$242", "2019": "$1,090", "2018": "$2,276", "2017": "$2,780", "2016": "$2,881", "2015": "$3,414", "2014": "$3,787", "2013": "$4,718", "2012": "$4,294", "2011": "$3,730", "2010": "$2,531", "2009": "$1,784", "2008": "$1,700", "2007": "$1,989", "2006": "$1,923", "2005": "$1,661"}, "NetApp Quarterly Share Holder Equity (Millions of US $)": {"2020-10-31": "$370", "2020-07-31": "$284", "2020-04-30": "$242", "2020-01-31": "$282", "2019-10-31": "$536", "2019-07-31": "$863", "2019-04-30": "$1,090", "2019-01-31": "$1,230", "2018-10-31": "$1,530", "2018-07-31": "$1,922", "2018-04-30": "$2,276", "2018-01-31": "$2,176", "2017-10-31": "$2,777", "2017-07-31": "$2,768", "2017-04-30": "$2,780", "2017-01-31": "$2,694", "2016-10-31": "$2,789", "2016-07-31": "$2,792", "2016-04-30": "$2,881", "2016-01-31": "$3,109", "2015-10-31": "$2,987", "2015-07-31": "$3,000", "2015-04-30": "$3,414", "2015-01-31": "$3,508", "2014-10-31": "$3,461", "2014-07-31": "$3,837", "2014-04-30": "$3,787", "2014-01-31": "$3,916", "2013-10-31": "$4,120", "2013-07-31": "$4,018", "2013-04-30": "$4,718", "2013-01-31": "$4,625", "2012-10-31": "$4,402", "2012-07-31": "$4,376", "2012-04-30": "$4,294", "2012-01-31": "$4,042", "2011-10-31": "$3,803", "2011-07-31": "$3,825", "2011-04-30": "$3,730", "2011-01-31": "$3,513", "2010-10-31": "$3,207", "2010-07-31": "$2,850", "2010-04-30": "$2,531", "2010-01-31": "$2,327", "2009-10-31": "$2,103", "2009-07-31": "$1,949", "2009-04-30": "$1,784", "2009-01-31": "$1,527", "2008-10-31": "$1,540", "2008-07-31": "$1,436", "2008-04-30": "$1,700", "2008-01-31": "$1,661", "2007-10-31": "$1,588", "2007-07-31": "$1,927", "2007-04-30": "$1,989", "2007-01-31": "$1,975", "2006-10-31": "$1,963", "2006-07-31": "$1,871", "2006-04-30": "$1,923", "2006-01-31": "$1,855", "2005-10-31": "$1,844", "2005-07-31": "$1,691", "2005-04-30": "$1,661", "2005-01-31": "$1,629"}}, "profit-margins": {"current": "12.44%"}, "gross margin": {"2020-10-31": "66.75%", "2020-07-31": "67.15%", "2020-04-30": "66.94%", "2020-01-31": "66.18%", "2019-10-31": "65.06%", "2019-07-31": "64.29%", "2019-04-30": "64.19%", "2019-01-31": "63.70%", "2018-10-31": "63.52%", "2018-07-31": "63.37%", "2018-04-30": "62.66%", "2018-01-31": "62.27%", "2017-10-31": "61.90%", "2017-07-31": "61.45%", "2017-04-30": "61.26%", "2017-01-31": "60.82%", "2016-10-31": "61.09%", "2016-07-31": "60.93%", "2016-04-30": "60.82%", "2016-01-31": "61.16%", "2015-10-31": "61.52%", "2015-07-31": "62.17%", "2015-04-30": "62.60%", "2015-01-31": "63.22%", "2014-10-31": "63.03%", "2014-07-31": "62.67%", "2014-04-30": "61.96%", "2014-01-31": "61.15%", "2013-10-31": "60.38%", "2013-07-31": "59.67%", "2013-04-30": "59.39%", "2013-01-31": "58.93%", "2012-10-31": "58.64%", "2012-07-31": "58.95%", "2012-04-30": "59.58%", "2012-01-31": "61.20%", "2011-10-31": "63.07%", "2011-07-31": "64.27%", "2011-04-30": "64.98%", "2011-01-31": "64.70%", "2010-10-31": "64.18%", "2010-07-31": "64.38%", "2010-04-30": "64.09%", "2010-01-31": "63.35%", "2009-10-31": "60.97%", "2009-07-31": "59.12%", "2009-04-30": "58.41%", "2009-01-31": "58.56%", "2008-10-31": "60.37%", "2008-07-31": "60.67%", "2008-04-30": "60.94%", "2008-01-31": "60.83%", "2007-10-31": "60.81%", "2007-07-31": "60.86%", "2007-04-30": "60.77%", "2007-01-31": "60.55%", "2006-10-31": "60.52%", "2006-07-31": "60.56%", "2006-04-30": "60.79%", "2006-01-31": "61.25%", "2005-10-31": "61.30%"}, "operating margin": {"2020-10-31": "15.62%", "2020-07-31": "17.83%", "2020-04-30": "17.46%", "2020-01-31": "18.53%", "2019-10-31": "18.76%", "2019-07-31": "18.13%", "2019-04-30": "19.87%", "2019-01-31": "18.76%", "2018-10-31": "21.74%", "2018-07-31": "20.95%", "2018-04-30": "19.56%", "2018-01-31": "18.31%", "2017-10-31": "13.27%", "2017-07-31": "12.11%", "2017-04-30": "11.31%", "2017-01-31": "8.90%", "2016-10-31": "8.59%", "2016-07-31": "8.48%", "2016-04-30": "6.27%", "2016-01-31": "7.80%", "2015-10-31": "8.21%", "2015-07-31": "8.88%", "2015-04-30": "11.69%", "2015-01-31": "12.48%", "2014-10-31": "12.76%", "2014-07-31": "12.65%", "2014-04-30": "11.60%", "2014-01-31": "11.18%", "2013-10-31": "10.54%", "2013-07-31": "9.74%", "2013-04-30": "9.58%", "2013-01-31": "9.87%", "2012-10-31": "9.48%", "2012-07-31": "10.45%", "2012-04-30": "11.97%", "2012-01-31": "12.38%", "2011-10-31": "14.11%", "2011-07-31": "15.16%", "2011-04-30": "16.10%", "2011-01-31": "16.13%", "2010-10-31": "15.10%", "2010-07-31": "14.01%", "2010-04-30": "12.41%", "2010-01-31": "9.59%", "2009-10-31": "3.82%", "2009-07-31": "2.37%", "2009-04-30": "1.41%", "2009-01-31": "3.38%", "2008-10-31": "8.71%", "2008-07-31": "9.42%", "2008-04-30": "9.51%", "2008-01-31": "9.03%", "2007-10-31": "8.37%", "2007-07-31": "9.37%", "2007-04-30": "10.73%", "2007-01-31": "12.03%", "2006-10-31": "13.45%", "2006-07-31": "13.44%", "2006-04-30": "14.91%", "2006-01-31": "15.16%", "2005-10-31": "15.37%"}, "ebitda margin": {"2020-10-31": "19.23%", "2020-07-31": "21.35%", "2020-04-30": "21.03%", "2020-01-31": "21.99%", "2019-10-31": "22.20%", "2019-07-31": "21.46%", "2019-04-30": "23.07%", "2019-01-31": "21.94%", "2018-10-31": "24.88%", "2018-07-31": "24.18%", "2018-04-30": "22.91%", "2018-01-31": "21.86%", "2017-10-31": "17.04%", "2017-07-31": "16.04%", "2017-04-30": "15.43%", "2017-01-31": "13.51%", "2016-10-31": "13.41%", "2016-07-31": "13.39%", "2016-04-30": "11.31%", "2016-01-31": "12.60%", "2015-10-31": "13.12%", "2015-07-31": "13.87%", "2015-04-30": "16.71%", "2015-01-31": "17.57%", "2014-10-31": "17.85%", "2014-07-31": "17.69%", "2014-04-30": "16.87%", "2014-01-31": "16.77%", "2013-10-31": "16.40%", "2013-07-31": "16.04%", "2013-04-30": "16.00%", "2013-01-31": "16.16%", "2012-10-31": "15.59%", "2012-07-31": "16.25%", "2012-04-30": "17.52%", "2012-01-31": "17.50%", "2011-10-31": "18.90%", "2011-07-31": "19.70%", "2011-04-30": "20.34%", "2011-01-31": "20.53%", "2010-10-31": "19.76%", "2010-07-31": "19.07%", "2010-04-30": "17.96%", "2010-01-31": "15.58%", "2009-10-31": "10.34%", "2009-07-31": "8.92%", "2009-04-30": "7.60%", "2009-01-31": "9.21%", "2008-10-31": "13.74%", "2008-07-31": "14.01%", "2008-04-30": "13.96%", "2008-01-31": "13.33%", "2007-10-31": "12.69%", "2007-07-31": "13.58%", "2007-04-30": "14.69%", "2007-01-31": "15.92%", "2006-10-31": "17.35%", "2006-07-31": "17.37%", "2006-04-30": "18.88%", "2006-01-31": "19.11%", "2005-10-31": "19.27%"}, "pre tax profit margin": {"2020-10-31": "14.57%", "2020-07-31": "16.96%", "2020-04-30": "17.44%", "2020-01-31": "19.24%", "2019-10-31": "19.46%", "2019-07-31": "18.87%", "2019-04-30": "20.63%", "2019-01-31": "19.55%", "2018-10-31": "22.63%", "2018-07-31": "21.84%", "2018-04-30": "20.26%", "2018-01-31": "18.77%", "2017-10-31": "13.48%", "2017-07-31": "12.21%", "2017-04-30": "11.31%", "2017-01-31": "8.80%", "2016-10-31": "8.46%", "2016-07-31": "8.34%", "2016-04-30": "6.22%", "2016-01-31": "7.87%", "2015-10-31": "8.28%", "2015-07-31": "8.90%", "2015-04-30": "11.64%", "2015-01-31": "12.45%", "2014-10-31": "12.81%", "2014-07-31": "12.85%", "2014-04-30": "11.72%", "2014-01-31": "11.00%", "2013-10-31": "10.12%", "2013-07-31": "9.13%", "2013-04-30": "8.95%", "2013-01-31": "9.38%", "2012-10-31": "9.02%", "2012-07-31": "9.97%", "2012-04-30": "11.44%", "2012-01-31": "11.85%", "2011-10-31": "13.58%", "2011-07-31": "14.56%", "2011-04-30": "15.50%", "2011-01-31": "15.41%", "2010-10-31": "14.27%", "2010-07-31": "13.16%", "2010-04-30": "11.37%", "2010-01-31": "8.46%", "2009-10-31": "2.70%", "2009-07-31": "0.80%", "2009-04-30": "0.23%", "2009-01-31": "2.83%", "2008-10-31": "8.71%", "2008-07-31": "10.94%", "2008-04-30": "11.57%", "2008-01-31": "11.34%", "2007-10-31": "10.99%", "2007-07-31": "11.53%", "2007-04-30": "12.84%", "2007-01-31": "14.15%", "2006-10-31": "15.48%", "2006-07-31": "15.54%", "2006-04-30": "16.94%", "2006-01-31": "17.08%", "2005-10-31": "17.09%"}, "net profit margin": {"2020-10-31": "12.44%", "2020-07-31": "14.47%", "2020-04-30": "15.13%", "2020-01-31": "18.19%", "2019-10-31": "17.20%", "2019-07-31": "16.74%", "2019-04-30": "19.02%", "2019-01-31": "17.15%", "2018-10-31": "5.43%", "2018-07-31": "4.41%", "2018-04-30": "1.96%", "2018-01-31": "-0.21%", "2017-10-31": "10.96%", "2017-07-31": "9.93%", "2017-04-30": "8.76%", "2017-01-31": "5.74%", "2016-10-31": "5.89%", "2016-07-31": "5.87%", "2016-04-30": "4.13%", "2016-01-31": "6.52%", "2015-10-31": "6.75%", "2015-07-31": "7.40%", "2015-04-30": "9.15%", "2015-01-31": "10.00%", "2014-10-31": "10.14%", "2014-07-31": "10.24%", "2014-04-30": "10.10%", "2014-01-31": "9.62%", "2013-10-31": "9.06%", "2013-07-31": "8.18%", "2013-04-30": "7.99%", "2013-01-31": "8.12%", "2012-10-31": "7.59%", "2012-07-31": "8.54%", "2012-04-30": "9.74%", "2012-01-31": "9.85%", "2011-10-31": "11.49%", "2011-07-31": "12.20%", "2011-04-30": "13.14%", "2011-01-31": "13.50%", "2010-10-31": "12.62%", "2010-07-31": "11.77%", "2010-04-30": "10.20%", "2010-01-31": "8.90%", "2009-10-31": "3.97%", "2009-07-31": "2.40%", "2009-04-30": "1.88%", "2009-01-31": "2.48%", "2008-10-31": "7.49%", "2008-07-31": "8.93%", "2008-04-30": "9.39%", "2008-01-31": "9.79%", "2007-10-31": "9.13%", "2007-07-31": "9.68%", "2007-04-30": "10.66%", "2007-01-31": "10.30%", "2006-10-31": "11.50%", "2006-07-31": "11.66%", "2006-04-30": "12.88%", "2006-01-31": "14.06%", "2005-10-31": "14.14%"}, "pe ratio": {"current": "19.47", "2021-02-05": "22.09", "2020-10-31": "14.29", "2020-07-31": "12.54", "2020-04-30": "12.01", "2020-01-31": "12.06", "2019-10-31": "13.24", "2019-07-31": "14.15", "2019-04-30": "15.06", "2019-01-31": "15.11", "2018-10-31": "68.49", "2018-07-31": "90.33", "2018-04-30": "265.10", "2018-01-31": "0.00", "2017-10-31": "17.34", "2017-07-31": "19.00", "2017-04-30": "19.84", "2017-01-31": "31.25", "2016-10-31": "27.53", "2016-07-31": "21.07", "2016-04-30": "26.69", "2016-01-31": "15.47", "2015-10-31": "23.07", "2015-07-31": "19.49", "2015-04-30": "17.78", "2015-01-31": "16.91", "2014-10-31": "19.17", "2014-07-31": "17.42", "2014-04-30": "16.24", "2014-01-31": "20.57", "2013-10-31": "20.18", "2013-07-31": "23.99", "2013-04-30": "21.16", "2013-01-31": "21.84", "2012-10-31": "17.75", "2012-07-31": "19.39", "2012-04-30": "20.55", "2012-01-31": "20.91", "2011-10-31": "21.27", "2011-07-31": "24.99", "2011-04-30": "26.73", "2011-01-31": "28.07", "2010-10-31": "29.50", "2010-07-31": "26.04", "2010-04-30": "25.72", "2010-01-31": "25.48", "2009-10-31": "53.52", "2009-07-31": "62.21", "2009-04-30": "58.49", "2009-01-31": "42.50", "2008-10-31": "13.88", "2008-07-31": "23.86", "2008-04-30": "23.12", "2008-01-31": "22.97", "2007-10-31": "36.34", "2007-07-31": "33.17", "2007-04-30": "40.69", "2007-01-31": "45.95", "2006-10-31": "42.72"}, "price sales": {"2021-02-05": "2.77", "2020-10-31": "1.79", "2020-07-31": "1.83", "2020-04-30": "1.85", "2020-01-31": "2.21", "2019-10-31": "2.30", "2019-07-31": "2.39", "2019-04-30": "2.90", "2019-01-31": "2.55", "2018-10-31": "3.17", "2018-07-31": "3.20", "2018-04-30": "2.82", "2018-01-31": "2.70", "2017-10-31": "2.01", "2017-07-31": "2.00", "2017-04-30": "1.84", "2017-01-31": "1.81", "2016-10-31": "1.62", "2016-07-31": "1.24", "2016-04-30": "1.12", "2016-01-31": "1.02", "2015-10-31": "1.56", "2015-07-31": "1.43", "2015-04-30": "1.64", "2015-01-31": "1.71", "2014-10-31": "1.95", "2014-07-31": "1.79", "2014-04-30": "1.67", "2014-01-31": "1.98", "2013-10-31": "1.83", "2013-07-31": "1.96", "2013-04-30": "1.68", "2013-01-31": "1.76", "2012-10-31": "1.34", "2012-07-31": "1.64", "2012-04-30": "1.99", "2012-01-31": "2.03", "2011-10-31": "2.36", "2011-07-31": "2.91", "2011-04-30": "3.31", "2011-01-31": "3.56", "2010-10-31": "3.57", "2010-07-31": "2.98", "2010-04-30": "2.57", "2010-01-31": "2.30", "2009-10-31": "2.25", "2009-07-31": "1.85", "2009-04-30": "1.49", "2009-01-31": "1.21", "2008-10-31": "1.08", "2008-07-31": "2.16", "2008-04-30": "2.21", "2008-01-31": "2.25", "2007-10-31": "3.30", "2007-07-31": "3.16", "2007-04-30": "4.29", "2007-01-31": "4.68", "2006-10-31": "4.90"}, "price book": {"current": "40.43", "2021-02-05": "40.43", "2020-10-31": "26.14", "2020-07-31": "34.02", "2020-04-30": "38.48", "2020-01-31": "40.35", "2019-10-31": "22.74", "2019-07-31": "15.29", "2019-04-30": "15.02", "2019-01-31": "11.93", "2018-10-31": "12.05", "2018-07-31": "9.65", "2018-04-30": "7.05", "2018-01-31": "6.91", "2017-10-31": "3.89", "2017-07-31": "3.84", "2017-04-30": "3.47", "2017-01-31": "3.46", "2016-10-31": "3.00", "2016-07-31": "2.33", "2016-04-30": "2.03", "2016-01-31": "1.80", "2015-10-31": "2.89", "2015-07-31": "2.66", "2015-04-30": "2.79", "2015-01-31": "2.87", "2014-10-31": "3.29", "2014-07-31": "2.79", "2014-04-30": "2.58", "2014-01-31": "3.03", "2013-10-31": "2.70", "2013-07-31": "2.92", "2013-04-30": "2.19", "2013-01-31": "2.33", "2012-10-31": "1.82", "2012-07-31": "2.25", "2012-04-30": "2.74", "2012-01-31": "2.81", "2011-10-31": "3.21", "2011-07-31": "3.81", "2011-04-30": "4.28", "2011-01-31": "4.76", "2010-10-31": "4.98", "2010-07-31": "4.40", "2010-04-30": "3.95", "2010-01-31": "3.58", "2009-10-31": "3.61", "2009-07-31": "3.22", "2009-04-30": "2.83", "2009-01-31": "2.67", "2008-10-31": "2.39", "2008-07-31": "4.83", "2008-04-30": "4.04", "2008-01-31": "3.01", "2007-10-31": "5.72", "2007-07-31": "4.44", "2007-04-30": "5.71", "2007-01-31": "5.86", "2006-10-31": "5.74", "2006-07-31": "4.90", "2006-04-30": "6.02", "2006-01-31": "5.21"}, "price fcf": {"2021-02-05": "", "2020-10-31": "$4.63", "2020-07-31": "$4.16", "2020-04-30": "$4.43", "2020-01-31": "$4.30", "2019-10-31": "$4.26", "2019-07-31": "$4.68", "2019-04-30": "$4.51", "2019-01-31": "$4.65", "2018-10-31": "$5.23", "2018-07-31": "$5.79", "2018-04-30": "$5.59", "2018-01-31": "$5.26", "2017-10-31": "$3.67", "2017-07-31": "$2.98", "2017-04-30": "$2.89", "2017-01-31": "$3.10", "2016-10-31": "$3.48", "2016-07-31": "$3.47", "2016-04-30": "$3.08", "2016-01-31": "$2.79", "2015-10-31": "$2.54", "2015-07-31": "$3.22", "2015-04-30": "$3.41", "2015-01-31": "$3.21", "2014-10-31": "$3.21", "2014-07-31": "$3.11", "2014-04-30": "$3.24", "2014-01-31": "$3.40", "2013-10-31": "$3.31", "2013-07-31": "$3.10", "2013-04-30": "$2.94", "2013-01-31": "$3.04", "2012-10-31": "$2.82", "2012-07-31": "$2.85", "2012-04-30": "$2.75", "2012-01-31": "$2.64", "2011-10-31": "$2.82", "2011-07-31": "$2.84", "2011-04-30": "$2.85", "2011-01-31": "$3.07", "2010-10-31": "$2.79", "2010-07-31": "$2.70", "2010-04-30": "$2.38", "2010-01-31": "$1.27", "2009-10-31": "$1.47", "2009-07-31": "$1.32", "2009-04-30": "$1.79", "2009-01-31": "$2.24", "2008-10-31": "$2.36", "2008-07-31": "$2.34", "2008-04-30": "$2.27", "2008-01-31": "$2.08", "2007-10-31": "$1.93", "2007-07-31": "$1.88", "2007-04-30": "$1.80", "2007-01-31": "$1.74", "2006-10-31": "$1.93"}, "net worth": {"value": "$15.05B"}, "current ratio": {"current": "1.65", "2020-10-31": "1.65", "2020-07-31": "1.62", "2020-04-30": "1.18", "2020-01-31": "1.20", "2019-10-31": "1.31", "2019-07-31": "1.42", "2019-04-30": "1.45", "2019-01-31": "1.56", "2018-10-31": "1.65", "2018-07-31": "2.06", "2018-04-30": "1.97", "2018-01-31": "1.91", "2017-10-31": "1.67", "2017-07-31": "1.47", "2017-04-30": "1.50", "2017-01-31": "1.47", "2016-10-31": "2.07", "2016-07-31": "2.07", "2016-04-30": "1.76", "2016-01-31": "2.45", "2015-10-31": "2.48", "2015-07-31": "2.47", "2015-04-30": "2.50", "2015-01-31": "2.63", "2014-10-31": "2.61", "2014-07-31": "2.81", "2014-04-30": "2.40", "2014-01-31": "2.57", "2013-10-31": "2.67", "2013-07-31": "2.66", "2013-04-30": "2.20", "2013-01-31": "2.22", "2012-10-31": "1.93", "2012-07-31": "1.95", "2012-04-30": "1.94", "2012-01-31": "2.86", "2011-10-31": "2.75", "2011-07-31": "1.84", "2011-04-30": "1.89", "2011-01-31": "2.88", "2010-10-31": "2.80", "2010-07-31": "2.76", "2010-04-30": "2.37", "2010-01-31": "2.39", "2009-10-31": "2.33", "2009-07-31": "2.28", "2009-04-30": "2.05", "2009-01-31": "2.02", "2008-10-31": "2.18", "2008-07-31": "2.12", "2008-04-30": "1.46", "2008-01-31": "1.57", "2007-10-31": "1.57", "2007-07-31": "1.95", "2007-04-30": "1.89", "2007-01-31": "1.90", "2006-10-31": "2.20", "2006-07-31": "2.18", "2006-04-30": "2.22", "2006-01-31": "2.51", "2005-10-31": "2.68", "2005-07-31": "3.15", "2005-04-30": "3.03", "2005-01-31": "3.22"}, "quick ratio": {"2020-10-31": "1.61", "2020-07-31": "1.57", "2020-04-30": "1.14", "2020-01-31": "1.16", "2019-10-31": "1.27", "2019-07-31": "1.39", "2019-04-30": "1.42", "2019-01-31": "1.53", "2018-10-31": "1.63", "2018-07-31": "2.03", "2018-04-30": "1.93", "2018-01-31": "1.88", "2017-10-31": "1.64", "2017-07-31": "1.44", "2017-04-30": "1.46", "2017-01-31": "1.44", "2016-10-31": "2.03", "2016-07-31": "2.04", "2016-04-30": "1.73", "2016-01-31": "2.41", "2015-10-31": "2.43", "2015-07-31": "2.39", "2015-04-30": "2.45", "2015-01-31": "2.58", "2014-10-31": "2.56", "2014-07-31": "2.77", "2014-04-30": "2.36", "2014-01-31": "2.52", "2013-10-31": "2.62", "2013-07-31": "2.61", "2013-04-30": "2.16", "2013-01-31": "2.18", "2012-10-31": "1.87", "2012-07-31": "1.89", "2012-04-30": "1.89", "2012-01-31": "2.79", "2011-10-31": "2.67", "2011-07-31": "1.80", "2011-04-30": "1.86", "2011-01-31": "2.83", "2010-10-31": "2.75", "2010-07-31": "2.70", "2010-04-30": "2.32", "2010-01-31": "2.35", "2009-10-31": "2.29", "2009-07-31": "2.24", "2009-04-30": "2.01", "2009-01-31": "1.97", "2008-10-31": "2.12", "2008-07-31": "2.07", "2008-04-30": "1.41", "2008-01-31": "1.52", "2007-10-31": "1.51", "2007-07-31": "1.89", "2007-04-30": "1.84", "2007-01-31": "1.84", "2006-10-31": "2.13", "2006-07-31": "2.11", "2006-04-30": "2.15", "2006-01-31": "2.41", "2005-10-31": "2.61", "2005-07-31": "3.07", "2005-04-30": "2.96", "2005-01-31": "3.14"}, "debt equity ratio": {"current": "7.11", "2020-10-31": "21.76", "2020-07-31": "28.63", "2020-04-30": "30.08", "2020-01-31": "25.54", "2019-10-31": "12.94", "2019-07-31": "8.05", "2019-04-30": "7.02", "2019-01-31": "5.84", "2018-10-31": "4.59", "2018-07-31": "3.63", "2018-04-30": "3.39", "2018-01-31": "3.50", "2017-10-31": "2.71", "2017-07-31": "2.47", "2017-04-30": "2.42", "2017-01-31": "2.36", "2016-10-31": "2.14", "2016-07-31": "2.15", "2016-04-30": "2.48", "2016-01-31": "1.83", "2015-10-31": "1.89", "2015-07-31": "1.90", "2015-04-30": "1.75", "2015-01-31": "1.63", "2014-10-31": "1.65", "2014-07-31": "1.47", "2014-04-30": "1.43", "2014-01-31": "1.30", "2013-10-31": "1.23", "2013-07-31": "1.24", "2013-04-30": "1.38", "2013-01-31": "1.35", "2012-10-31": "1.17", "2012-07-31": "1.15", "2012-04-30": "1.22", "2012-01-31": "1.18", "2011-10-31": "1.24", "2011-07-31": "1.21", "2011-04-30": "1.28", "2011-01-31": "1.21", "2010-10-31": "1.26", "2010-07-31": "1.33", "2010-04-30": "1.57", "2010-01-31": "1.57", "2009-10-31": "1.65", "2009-07-31": "1.73", "2009-04-30": "2.02", "2009-01-31": "2.40", "2008-10-31": "2.30", "2008-07-31": "2.47", "2008-04-30": "1.39", "2008-01-31": "1.28", "2007-10-31": "1.24", "2007-07-31": "0.85", "2007-04-30": "0.84", "2007-01-31": "0.77", "2006-10-31": "0.69", "2006-07-31": "0.70", "2006-04-30": "0.70", "2006-01-31": "0.49", "2005-10-31": "0.44", "2005-07-31": "0.42", "2005-04-30": "0.43", "2005-01-31": "0.38"}, "return on equity": {"2020-10-31": "233.28%", "2020-07-31": "236.01%", "2020-04-30": "170.36%", "2020-01-31": "147.09%", "2019-10-31": "106.59%", "2019-07-31": "83.94%", "2019-04-30": "81.01%", "2019-01-31": "61.11%", "2018-10-31": "16.95%", "2018-07-31": "11.71%", "2018-04-30": "4.64%", "2018-01-31": "-0.46%", "2017-10-31": "22.25%", "2017-07-31": "19.87%", "2017-04-30": "17.40%", "2017-01-31": "11.15%", "2016-10-31": "10.99%", "2016-07-31": "10.98%", "2016-04-30": "7.65%", "2016-01-31": "11.89%", "2015-10-31": "12.27%", "2015-07-31": "13.21%", "2015-04-30": "15.75%", "2015-01-31": "17.08%", "2014-10-31": "17.01%", "2014-07-31": "16.48%", "2014-04-30": "16.14%", "2014-01-31": "14.67%", "2013-10-31": "13.29%", "2013-07-31": "11.80%", "2013-04-30": "11.17%", "2013-01-31": "11.60%", "2012-10-31": "11.10%", "2012-07-31": "12.86%", "2012-04-30": "15.21%", "2012-01-31": "15.25%", "2011-10-31": "17.56%", "2011-07-31": "18.55%", "2011-04-30": "20.24%", "2011-01-31": "21.72%", "2010-10-31": "21.22%", "2010-07-31": "20.39%", "2010-04-30": "18.00%", "2010-01-31": "15.88%", "2009-10-31": "7.28%", "2009-07-31": "4.76%", "2009-04-30": "4.07%", "2009-01-31": "5.55%", "2008-10-31": "17.04%", "2008-07-31": "19.48%", "2008-04-30": "18.03%", "2008-01-31": "17.31%", "2007-10-31": "14.71%", "2007-07-31": "14.16%", "2007-04-30": "15.34%", "2007-01-31": "13.86%", "2006-10-31": "14.56%", "2006-07-31": "13.93%", "2006-04-30": "14.55%", "2006-01-31": "15.32%", "2005-10-31": "14.89%"}, "return on assets": {"2020-10-31": "8.63%", "2020-07-31": "10.27%", "2020-04-30": "10.82%", "2020-01-31": "12.94%", "2019-10-31": "12.22%", "2019-07-31": "11.80%", "2019-04-30": "13.51%", "2019-01-31": "11.86%", "2018-10-31": "3.60%", "2018-07-31": "2.75%", "2018-04-30": "1.17%", "2018-01-31": "-0.12%", "2017-10-31": "6.38%", "2017-07-31": "5.94%", "2017-04-30": "5.33%", "2017-01-31": "3.40%", "2016-10-31": "3.50%", "2016-07-31": "3.56%", "2016-04-30": "2.53%", "2016-01-31": "4.19%", "2015-10-31": "4.40%", "2015-07-31": "4.84%", "2015-04-30": "6.01%", "2015-01-31": "6.72%", "2014-10-31": "6.92%", "2014-07-31": "6.99%", "2014-04-30": "7.02%", "2014-01-31": "6.40%", "2013-10-31": "5.76%", "2013-07-31": "5.15%", "2013-04-30": "4.93%", "2013-01-31": "5.21%", "2012-10-31": "5.09%", "2012-07-31": "5.86%", "2012-04-30": "6.88%", "2012-01-31": "6.85%", "2011-10-31": "7.86%", "2011-07-31": "8.29%", "2011-04-30": "8.93%", "2011-01-31": "9.34%", "2010-10-31": "8.79%", "2010-07-31": "8.11%", "2010-04-30": "6.87%", "2010-01-31": "5.83%", "2009-10-31": "2.50%", "2009-07-31": "1.55%", "2009-04-30": "1.24%", "2009-01-31": "1.78%", "2008-10-31": "6.03%", "2008-07-31": "7.59%", "2008-04-30": "8.29%", "2008-01-31": "8.52%", "2007-10-31": "7.71%", "2007-07-31": "7.93%", "2007-04-30": "8.76%", "2007-01-31": "8.09%", "2006-10-31": "8.84%", "2006-07-31": "8.80%", "2006-04-30": "9.60%", "2006-01-31": "10.60%", "2005-10-31": "10.51%"}, "return on investments": {"2020-10-31": "39.54%", "2020-07-31": "52.73%", "2020-04-30": "58.11%", "2020-01-31": "56.48%", "2019-10-31": "52.12%", "2019-07-31": "46.11%", "2019-04-30": "45.45%", "2019-01-31": "37.73%", "2018-10-31": "39.27%", "2018-07-31": "33.22%", "2018-04-30": "30.15%", "2018-01-31": "27.84%", "2017-10-31": "20.06%", "2017-07-31": "18.11%", "2017-04-30": "16.00%", "2017-01-31": "11.78%", "2016-10-31": "10.59%", "2016-07-31": "10.54%", "2016-04-30": "7.76%", "2016-01-31": "9.64%", "2015-10-31": "10.22%", "2015-07-31": "10.96%", "2015-04-30": "14.18%", "2015-01-31": "15.51%", "2014-10-31": "16.08%", "2014-07-31": "15.83%", "2014-04-30": "14.82%", "2014-01-31": "13.78%", "2013-10-31": "12.60%", "2013-07-31": "15.27%", "2013-04-30": "21.43%", "2013-01-31": "25.02%", "2012-10-31": "24.74%", "2012-07-31": "17.85%", "2012-04-30": "16.14%", "2012-01-31": "16.42%", "2011-10-31": "18.43%", "2011-07-31": "19.65%", "2011-04-30": "19.65%", "2011-01-31": "18.94%", "2010-10-31": "17.90%", "2010-07-31": "16.44%", "2010-04-30": "14.27%", "2010-01-31": "10.70%", "2009-10-31": "4.14%", "2009-07-31": "2.63%", "2009-04-30": "1.61%", "2009-01-31": "4.26%", "2008-10-31": "12.55%", "2008-07-31": "14.74%", "2008-04-30": "15.86%", "2008-01-31": "14.48%", "2007-10-31": "12.71%", "2007-07-31": "13.35%", "2007-04-30": "14.96%", "2007-01-31": "15.44%", "2006-10-31": "16.31%", "2006-07-31": "15.53%", "2006-04-30": "16.51%", "2006-01-31": "16.48%", "2005-10-31": "16.14%"}, "return on tangible equity": {"2020-10-31": "-40.42%", "2020-07-31": "-50.43%", "2020-04-30": "-61.06%", "2020-01-31": "-91.04%", "2019-10-31": "-112.81%", "2019-07-31": "-157.61%", "2019-04-30": "-324.95%", "2019-01-31": "-1398.68%", "2018-10-31": "225.21%", "2018-07-31": "59.75%", "2018-04-30": "17.61%", "2018-01-31": "-1.52%", "2017-10-31": "66.29%", "2017-07-31": "58.67%", "2017-04-30": "51.44%", "2017-01-31": "32.74%", "2016-10-31": "25.58%", "2016-07-31": "21.80%", "2016-04-30": "13.30%", "2016-01-31": "18.24%", "2015-10-31": "18.66%", "2015-07-31": "19.73%", "2015-04-30": "22.88%", "2015-01-31": "24.50%", "2014-10-31": "24.09%", "2014-07-31": "23.05%", "2014-04-30": "22.59%", "2014-01-31": "20.19%", "2013-10-31": "18.09%", "2013-07-31": "15.91%", "2013-04-30": "14.92%", "2013-01-31": "15.59%", "2012-10-31": "15.09%", "2012-07-31": "17.84%", "2012-04-30": "21.54%", "2012-01-31": "21.28%", "2011-10-31": "23.97%", "2011-07-31": "24.72%", "2011-04-30": "26.50%", "2011-01-31": "28.98%", "2010-10-31": "29.16%", "2010-07-31": "28.99%", "2010-04-30": "26.49%", "2010-01-31": "24.50%", "2009-10-31": "11.99%", "2009-07-31": "8.38%", "2009-04-30": "7.72%", "2009-01-31": "10.80%", "2008-10-31": "31.89%", "2008-07-31": "35.36%", "2008-04-30": "30.29%", "2008-01-31": "27.75%", "2007-10-31": "23.13%", "2007-07-31": "21.18%", "2007-04-30": "22.51%", "2007-01-31": "19.96%", "2006-10-31": "20.64%", "2006-07-31": "20.00%", "2006-04-30": "20.16%", "2006-01-31": "20.52%", "2005-10-31": "19.19%"}, "dividend yield history": {"last payout": "$1.92", "last yield": "2.85%"}}