{"ticker": "NFLX", "price": {"title": "Netflix Historical Annual Stock Price Data", "value": 550.79, "historical": {"2020": {"Average Stock Price": "446.8272", "Year Open": "329.8100", "Year High": "556.5500", "Year Low": "298.8400", "Year Close": "540.7300", "Annual % Change": "67.11%"}, "2019": {"Average Stock Price": "328.8713", "Year Open": "267.6600", "Year High": "385.0300", "Year Low": "254.5900", "Year Close": "323.5700", "Annual % Change": "20.89%"}, "2018": {"Average Stock Price": "319.2903", "Year Open": "201.0700", "Year High": "418.9700", "Year Low": "201.0700", "Year Close": "267.6600", "Annual % Change": "39.44%"}, "2017": {"Average Stock Price": "165.3743", "Year Open": "127.4900", "Year High": "202.6800", "Year Low": "127.4900", "Year Close": "191.9600", "Annual % Change": "55.06%"}, "2016": {"Average Stock Price": "102.0304", "Year Open": "109.9600", "Year High": "128.3500", "Year Low": "82.7900", "Year Close": "123.8000", "Annual % Change": "8.24%"}, "2015": {"Average Stock Price": "91.8956", "Year Open": "49.8486", "Year High": "130.9300", "Year Low": "45.5471", "Year Close": "114.3800", "Annual % Change": "134.38%"}, "2014": {"Average Stock Price": "57.4951", "Year Open": "51.8314", "Year High": "69.1986", "Year Low": "44.8871", "Year Close": "48.8014", "Annual % Change": "-7.21%"}, "2013": {"Average Stock Price": "35.2718", "Year Open": "13.1443", "Year High": "54.3686", "Year Low": "13.1443", "Year Close": "52.5957", "Annual % Change": "297.64%"}, "2012": {"Average Stock Price": "11.8551", "Year Open": "10.3200", "Year High": "18.4643", "Year Low": "7.6857", "Year Close": "13.2271", "Annual % Change": "33.63%"}, "2011": {"Average Stock Price": "27.4937", "Year Open": "25.4871", "Year High": "42.6757", "Year Low": "9.1226", "Year Close": "9.8986", "Annual % Change": "-60.56%"}, "2010": {"Average Stock Price": "16.8242", "Year Open": "7.6400", "Year High": "29.4143", "Year Low": "7.0186", "Year Close": "25.1000", "Annual % Change": "218.93%"}, "2009": {"Average Stock Price": "6.3220", "Year Open": "4.2671", "Year High": "8.7329", "Year Low": "4.2200", "Year Close": "7.8700", "Annual % Change": "84.31%"}, "2008": {"Average Stock Price": "4.0947", "Year Open": "3.7643", "Year High": "5.8143", "Year Low": "2.5629", "Year Close": "4.2700", "Annual % Change": "12.28%"}, "2007": {"Average Stock Price": "3.1239", "Year Open": "3.8014", "Year High": "4.1000", "Year Low": "2.2957", "Year Close": "3.8029", "Annual % Change": "2.94%"}, "2006": {"Average Stock Price": "3.6910", "Year Open": "3.7214", "Year High": "4.5257", "Year Low": "2.6529", "Year Close": "3.6943", "Annual % Change": "-4.43%"}, "2005": {"Average Stock Price": "2.5972", "Year Open": "1.7029", "Year High": "4.2957", "Year Low": "1.2900", "Year Close": "3.8657", "Annual % Change": "119.47%"}, "2004": {"Average Stock Price": "3.4134", "Year Open": "3.9164", "Year High": "5.5471", "Year Low": "1.3471", "Year Close": "1.7614", "Annual % Change": "-54.91%"}, "2003": {"Average Stock Price": "2.0813", "Year Open": "0.8179", "Year High": "4.2571", "Year Low": "0.7729", "Year Close": "3.9064", "Annual % Change": "396.74%"}, "2002": {"Average Stock Price": "0.8504", "Year Open": "1.1964", "Year High": "1.2764", "Year Low": "0.3729", "Year Close": "0.7864", "Annual % Change": "0.00%"}}}, "market cap": {"value": "$243.94B"}, "income statement": {"Revenue": {"2020-12-31": "24996.06000", "2019-12-31": "20156.45000", "2018-12-31": "15794.34000", "2017-12-31": "11692.71000", "2016-12-31": "8830.66900", "2015-12-31": "6779.51100", "2014-12-31": "5504.65600", "2013-12-31": "4374.56200", "2012-12-31": "3609.28200", "2011-12-31": "3204.57700", "2010-12-31": "2162.62500", "2009-12-31": "1670.26900", "2008-12-31": "1364.66100", "2007-12-31": "1205.34000", "2006-12-31": "996.66000", "2005-12-31": "682.21300"}, "Cost Of Goods Sold": {"2020-12-31": "15276.32000", "2019-12-31": "12440.21000", "2018-12-31": "9967.53800", "2017-12-31": "8033.00000", "2016-12-31": "6257.46200", "2015-12-31": "4591.47600", "2014-12-31": "3752.76000", "2013-12-31": "3117.20300", "2012-12-31": "2652.05800", "2011-12-31": "2039.90100", "2010-12-31": "1357.35500", "2009-12-31": "1079.27100", "2008-12-31": "910.23400", "2007-12-31": "786.16800", "2006-12-31": "626.98500", "2005-12-31": "465.77500"}, "Gross Profit": {"2020-12-31": "9719.73700", "2019-12-31": "7716.23400", "2018-12-31": "5826.80300", "2017-12-31": "3659.71300", "2016-12-31": "2573.20700", "2015-12-31": "2188.03500", "2014-12-31": "1751.89600", "2013-12-31": "1257.35900", "2012-12-31": "957.22390", "2011-12-31": "1164.67600", "2010-12-31": "805.27000", "2009-12-31": "590.99800", "2008-12-31": "454.42700", "2007-12-31": "419.17190", "2006-12-31": "369.67500", "2005-12-31": "216.43800"}, "Research And Development Expenses": {"2020-12-31": "1829.60000", "2019-12-31": "1545.14900", "2018-12-31": "1221.81400", "2017-12-31": "953.71000", "2016-12-31": "780.23200", "2015-12-31": "650.78800", "2014-12-31": "472.32100", "2013-12-31": "378.76900", "2012-12-31": "329.00800", "2011-12-31": "259.03300", "2010-12-31": "163.32900", "2009-12-31": "114.54200", "2008-12-31": "89.87300", "2007-12-31": "70.97900", "2006-12-31": "47.83100", "2005-12-31": "35.38800"}, "SG&A Expenses": {"2020-12-31": "3304.84800", "2019-12-31": "3566.83100", "2018-12-31": "2999.76300", "2017-12-31": "1867.32400", "2016-12-31": "1413.18200", "2015-12-31": "1231.42100", "2014-12-31": "876.92700", "2013-12-31": "650.24300", "2012-12-31": "578.22400", "2011-12-31": "529.57500", "2010-12-31": "358.30000", "2009-12-31": "284.51700", "2008-12-31": "249.37500", "2007-12-31": "270.61600", "2006-12-31": "261.42300", "2005-12-31": "180.04800"}, "Other Operating Income Or Expenses": {"2020-12-31": "", "2019-12-31": "", "2018-12-31": "", "2017-12-31": "", "2016-12-31": "", "2015-12-31": "", "2014-12-31": "", "2013-12-31": "", "2012-12-31": "", "2011-12-31": "", "2010-12-31": "", "2009-12-31": "0.00000", "2008-12-31": "6.32700", "2007-12-31": "14.19600", "2006-12-31": "4.79700", "2005-12-31": "1.98700"}, "Operating Expenses": {"2020-12-31": "20410.77000", "2019-12-31": "17552.19000", "2018-12-31": "14189.11000", "2017-12-31": "10854.03000", "2016-12-31": "8450.87600", "2015-12-31": "6473.68500", "2014-12-31": "5102.00800", "2013-12-31": "4146.21500", "2012-12-31": "3559.29000", "2011-12-31": "2828.50900", "2010-12-31": "1878.98400", "2009-12-31": "1478.33000", "2008-12-31": "1243.15500", "2007-12-31": "1113.56700", "2006-12-31": "931.44200", "2005-12-31": "679.22400"}, "Operating Income": {"2020-12-31": "4585.28900", "2019-12-31": "2604.25400", "2018-12-31": "1605.22700", "2017-12-31": "838.67870", "2016-12-31": "379.79300", "2015-12-31": "305.82620", "2014-12-31": "402.64790", "2013-12-31": "228.34720", "2012-12-31": "49.99190", "2011-12-31": "376.06790", "2010-12-31": "283.64110", "2009-12-31": "191.93910", "2008-12-31": "121.50610", "2007-12-31": "91.77300", "2006-12-31": "65.21800", "2005-12-31": "2.98900"}, "Total Non-Operating Income/Expense": {"2020-12-31": "-1385.94000", "2019-12-31": "-542.02300", "2018-12-31": "-378.76800", "2017-12-31": "-353.35800", "2016-12-31": "-119.28600", "2015-12-31": "-163.94100", "2014-12-31": "-53.27900", "2013-12-31": "-57.27300", "2012-12-31": "-19.51200", "2011-12-31": "-16.54600", "2010-12-31": "-15.94500", "2009-12-31": "0.25300", "2008-12-31": "9.99400", "2007-12-31": "19.15200", "2006-12-31": "14.69400", "2005-12-31": "5.34600"}, "Pre-Tax Income": {"2020-12-31": "3199.34900", "2019-12-31": "2062.23100", "2018-12-31": "1226.45800", "2017-12-31": "485.32100", "2016-12-31": "260.50700", "2015-12-31": "141.88500", "2014-12-31": "349.36900", "2013-12-31": "171.07400", "2012-12-31": "30.48000", "2011-12-31": "359.52200", "2010-12-31": "267.69600", "2009-12-31": "192.19200", "2008-12-31": "131.50000", "2007-12-31": "110.92500", "2006-12-31": "79.91200", "2005-12-31": "8.33500"}, "Income Taxes": {"2020-12-31": "437.95400", "2019-12-31": "195.31500", "2018-12-31": "15.21600", "2017-12-31": "-73.60800", "2016-12-31": "73.82900", "2015-12-31": "19.24400", "2014-12-31": "82.57000", "2013-12-31": "58.67100", "2012-12-31": "13.32800", "2011-12-31": "133.39600", "2010-12-31": "106.84300", "2009-12-31": "76.33200", "2008-12-31": "48.47400", "2007-12-31": "44.31700", "2006-12-31": "31.07300", "2005-12-31": "-33.69200"}, "Income After Taxes": {"2020-12-31": "2761.39500", "2019-12-31": "1866.91600", "2018-12-31": "1211.24200", "2017-12-31": "558.92900", "2016-12-31": "186.67800", "2015-12-31": "122.64100", "2014-12-31": "266.79900", "2013-12-31": "112.40300", "2012-12-31": "17.15200", "2011-12-31": "226.12600", "2010-12-31": "160.85300", "2009-12-31": "115.86000", "2008-12-31": "83.02600", "2007-12-31": "66.60800", "2006-12-31": "48.83900", "2005-12-31": "42.02700"}, "Other Income": {"2020-12-31": "", "2019-12-31": "", "2018-12-31": "", "2017-12-31": "", "2016-12-31": "", "2015-12-31": "", "2014-12-31": "", "2013-12-31": "", "2012-12-31": "", "2011-12-31": "", "2010-12-31": "", "2009-12-31": "", "2008-12-31": "", "2007-12-31": "", "2006-12-31": "", "2005-12-31": ""}, "Income From Continuous Operations": {"2020-12-31": "2761.39500", "2019-12-31": "1866.91600", "2018-12-31": "1211.24200", "2017-12-31": "558.92900", "2016-12-31": "186.67800", "2015-12-31": "122.64100", "2014-12-31": "266.79900", "2013-12-31": "112.40300", "2012-12-31": "17.15200", "2011-12-31": "226.12600", "2010-12-31": "160.85300", "2009-12-31": "115.86000", "2008-12-31": "83.02600", "2007-12-31": "66.60800", "2006-12-31": "48.83900", "2005-12-31": "42.02700"}, "Income From Discontinued Operations": {"2020-12-31": "", "2019-12-31": "", "2018-12-31": "", "2017-12-31": "", "2016-12-31": "", "2015-12-31": "", "2014-12-31": "", "2013-12-31": "", "2012-12-31": "", "2011-12-31": "", "2010-12-31": "", "2009-12-31": "", "2008-12-31": "", "2007-12-31": "", "2006-12-31": "", "2005-12-31": ""}, "Net Income": {"2020-12-31": "2761.39500", "2019-12-31": "1866.91600", "2018-12-31": "1211.24200", "2017-12-31": "558.92900", "2016-12-31": "186.67800", "2015-12-31": "122.64100", "2014-12-31": "266.79900", "2013-12-31": "112.40300", "2012-12-31": "17.15200", "2011-12-31": "226.12600", "2010-12-31": "160.85300", "2009-12-31": "115.86000", "2008-12-31": "83.02600", "2007-12-31": "66.60800", "2006-12-31": "48.83900", "2005-12-31": "42.02700"}, "EBITDA": {"2020-12-31": "15507.91000", "2019-12-31": "11924.08000", "2018-12-31": "9220.47200", "2017-12-31": "7108.40700", "2016-12-31": "5304.77100", "2015-12-31": "3852.87100", "2014-12-31": "3184.44600", "2013-12-31": "2470.02700", "2012-12-31": "1752.07500", "2011-12-31": "1215.68700", "2010-12-31": "622.33610", "2009-12-31": "449.47310", "2008-12-31": "364.34210", "2007-12-31": "317.43090", "2006-12-31": "223.02600", "2005-12-31": "109.99100"}, "EBIT": {"2020-12-31": "4585.28900", "2019-12-31": "2604.25400", "2018-12-31": "1605.22700", "2017-12-31": "838.67870", "2016-12-31": "379.79300", "2015-12-31": "305.82620", "2014-12-31": "402.64790", "2013-12-31": "228.34720", "2012-12-31": "49.99190", "2011-12-31": "376.06790", "2010-12-31": "283.64110", "2009-12-31": "191.93910", "2008-12-31": "121.50610", "2007-12-31": "91.77300", "2006-12-31": "65.21800", "2005-12-31": "2.98900"}, "Basic Shares Outstanding": {"2020-12-31": "440.92200", "2019-12-31": "437.79900", "2018-12-31": "435.37400", "2017-12-31": "431.88500", "2016-12-31": "428.82200", "2015-12-31": "425.88900", "2014-12-31": "420.54400", "2013-12-31": "407.38500", "2012-12-31": "388.64700", "2011-12-31": "369.92900", "2010-12-31": "367.70300", "2009-12-31": "395.92000", "2008-12-31": "426.72700", "2007-12-31": "469.53200", "2006-12-31": "438.03900", "2005-12-31": "374.69600"}, "Shares Outstanding": {"2020-12-31": "454.20800", "2019-12-31": "451.76500", "2018-12-31": "451.24400", "2017-12-31": "446.81400", "2016-12-31": "438.65200", "2015-12-31": "436.45600", "2014-12-31": "431.89400", "2013-12-31": "425.32700", "2012-12-31": "412.32800", "2011-12-31": "380.58300", "2010-12-31": "380.12800", "2009-12-31": "408.91200", "2008-12-31": "439.85200", "2007-12-31": "482.31400", "2006-12-31": "483.52500", "2005-12-31": "458.62600"}, "Basic EPS": {"2020-12-31": "6.26000", "2019-12-31": "4.26000", "2018-12-31": "2.78000", "2017-12-31": "1.29000", "2016-12-31": "0.44000", "2015-12-31": "0.29000", "2014-12-31": "0.63000", "2013-12-31": "0.28000", "2012-12-31": "0.04430", "2011-12-31": "0.61140", "2010-12-31": "0.43710", "2009-12-31": "0.29290", "2008-12-31": "0.19430", "2007-12-31": "0.14140", "2006-12-31": "0.11140", "2005-12-31": "0.11290"}, "EPS - Earnings Per Share": {"2020-12-31": "6.08000", "2019-12-31": "4.13000", "2018-12-31": "2.68000", "2017-12-31": "1.25000", "2016-12-31": "0.43000", "2015-12-31": "0.28000", "2014-12-31": "0.62000", "2013-12-31": "0.26000", "2012-12-31": "0.04140", "2011-12-31": "0.59430", "2010-12-31": "0.42290", "2009-12-31": "0.28290", "2008-12-31": "0.18860", "2007-12-31": "0.13860", "2006-12-31": "0.10140", "2005-12-31": "0.09140"}}, "income statement, quarterly": {"Revenue": {"2020-12-31": "6644.44300", "2020-09-30": "6435.63700", "2020-06-30": "6148.28600", "2020-03-31": "5767.69100", "2019-12-31": "5467.43500", "2019-09-30": "5244.90500", "2019-06-30": "4923.11600", "2019-03-31": "4520.99200", "2018-12-31": "4186.84100", "2018-09-30": "3999.37400", "2018-06-30": "3907.27000", "2018-03-31": "3700.85600", "2017-12-31": "3285.75500", "2017-09-30": "2984.85900", "2017-06-30": "2785.46400", "2017-03-31": "2636.63500", "2016-12-31": "2477.54100", "2016-09-30": "2290.18800", "2016-06-30": "2105.20400", "2016-03-31": "1957.73600", "2015-12-31": "1823.33300", "2015-09-30": "1738.35500", "2015-06-30": "1644.69400", "2015-03-31": "1573.12900", "2014-12-31": "1484.72800", "2014-09-30": "1409.43200", "2014-06-30": "1340.40700", "2014-03-31": "1270.08900", "2013-12-31": "1175.23000", "2013-09-30": "1105.99900", "2013-06-30": "1069.37200", "2013-03-31": "1023.96100", "2012-12-31": "945.23880", "2012-09-30": "905.08900", "2012-06-30": "889.16300", "2012-03-31": "869.79100", "2011-12-31": "875.57480", "2011-09-30": "821.83900", "2011-06-30": "788.61000", "2011-03-31": "718.55300", "2010-12-31": "595.92200", "2010-09-30": "553.21900", "2010-06-30": "519.81900", "2010-03-31": "493.66500", "2009-12-31": "444.54200", "2009-09-30": "423.12000", "2009-06-30": "408.50900", "2009-03-31": "394.09800", "2008-12-31": "359.59490", "2008-09-30": "341.26900", "2008-06-30": "337.61400", "2008-03-31": "326.18300", "2007-12-31": "302.35500", "2007-09-30": "293.97200", "2007-06-30": "303.69300", "2007-03-31": "305.32000", "2006-12-31": "277.23290", "2006-09-30": "255.95000", "2006-06-30": "239.35100", "2006-03-31": "224.12600", "2005-12-31": "193.00000", "2005-09-30": "172.74000", "2005-06-30": "164.02700", "2005-03-31": "152.44600"}, "Cost Of Goods Sold": {"2020-12-31": "4165.16000", "2020-09-30": "3867.75100", "2020-06-30": "3643.70700", "2020-03-31": "3599.70100", "2019-12-31": "3466.02300", "2019-09-30": "3097.91900", "2019-06-30": "3005.65700", "2019-03-31": "2870.61400", "2018-12-31": "2733.40000", "2018-09-30": "2531.12800", "2018-06-30": "2402.43100", "2018-03-31": "2300.57900", "2017-12-31": "2480.68800", "2017-09-30": "1992.98000", "2017-06-30": "1902.30800", "2017-03-31": "1657.02400", "2016-12-31": "1881.98000", "2016-09-30": "1532.84400", "2016-06-30": "1473.09800", "2016-03-31": "1369.54000", "2015-12-31": "1249.36500", "2015-09-30": "1173.95800", "2015-06-30": "1121.75200", "2015-03-31": "1046.40100", "2014-12-31": "1014.33200", "2014-09-30": "954.39400", "2014-06-30": "914.84800", "2014-03-31": "869.18600", "2013-12-31": "820.67660", "2013-09-30": "798.90000", "2013-06-30": "760.67400", "2013-03-31": "736.95200", "2012-12-31": "722.05920", "2012-09-30": "662.63800", "2012-06-30": "643.42800", "2012-03-31": "623.93300", "2011-12-31": "575.15490", "2011-09-30": "536.61700", "2011-06-30": "489.97800", "2011-03-31": "438.15100", "2010-12-31": "390.79000", "2010-09-30": "344.46900", "2010-06-30": "314.93400", "2010-03-31": "307.16200", "2009-12-31": "275.48600", "2009-09-30": "275.27400", "2009-06-30": "269.24300", "2009-03-31": "259.26800", "2008-12-31": "232.84600", "2008-09-30": "224.49600", "2008-06-30": "230.08700", "2008-03-31": "222.80500", "2007-12-31": "200.05000", "2007-09-30": "194.45300", "2007-06-30": "196.69300", "2007-03-31": "194.97200", "2006-12-31": "169.34800", "2006-09-30": "158.79300", "2006-06-30": "150.57900", "2006-03-31": "148.26500", "2005-12-31": "121.15600", "2005-09-30": "115.64900", "2005-06-30": "117.84900", "2005-03-31": "111.12100"}, "Gross Profit": {"2020-12-31": "2479.28300", "2020-09-30": "2567.88600", "2020-06-30": "2504.57900", "2020-03-31": "2167.99000", "2019-12-31": "2001.41200", "2019-09-30": "2146.98600", "2019-06-30": "1917.45900", "2019-03-31": "1650.37800", "2018-12-31": "1453.44000", "2018-09-30": "1468.24600", "2018-06-30": "1504.83900", "2018-03-31": "1400.27700", "2017-12-31": "805.06670", "2017-09-30": "991.87890", "2017-06-30": "883.15610", "2017-03-31": "979.61100", "2016-12-31": "595.56100", "2016-09-30": "757.34400", "2016-06-30": "632.10610", "2016-03-31": "588.19590", "2015-12-31": "573.96830", "2015-09-30": "564.39700", "2015-06-30": "522.94200", "2015-03-31": "526.72800", "2014-12-31": "470.39570", "2014-09-30": "455.03800", "2014-06-30": "425.55900", "2014-03-31": "400.90300", "2013-12-31": "354.55330", "2013-09-30": "307.09900", "2013-06-30": "308.69790", "2013-03-31": "287.00900", "2012-12-31": "223.17960", "2012-09-30": "242.45100", "2012-06-30": "245.73500", "2012-03-31": "245.85800", "2011-12-31": "300.41990", "2011-09-30": "285.22200", "2011-06-30": "298.63200", "2011-03-31": "280.40200", "2010-12-31": "205.13200", "2010-09-30": "208.75000", "2010-06-30": "204.88500", "2010-03-31": "186.50300", "2009-12-31": "169.05600", "2009-09-30": "147.84600", "2009-06-30": "139.26600", "2009-03-31": "134.83000", "2008-12-31": "126.74890", "2008-09-30": "116.77300", "2008-06-30": "107.52700", "2008-03-31": "103.37800", "2007-12-31": "102.30490", "2007-09-30": "99.51900", "2007-06-30": "107.00000", "2007-03-31": "110.34800", "2006-12-31": "107.88500", "2006-09-30": "97.15700", "2006-06-30": "88.77200", "2006-03-31": "75.86100", "2005-12-31": "71.84410", "2005-09-30": "57.09100", "2005-06-30": "46.17800", "2005-03-31": "41.32500"}, "Research And Development Expenses": {"2020-12-31": "486.93590", "2020-09-30": "453.80200", "2020-06-30": "435.04500", "2020-03-31": "453.81700", "2019-12-31": "409.37600", "2019-09-30": "379.77600", "2019-06-30": "383.23300", "2019-03-31": "372.76400", "2018-12-31": "331.78900", "2018-09-30": "308.62000", "2018-06-30": "299.09500", "2018-03-31": "282.31000", "2017-12-31": "174.28300", "2017-09-30": "255.23600", "2017-06-30": "267.08300", "2017-03-31": "257.10800", "2016-12-31": "153.32500", "2016-09-30": "216.09900", "2016-06-30": "207.30000", "2016-03-31": "203.50800", "2015-12-31": "180.85900", "2015-09-30": "171.76200", "2015-06-30": "155.06100", "2015-03-31": "143.10600", "2014-12-31": "125.87600", "2014-09-30": "120.95300", "2014-06-30": "115.18200", "2014-03-31": "110.31000", "2013-12-31": "98.12800", "2013-09-30": "95.54000", "2013-06-30": "93.12600", "2013-03-31": "91.97500", "2012-12-31": "82.13900", "2012-09-30": "82.52100", "2012-06-30": "81.54700", "2012-03-31": "82.80100", "2011-12-31": "80.78300", "2011-09-30": "69.48000", "2011-06-30": "57.86500", "2011-03-31": "50.90500", "2010-12-31": "45.95900", "2010-09-30": "42.10800", "2010-06-30": "37.86300", "2010-03-31": "37.39900", "2009-12-31": "33.20900", "2009-09-30": "30.01400", "2009-06-30": "27.11900", "2009-03-31": "24.20000", "2008-12-31": "24.05200", "2008-09-30": "23.36800", "2008-06-30": "22.18600", "2008-03-31": "20.26700", "2007-12-31": "18.34900", "2007-09-30": "18.11200", "2007-06-30": "18.80300", "2007-03-31": "15.71500", "2006-12-31": "12.65300", "2006-09-30": "11.92900", "2006-06-30": "12.04300", "2006-03-31": "11.20600", "2005-12-31": "9.21900", "2005-09-30": "8.95500", "2005-06-30": "8.64800", "2005-03-31": "8.56600"}, "SG&A Expenses": {"2020-12-31": "1038.10400", "2020-09-30": "799.22090", "2020-06-30": "711.60600", "2020-03-31": "755.91700", "2019-12-31": "1133.52300", "2019-09-30": "786.97100", "2019-06-30": "827.80700", "2019-03-31": "818.53000", "2018-12-31": "905.88490", "2018-09-30": "678.95800", "2018-06-30": "743.53100", "2018-03-31": "671.38900", "2017-12-31": "385.48100", "2017-09-30": "528.01600", "2017-06-30": "488.26600", "2017-03-31": "465.56100", "2016-12-31": "288.30200", "2016-09-30": "435.20900", "2016-06-30": "354.43600", "2016-03-31": "335.23500", "2015-12-31": "333.21500", "2015-09-30": "318.99400", "2015-06-30": "293.04600", "2015-03-31": "286.16600", "2014-12-31": "279.47400", "2014-09-30": "223.67800", "2014-06-30": "180.77700", "2014-03-31": "192.99800", "2013-12-31": "174.13700", "2013-09-30": "154.43900", "2013-06-30": "158.45500", "2013-03-31": "163.21200", "2012-12-31": "121.40300", "2012-09-30": "143.79500", "2012-06-30": "148.03400", "2012-03-31": "164.99200", "2011-12-31": "157.76500", "2011-09-30": "118.90000", "2011-06-30": "125.65300", "2011-03-31": "127.25700", "2010-12-31": "80.72000", "2010-09-30": "97.14100", "2010-06-30": "89.68000", "2010-03-31": "90.75900", "2009-12-31": "79.67900", "2009-09-30": "70.09900", "2009-06-30": "59.48300", "2009-03-31": "75.25600", "2008-12-31": "66.37900", "2008-09-30": "60.95900", "2008-06-30": "53.40300", "2008-03-31": "68.63400", "2007-12-31": "65.22500", "2007-09-30": "62.01200", "2007-06-30": "59.05300", "2007-03-31": "84.32600", "2006-12-31": "77.04400", "2006-09-30": "69.31500", "2006-06-30": "53.80400", "2006-03-31": "61.26000", "2005-12-31": "60.61500", "2005-09-30": "43.00400", "2005-06-30": "33.19200", "2005-03-31": "43.23700"}, "Other Operating Income Or Expenses": {"2020-12-31": "", "2020-09-30": "", "2020-06-30": "", "2020-03-31": "", "2019-12-31": "", "2019-09-30": "", "2019-06-30": "", "2019-03-31": "", "2018-12-31": "", "2018-09-30": "", "2018-06-30": "", "2018-03-31": "", "2017-12-31": "", "2017-09-30": "", "2017-06-30": "", "2017-03-31": "", "2016-12-31": "", "2016-09-30": "", "2016-06-30": "", "2016-03-31": "", "2015-12-31": "", "2015-09-30": "", "2015-06-30": "", "2015-03-31": "", "2014-12-31": "", "2014-09-30": "", "2014-06-30": "", "2014-03-31": "", "2013-12-31": "", "2013-09-30": "", "2013-06-30": "", "2013-03-31": "", "2012-12-31": "", "2012-09-30": "", "2012-06-30": "", "2012-03-31": "", "2011-12-31": "", "2011-09-30": "", "2011-06-30": "", "2011-03-31": "", "2010-12-31": "", "2010-09-30": "", "2010-06-30": "", "2010-03-31": "", "2009-12-31": "-2.81900", "2009-09-30": "1.60400", "2009-06-30": "0.11800", "2009-03-31": "1.09700", "2008-12-31": "1.60300", "2008-09-30": "1.62800", "2008-06-30": "2.26300", "2008-03-31": "0.83300", "2007-12-31": "1.69600", "2007-09-30": "2.31000", "2007-06-30": "9.28200", "2007-03-31": "0.90800", "2006-12-31": "1.30400", "2006-09-30": "1.14200", "2006-06-30": "0.96400", "2006-03-31": "1.38700", "2005-12-31": "0.78800", "2005-09-30": "0.38800", "2005-06-30": "0.11600", "2005-03-31": "0.69500"}, "Operating Expenses": {"2020-12-31": "5690.20200", "2020-09-30": "5120.77300", "2020-06-30": "4790.35800", "2020-03-31": "4809.43500", "2019-12-31": "5008.92200", "2019-09-30": "4264.66600", "2019-06-30": "4216.69700", "2019-03-31": "4061.90800", "2018-12-31": "3971.07300", "2018-09-30": "3518.70600", "2018-06-30": "3445.05700", "2018-03-31": "3254.27800", "2017-12-31": "3040.45200", "2017-09-30": "2776.23200", "2017-06-30": "2657.65700", "2017-03-31": "2379.69300", "2016-12-31": "2323.60700", "2016-09-30": "2184.15200", "2016-06-30": "2034.83400", "2016-03-31": "1908.28300", "2015-12-31": "1763.43900", "2015-09-30": "1664.71400", "2015-06-30": "1569.85900", "2015-03-31": "1475.67300", "2014-12-31": "1419.68200", "2014-09-30": "1299.02500", "2014-06-30": "1210.80700", "2014-03-31": "1172.49400", "2013-12-31": "1092.94200", "2013-09-30": "1048.87900", "2013-06-30": "1012.25500", "2013-03-31": "992.13900", "2012-12-31": "925.60090", "2012-09-30": "888.95400", "2012-06-30": "873.00900", "2012-03-31": "871.72600", "2011-12-31": "813.70290", "2011-09-30": "724.99700", "2011-06-30": "673.49600", "2011-03-31": "616.31300", "2010-12-31": "517.46890", "2010-09-30": "483.71800", "2010-06-30": "442.47700", "2010-03-31": "435.32000", "2009-12-31": "391.19300", "2009-09-30": "373.78300", "2009-06-30": "355.72700", "2009-03-31": "357.62700", "2008-12-31": "321.67390", "2008-09-30": "307.19500", "2008-06-30": "303.41300", "2008-03-31": "310.87300", "2007-12-31": "281.92810", "2007-09-30": "272.26700", "2007-06-30": "265.26700", "2007-03-31": "294.10500", "2006-12-31": "257.74100", "2006-09-30": "238.89500", "2006-06-30": "215.46200", "2006-03-31": "219.34400", "2005-12-31": "190.20200", "2005-09-30": "167.22000", "2005-06-30": "159.57300", "2005-03-31": "162.22900"}, "Operating Income": {"2020-12-31": "954.24070", "2020-09-30": "1314.86400", "2020-06-30": "1357.92800", "2020-03-31": "958.25630", "2019-12-31": "458.51270", "2019-09-30": "980.23880", "2019-06-30": "706.41940", "2019-03-31": "459.08420", "2018-12-31": "215.76730", "2018-09-30": "480.66800", "2018-06-30": "462.21310", "2018-03-31": "446.57790", "2017-12-31": "245.30270", "2017-09-30": "208.62700", "2017-06-30": "127.80690", "2017-03-31": "256.94190", "2016-12-31": "153.93410", "2016-09-30": "106.03610", "2016-06-30": "70.37000", "2016-03-31": "49.45290", "2015-12-31": "59.89400", "2015-09-30": "73.64100", "2015-06-30": "74.83500", "2015-03-31": "97.45610", "2014-12-31": "65.04590", "2014-09-30": "110.40710", "2014-06-30": "129.60000", "2014-03-31": "97.59500", "2013-12-31": "82.28800", "2013-09-30": "57.12000", "2013-06-30": "57.11690", "2013-03-31": "31.82200", "2012-12-31": "19.63790", "2012-09-30": "16.13500", "2012-06-30": "16.15410", "2012-03-31": "-1.93500", "2011-12-31": "61.87200", "2011-09-30": "96.84200", "2011-06-30": "115.11400", "2011-03-31": "102.24000", "2010-12-31": "78.45310", "2010-09-30": "69.50100", "2010-06-30": "77.34200", "2010-03-31": "58.34500", "2009-12-31": "53.34900", "2009-09-30": "49.33700", "2009-06-30": "52.78200", "2009-03-31": "36.47100", "2008-12-31": "37.92110", "2008-09-30": "34.07400", "2008-06-30": "34.20100", "2008-03-31": "15.31000", "2007-12-31": "20.42690", "2007-09-30": "21.70500", "2007-06-30": "38.42600", "2007-03-31": "11.21500", "2006-12-31": "19.49190", "2006-09-30": "17.05500", "2006-06-30": "23.88900", "2006-03-31": "4.78200", "2005-12-31": "2.79800", "2005-09-30": "5.52000", "2005-06-30": "4.45400", "2005-03-31": "-9.78300"}, "Total Non-Operating Income/Expense": {"2020-12-31": "-447.82500", "2020-09-30": "-453.40300", "2020-06-30": "-322.32600", "2020-03-31": "-162.38600", "2019-12-31": "-309.17900", "2019-09-30": "32.08400", "2019-06-30": "-205.50300", "2019-03-31": "-59.42500", "2018-12-31": "-96.37100", "2018-09-30": "-101.85800", "2018-06-30": "-33.57700", "2018-03-31": "-146.96200", "2017-12-31": "-113.97300", "2017-09-30": "-92.39000", "2017-06-30": "-113.84500", "2017-03-31": "-33.15000", "2016-12-31": "-63.66500", "2016-09-30": "-26.90900", "2016-06-30": "-19.13800", "2016-03-31": "-9.57400", "2015-12-31": "-39.16300", "2015-09-30": "-31.40300", "2015-06-30": "-34.34500", "2015-03-31": "-59.03000", "2014-12-31": "-19.53000", "2014-09-30": "-12.87000", "2014-06-30": "-12.22800", "2014-03-31": "-8.65100", "2013-12-31": "-8.28400", "2013-09-30": "-7.62900", "2013-06-30": "-10.46800", "2013-03-31": "-30.89200", "2012-12-31": "-4.73400", "2012-09-30": "-4.18900", "2012-06-30": "-5.49900", "2012-03-31": "-5.09000", "2011-12-31": "-5.03700", "2011-09-30": "-3.21900", "2011-06-30": "-4.29000", "2011-03-31": "-4.00000", "2010-12-31": "-3.89400", "2010-09-30": "-4.09200", "2010-06-30": "-3.97200", "2010-03-31": "-3.98700", "2009-12-31": "-2.01300", "2009-09-30": "1.13400", "2009-06-30": "0.19200", "2009-03-31": "0.94000", "2008-12-31": "0.17500", "2008-09-30": "0.85900", "2008-06-30": "1.72300", "2008-03-31": "7.23700", "2007-12-31": "4.33500", "2007-09-30": "4.79300", "2007-06-30": "4.67400", "2007-03-31": "5.35000", "2006-12-31": "3.85400", "2006-09-30": "4.68700", "2006-06-30": "3.70100", "2006-03-31": "2.45200", "2005-12-31": "1.61200", "2005-09-30": "1.47800", "2005-06-30": "1.24300", "2005-03-31": "1.01300"}, "Pre-Tax Income": {"2020-12-31": "506.41710", "2020-09-30": "861.46000", "2020-06-30": "1035.60200", "2020-03-31": "795.87000", "2019-12-31": "149.33290", "2019-09-30": "1012.32300", "2019-06-30": "500.91600", "2019-03-31": "399.65900", "2018-12-31": "119.39600", "2018-09-30": "378.81000", "2018-06-30": "428.63600", "2018-03-31": "299.61600", "2017-12-31": "131.33000", "2017-09-30": "116.23700", "2017-06-30": "13.96200", "2017-03-31": "223.79200", "2016-12-31": "90.26900", "2016-09-30": "79.12700", "2016-06-30": "51.23200", "2016-03-31": "39.87900", "2015-12-31": "20.73100", "2015-09-30": "42.23800", "2015-06-30": "40.49000", "2015-03-31": "38.42600", "2014-12-31": "45.51600", "2014-09-30": "97.53700", "2014-06-30": "117.37200", "2014-03-31": "88.94400", "2013-12-31": "74.00400", "2013-09-30": "49.49100", "2013-06-30": "46.64900", "2013-03-31": "0.93000", "2012-12-31": "14.90400", "2012-09-30": "11.94600", "2012-06-30": "10.65500", "2012-03-31": "-7.02500", "2011-12-31": "56.83500", "2011-09-30": "93.62300", "2011-06-30": "110.82400", "2011-03-31": "98.24000", "2010-12-31": "74.55900", "2010-09-30": "65.40900", "2010-06-30": "73.37000", "2010-03-31": "54.35800", "2009-12-31": "51.33600", "2009-09-30": "50.47100", "2009-06-30": "52.97400", "2009-03-31": "37.41100", "2008-12-31": "38.09600", "2008-09-30": "34.93300", "2008-06-30": "35.92400", "2008-03-31": "22.54700", "2007-12-31": "24.76200", "2007-09-30": "26.49800", "2007-06-30": "43.10000", "2007-03-31": "16.56500", "2006-12-31": "23.34600", "2006-09-30": "21.74200", "2006-06-30": "27.59000", "2006-03-31": "7.23400", "2005-12-31": "4.41000", "2005-09-30": "6.99800", "2005-06-30": "5.69700", "2005-03-31": "-8.77000"}, "Income Taxes": {"2020-12-31": "-35.73900", "2020-09-30": "71.48400", "2020-06-30": "315.40600", "2020-03-31": "86.80300", "2019-12-31": "-437.63700", "2019-09-30": "347.07900", "2019-06-30": "230.26600", "2019-03-31": "55.60700", "2018-12-31": "-14.53800", "2018-09-30": "-24.02500", "2018-06-30": "44.28700", "2018-03-31": "9.49200", "2017-12-31": "-54.18700", "2017-09-30": "-13.35300", "2017-06-30": "-51.63800", "2017-03-31": "45.57000", "2016-12-31": "23.52100", "2016-09-30": "27.61000", "2016-06-30": "10.47700", "2016-03-31": "12.22100", "2015-12-31": "-22.44700", "2015-09-30": "12.80600", "2015-06-30": "14.15500", "2015-03-31": "14.73000", "2014-12-31": "-37.85500", "2014-09-30": "38.24200", "2014-06-30": "46.35400", "2014-03-31": "35.82900", "2013-12-31": "25.58300", "2013-09-30": "17.66900", "2013-06-30": "17.17800", "2013-03-31": "-1.75900", "2012-12-31": "7.00700", "2012-09-30": "4.27100", "2012-06-30": "4.49100", "2012-03-31": "-2.44100", "2011-12-31": "21.61600", "2011-09-30": "31.16300", "2011-06-30": "42.61000", "2011-03-31": "38.00700", "2010-12-31": "27.46400", "2010-09-30": "27.44200", "2010-06-30": "29.85100", "2010-03-31": "22.08600", "2009-12-31": "20.42300", "2009-09-30": "20.33000", "2009-06-30": "20.53100", "2009-03-31": "15.04800", "2008-12-31": "15.36400", "2008-09-30": "14.56200", "2008-06-30": "9.34500", "2008-03-31": "9.20300", "2007-12-31": "9.15900", "2007-09-30": "10.85100", "2007-06-30": "17.60600", "2007-03-31": "6.70100", "2006-12-31": "8.72900", "2006-09-30": "8.96100", "2006-06-30": "10.55300", "2006-03-31": "2.83000", "2005-12-31": "-33.80100", "2005-09-30": "0.05200", "2005-06-30": "0.01300", "2005-03-31": "0.04400"}, "Income After Taxes": {"2020-12-31": "542.15590", "2020-09-30": "789.97600", "2020-06-30": "720.19600", "2020-03-31": "709.06700", "2019-12-31": "586.97000", "2019-09-30": "665.24400", "2019-06-30": "270.65000", "2019-03-31": "344.05200", "2018-12-31": "133.93410", "2018-09-30": "402.83500", "2018-06-30": "384.34900", "2018-03-31": "290.12400", "2017-12-31": "185.51700", "2017-09-30": "129.59000", "2017-06-30": "65.60000", "2017-03-31": "178.22200", "2016-12-31": "66.74800", "2016-09-30": "51.51700", "2016-06-30": "40.75500", "2016-03-31": "27.65800", "2015-12-31": "43.17800", "2015-09-30": "29.43200", "2015-06-30": "26.33500", "2015-03-31": "23.69600", "2014-12-31": "83.37100", "2014-09-30": "59.29500", "2014-06-30": "71.01800", "2014-03-31": "53.11500", "2013-12-31": "48.42100", "2013-09-30": "31.82200", "2013-06-30": "29.47100", "2013-03-31": "2.68900", "2012-12-31": "7.89700", "2012-09-30": "7.67500", "2012-06-30": "6.16400", "2012-03-31": "-4.58400", "2011-12-31": "35.21900", "2011-09-30": "62.46000", "2011-06-30": "68.21400", "2011-03-31": "60.23300", "2010-12-31": "47.09500", "2010-09-30": "37.96700", "2010-06-30": "43.51900", "2010-03-31": "32.27200", "2009-12-31": "30.91300", "2009-09-30": "30.14100", "2009-06-30": "32.44300", "2009-03-31": "22.36300", "2008-12-31": "22.73200", "2008-09-30": "20.37100", "2008-06-30": "26.57900", "2008-03-31": "13.34400", "2007-12-31": "15.60300", "2007-09-30": "15.64700", "2007-06-30": "25.49400", "2007-03-31": "9.86400", "2006-12-31": "14.61700", "2006-09-30": "12.78100", "2006-06-30": "17.03700", "2006-03-31": "4.40400", "2005-12-31": "38.21100", "2005-09-30": "6.94600", "2005-06-30": "5.68400", "2005-03-31": "-8.81400"}, "Other Income": {"2020-12-31": "", "2020-09-30": "", "2020-06-30": "", "2020-03-31": "", "2019-12-31": "", "2019-09-30": "", "2019-06-30": "", "2019-03-31": "", "2018-12-31": "", "2018-09-30": "", "2018-06-30": "", "2018-03-31": "", "2017-12-31": "", "2017-09-30": "", "2017-06-30": "", "2017-03-31": "", "2016-12-31": "", "2016-09-30": "", "2016-06-30": "", "2016-03-31": "", "2015-12-31": "", "2015-09-30": "", "2015-06-30": "", "2015-03-31": "", "2014-12-31": "", "2014-09-30": "", "2014-06-30": "", "2014-03-31": "", "2013-12-31": "", "2013-09-30": "", "2013-06-30": "", "2013-03-31": "", "2012-12-31": "", "2012-09-30": "", "2012-06-30": "", "2012-03-31": "", "2011-12-31": "", "2011-09-30": "", "2011-06-30": "", "2011-03-31": "", "2010-12-31": "", "2010-09-30": "", "2010-06-30": "", "2010-03-31": "", "2009-12-31": "", "2009-09-30": "", "2009-06-30": "", "2009-03-31": "", "2008-12-31": "", "2008-09-30": "", "2008-06-30": "", "2008-03-31": "", "2007-12-31": "", "2007-09-30": "", "2007-06-30": "", "2007-03-31": "", "2006-12-31": "", "2006-09-30": "", "2006-06-30": "", "2006-03-31": "", "2005-12-31": "", "2005-09-30": "", "2005-06-30": "", "2005-03-31": ""}, "Income From Continuous Operations": {"2020-12-31": "542.15590", "2020-09-30": "789.97600", "2020-06-30": "720.19600", "2020-03-31": "709.06700", "2019-12-31": "586.97000", "2019-09-30": "665.24400", "2019-06-30": "270.65000", "2019-03-31": "344.05200", "2018-12-31": "133.93410", "2018-09-30": "402.83500", "2018-06-30": "384.34900", "2018-03-31": "290.12400", "2017-12-31": "185.51700", "2017-09-30": "129.59000", "2017-06-30": "65.60000", "2017-03-31": "178.22200", "2016-12-31": "66.74800", "2016-09-30": "51.51700", "2016-06-30": "40.75500", "2016-03-31": "27.65800", "2015-12-31": "43.17800", "2015-09-30": "29.43200", "2015-06-30": "26.33500", "2015-03-31": "23.69600", "2014-12-31": "83.37100", "2014-09-30": "59.29500", "2014-06-30": "71.01800", "2014-03-31": "53.11500", "2013-12-31": "48.42100", "2013-09-30": "31.82200", "2013-06-30": "29.47100", "2013-03-31": "2.68900", "2012-12-31": "7.89700", "2012-09-30": "7.67500", "2012-06-30": "6.16400", "2012-03-31": "-4.58400", "2011-12-31": "35.21900", "2011-09-30": "62.46000", "2011-06-30": "68.21400", "2011-03-31": "60.23300", "2010-12-31": "47.09500", "2010-09-30": "37.96700", "2010-06-30": "43.51900", "2010-03-31": "32.27200", "2009-12-31": "30.91300", "2009-09-30": "30.14100", "2009-06-30": "32.44300", "2009-03-31": "22.36300", "2008-12-31": "22.73200", "2008-09-30": "20.37100", "2008-06-30": "26.57900", "2008-03-31": "13.34400", "2007-12-31": "15.60300", "2007-09-30": "15.64700", "2007-06-30": "25.49400", "2007-03-31": "9.86400", "2006-12-31": "14.61700", "2006-09-30": "12.78100", "2006-06-30": "17.03700", "2006-03-31": "4.40400", "2005-12-31": "38.21100", "2005-09-30": "6.94600", "2005-06-30": "5.68400", "2005-03-31": "-8.81400"}, "Income From Discontinued Operations": {"2020-12-31": "", "2020-09-30": "", "2020-06-30": "", "2020-03-31": "", "2019-12-31": "", "2019-09-30": "", "2019-06-30": "", "2019-03-31": "", "2018-12-31": "", "2018-09-30": "", "2018-06-30": "", "2018-03-31": "", "2017-12-31": "", "2017-09-30": "", "2017-06-30": "", "2017-03-31": "", "2016-12-31": "", "2016-09-30": "", "2016-06-30": "", "2016-03-31": "", "2015-12-31": "", "2015-09-30": "", "2015-06-30": "", "2015-03-31": "", "2014-12-31": "", "2014-09-30": "", "2014-06-30": "", "2014-03-31": "", "2013-12-31": "", "2013-09-30": "", "2013-06-30": "", "2013-03-31": "", "2012-12-31": "", "2012-09-30": "", "2012-06-30": "", "2012-03-31": "", "2011-12-31": "", "2011-09-30": "", "2011-06-30": "", "2011-03-31": "", "2010-12-31": "", "2010-09-30": "", "2010-06-30": "", "2010-03-31": "", "2009-12-31": "", "2009-09-30": "", "2009-06-30": "", "2009-03-31": "", "2008-12-31": "", "2008-09-30": "", "2008-06-30": "", "2008-03-31": "", "2007-12-31": "", "2007-09-30": "", "2007-06-30": "", "2007-03-31": "", "2006-12-31": "", "2006-09-30": "", "2006-06-30": "", "2006-03-31": "", "2005-12-31": "", "2005-09-30": "", "2005-06-30": "", "2005-03-31": ""}, "Net Income": {"2020-12-31": "542.15590", "2020-09-30": "789.97600", "2020-06-30": "720.19600", "2020-03-31": "709.06700", "2019-12-31": "586.97000", "2019-09-30": "665.24400", "2019-06-30": "270.65000", "2019-03-31": "344.05200", "2018-12-31": "133.93400", "2018-09-30": "402.83500", "2018-06-30": "384.34900", "2018-03-31": "290.12400", "2017-12-31": "185.51700", "2017-09-30": "129.59000", "2017-06-30": "65.60000", "2017-03-31": "178.22200", "2016-12-31": "66.74800", "2016-09-30": "51.51700", "2016-06-30": "40.75500", "2016-03-31": "27.65800", "2015-12-31": "43.17800", "2015-09-30": "29.43200", "2015-06-30": "26.33500", "2015-03-31": "23.69600", "2014-12-31": "83.37100", "2014-09-30": "59.29500", "2014-06-30": "71.01800", "2014-03-31": "53.11500", "2013-12-31": "48.42100", "2013-09-30": "31.82200", "2013-06-30": "29.47100", "2013-03-31": "2.68900", "2012-12-31": "7.89700", "2012-09-30": "7.67500", "2012-06-30": "6.16400", "2012-03-31": "-4.58400", "2011-12-31": "35.21900", "2011-09-30": "62.46000", "2011-06-30": "68.21400", "2011-03-31": "60.23300", "2010-12-31": "47.09500", "2010-09-30": "37.96700", "2010-06-30": "43.51900", "2010-03-31": "32.27200", "2009-12-31": "30.91300", "2009-09-30": "30.14100", "2009-06-30": "32.44300", "2009-03-31": "22.36300", "2008-12-31": "22.73200", "2008-09-30": "20.37100", "2008-06-30": "26.57900", "2008-03-31": "13.34400", "2007-12-31": "15.60300", "2007-09-30": "15.64700", "2007-06-30": "25.49400", "2007-03-31": "9.86400", "2006-12-31": "14.61700", "2006-09-30": "12.78100", "2006-06-30": "17.03700", "2006-03-31": "4.40400", "2005-12-31": "38.21100", "2005-09-30": "6.94600", "2005-06-30": "5.68400", "2005-03-31": "-8.81400"}, "EBITDA": {"2020-12-31": "3968.80900", "2020-09-30": "4077.19600", "2020-06-30": "3991.74800", "2020-03-31": "3470.15800", "2019-12-31": "3066.00000", "2019-09-30": "3286.92000", "2019-06-30": "2963.83100", "2019-03-31": "2607.33100", "2018-12-31": "2260.39900", "2018-09-30": "2423.55500", "2018-06-30": "2310.92000", "2018-03-31": "2225.59700", "2017-12-31": "1929.87100", "2017-09-30": "1868.60100", "2017-06-30": "1713.66300", "2017-03-31": "1596.27200", "2016-12-31": "1517.83700", "2016-09-30": "1363.83800", "2016-06-30": "1279.88300", "2016-03-31": "1143.21300", "2015-12-31": "1056.03600", "2015-09-30": "979.67970", "2015-06-30": "933.82910", "2015-03-31": "883.32600", "2014-12-31": "829.88900", "2014-09-30": "829.18710", "2014-06-30": "798.53690", "2014-03-31": "726.83290", "2013-12-31": "685.56290", "2013-09-30": "639.51200", "2013-06-30": "597.10200", "2013-03-31": "547.85000", "2012-12-31": "512.05280", "2012-09-30": "451.34220", "2012-06-30": "419.50200", "2012-03-31": "369.17800", "2011-12-31": "377.73100", "2011-09-30": "319.20100", "2011-06-30": "293.76200", "2011-03-31": "224.99300", "2010-12-31": "183.72110", "2010-09-30": "155.32500", "2010-06-30": "151.79400", "2010-03-31": "131.49600", "2009-12-31": "123.40900", "2009-09-30": "115.77100", "2009-06-30": "115.14900", "2009-03-31": "95.14400", "2008-12-31": "94.82810", "2008-09-30": "90.33300", "2008-06-30": "99.57800", "2008-03-31": "79.60300", "2007-12-31": "81.41190", "2007-09-30": "75.91000", "2007-06-30": "94.90900", "2007-03-31": "65.20000", "2006-12-31": "70.27890", "2006-09-30": "57.39900", "2006-06-30": "59.66400", "2006-03-31": "35.68400", "2005-12-31": "30.27400", "2005-09-30": "32.56000", "2005-06-30": "32.54200", "2005-03-31": "14.61500"}, "EBIT": {"2020-12-31": "954.24070", "2020-09-30": "1314.86400", "2020-06-30": "1357.92800", "2020-03-31": "958.25630", "2019-12-31": "458.51150", "2019-09-30": "980.23880", "2019-06-30": "706.41940", "2019-03-31": "459.08420", "2018-12-31": "215.76760", "2018-09-30": "480.66800", "2018-06-30": "462.21310", "2018-03-31": "446.57790", "2017-12-31": "245.30300", "2017-09-30": "208.62700", "2017-06-30": "127.80690", "2017-03-31": "256.94190", "2016-12-31": "153.93400", "2016-09-30": "106.03610", "2016-06-30": "70.37000", "2016-03-31": "49.45290", "2015-12-31": "59.89420", "2015-09-30": "73.64100", "2015-06-30": "74.83500", "2015-03-31": "97.45610", "2014-12-31": "65.04590", "2014-09-30": "110.40710", "2014-06-30": "129.60000", "2014-03-31": "97.59500", "2013-12-31": "82.28830", "2013-09-30": "57.12000", "2013-06-30": "57.11690", "2013-03-31": "31.82200", "2012-12-31": "19.63790", "2012-09-30": "16.13500", "2012-06-30": "16.15410", "2012-03-31": "-1.93500", "2011-12-31": "61.87200", "2011-09-30": "96.84200", "2011-06-30": "115.11400", "2011-03-31": "102.24000", "2010-12-31": "78.45310", "2010-09-30": "69.50100", "2010-06-30": "77.34200", "2010-03-31": "58.34500", "2009-12-31": "53.34910", "2009-09-30": "49.33700", "2009-06-30": "52.78200", "2009-03-31": "36.47100", "2008-12-31": "37.92110", "2008-09-30": "34.07400", "2008-06-30": "34.20100", "2008-03-31": "15.31000", "2007-12-31": "20.42690", "2007-09-30": "21.70500", "2007-06-30": "38.42600", "2007-03-31": "11.21500", "2006-12-31": "19.49190", "2006-09-30": "17.05500", "2006-06-30": "23.88900", "2006-03-31": "4.78200", "2005-12-31": "2.79800", "2005-09-30": "5.52000", "2005-06-30": "4.45400", "2005-03-31": "-9.78300"}, "Basic Shares Outstanding": {"2020-12-31": "440.92200", "2020-09-30": "441.52600", "2020-06-30": "440.56900", "2020-03-31": "439.35200", "2019-12-31": "437.79900", "2019-09-30": "438.09000", "2019-06-30": "437.58700", "2019-03-31": "436.94700", "2018-12-31": "435.37400", "2018-09-30": "435.80900", "2018-06-30": "435.09700", "2018-03-31": "434.17400", "2017-12-31": "431.88500", "2017-09-30": "432.40400", "2017-06-30": "431.39600", "2017-03-31": "430.60000", "2016-12-31": "428.82200", "2016-09-30": "428.93700", "2016-06-30": "428.48300", "2016-03-31": "428.11700", "2015-12-31": "425.88900", "2015-09-30": "426.86900", "2015-06-30": "425.34000", "2015-03-31": "423.62400", "2014-12-31": "420.54400", "2014-09-30": "421.19400", "2014-06-30": "419.97400", "2014-03-31": "418.71900", "2013-12-31": "407.38500", "2013-09-30": "413.75600", "2013-06-30": "407.34400", "2013-03-31": "391.80400", "2012-12-31": "388.64700", "2012-09-30": "388.78700", "2012-06-30": "388.68200", "2012-03-31": "388.19200", "2011-12-31": "369.92900", "2011-09-30": "367.98300", "2011-06-30": "367.29000", "2011-03-31": "369.31300", "2010-12-31": "367.70300", "2010-09-30": "364.99400", "2010-06-30": "367.40200", "2010-03-31": "370.37700", "2009-12-31": "395.92000", "2009-09-30": "393.02200", "2009-06-30": "405.10400", "2009-03-31": "411.13800", "2008-12-31": "426.72700", "2008-09-30": "422.85600", "2008-06-30": "432.47400", "2008-03-31": "439.43200", "2007-12-31": "469.53200", "2007-09-30": "465.28300", "2007-06-30": "476.21700", "2007-03-31": "480.85100", "2006-12-31": "438.03900", "2006-09-30": "476.56700", "2006-06-30": "408.68100", "2006-03-31": "386.49100", "2005-12-31": "374.69600", "2005-09-30": "375.85100", "2005-06-30": "372.33000", "2005-03-31": "369.71200"}, "Shares Outstanding": {"2020-12-31": "454.20800", "2020-09-30": "455.08800", "2020-06-30": "453.94500", "2020-03-31": "452.49400", "2019-12-31": "451.76500", "2019-09-30": "451.55200", "2019-06-30": "452.19500", "2019-03-31": "451.92200", "2018-12-31": "451.24400", "2018-09-30": "451.91900", "2018-06-30": "451.55200", "2018-03-31": "450.35900", "2017-12-31": "446.81400", "2017-09-30": "447.36200", "2017-06-30": "446.26200", "2017-03-31": "445.45800", "2016-12-31": "438.65200", "2016-09-30": "438.38900", "2016-06-30": "438.15400", "2016-03-31": "437.99300", "2015-12-31": "436.45600", "2015-09-30": "437.60600", "2015-06-30": "436.09700", "2015-03-31": "433.80900", "2014-12-31": "431.89400", "2014-09-30": "432.74200", "2014-06-30": "431.44100", "2014-03-31": "430.83600", "2013-12-31": "425.32700", "2013-09-30": "426.93000", "2013-06-30": "424.13000", "2013-03-31": "421.02200", "2012-12-31": "412.32800", "2012-09-30": "411.10300", "2012-06-30": "411.66300", "2012-03-31": "388.19200", "2011-12-31": "380.58300", "2011-09-30": "377.09000", "2011-06-30": "377.36300", "2011-03-31": "379.72200", "2010-12-31": "380.12800", "2010-09-30": "377.51700", "2010-06-30": "380.26800", "2010-03-31": "383.42500", "2009-12-31": "408.91200", "2009-09-30": "405.56600", "2009-06-30": "417.62000", "2009-03-31": "424.96300", "2008-12-31": "439.85200", "2008-09-30": "435.90400", "2008-06-30": "446.99900", "2008-03-31": "453.88000", "2007-12-31": "482.31400", "2007-09-30": "476.63000", "2007-06-30": "489.23700", "2007-03-31": "494.70400", "2006-12-31": "483.52500", "2006-09-30": "492.41500", "2006-06-30": "484.22500", "2006-03-31": "465.19200", "2005-12-31": "458.62600", "2005-09-30": "462.08400", "2005-06-30": "452.14400", "2005-03-31": "369.71200"}, "Basic EPS": {"2020-12-31": "1.23000", "2020-09-30": "1.79000", "2020-06-30": "1.63000", "2020-03-31": "1.61000", "2019-12-31": "1.33000", "2019-09-30": "1.52000", "2019-06-30": "0.62000", "2019-03-31": "0.79000", "2018-12-31": "0.31000", "2018-09-30": "0.92000", "2018-06-30": "0.88000", "2018-03-31": "0.67000", "2017-12-31": "0.43000", "2017-09-30": "0.30000", "2017-06-30": "0.15000", "2017-03-31": "0.41000", "2016-12-31": "0.16000", "2016-09-30": "0.12000", "2016-06-30": "0.10000", "2016-03-31": "0.06000", "2015-12-31": "0.10000", "2015-09-30": "0.07000", "2015-06-30": "0.06000", "2015-03-31": "0.06000", "2014-12-31": "0.19290", "2014-09-30": "0.14000", "2014-06-30": "0.17000", "2014-03-31": "0.12710", "2013-12-31": "0.12290", "2013-09-30": "0.07710", "2013-06-30": "0.07290", "2013-03-31": "0.00710", "2012-12-31": "0.02000", "2012-09-30": "0.02000", "2012-06-30": "0.01570", "2012-03-31": "-0.01140", "2011-12-31": "0.09290", "2011-09-30": "0.17000", "2011-06-30": "0.18570", "2011-03-31": "0.16290", "2010-12-31": "0.12710", "2010-09-30": "0.10430", "2010-06-30": "0.11860", "2010-03-31": "0.08710", "2009-12-31": "0.08140", "2009-09-30": "0.07710", "2009-06-30": "0.08000", "2009-03-31": "0.05430", "2008-12-31": "0.05430", "2008-09-30": "0.04860", "2008-06-30": "0.06140", "2008-03-31": "0.03000", "2007-12-31": "0.03430", "2007-09-30": "0.03430", "2007-06-30": "0.05290", "2007-03-31": "0.02000", "2006-12-31": "0.03140", "2006-09-30": "0.02710", "2006-06-30": "0.04140", "2006-03-31": "0.01140", "2005-12-31": "0.10290", "2005-09-30": "0.01860", "2005-06-30": "0.01570", "2005-03-31": "-0.02430"}, "EPS - Earnings Per Share": {"2020-12-31": "1.18000", "2020-09-30": "1.74000", "2020-06-30": "1.59000", "2020-03-31": "1.57000", "2019-12-31": "1.30000", "2019-09-30": "1.47000", "2019-06-30": "0.60000", "2019-03-31": "0.76000", "2018-12-31": "0.30000", "2018-09-30": "0.89000", "2018-06-30": "0.85000", "2018-03-31": "0.64000", "2017-12-31": "0.41000", "2017-09-30": "0.29000", "2017-06-30": "0.15000", "2017-03-31": "0.40000", "2016-12-31": "0.16000", "2016-09-30": "0.12000", "2016-06-30": "0.09000", "2016-03-31": "0.06000", "2015-12-31": "0.10000", "2015-09-30": "0.07000", "2015-06-30": "0.06000", "2015-03-31": "0.05000", "2014-12-31": "0.19710", "2014-09-30": "0.14000", "2014-06-30": "0.16000", "2014-03-31": "0.12290", "2013-12-31": "0.10860", "2013-09-30": "0.07430", "2013-06-30": "0.07000", "2013-03-31": "0.00710", "2012-12-31": "0.01860", "2012-09-30": "0.01860", "2012-06-30": "0.01570", "2012-03-31": "-0.01140", "2011-12-31": "0.09000", "2011-09-30": "0.16570", "2011-06-30": "0.18000", "2011-03-31": "0.15860", "2010-12-31": "0.12430", "2010-09-30": "0.10000", "2010-06-30": "0.11430", "2010-03-31": "0.08430", "2009-12-31": "0.07860", "2009-09-30": "0.07430", "2009-06-30": "0.07710", "2009-03-31": "0.05290", "2008-12-31": "0.05140", "2008-09-30": "0.04710", "2008-06-30": "0.06000", "2008-03-31": "0.03000", "2007-12-31": "0.03430", "2007-09-30": "0.03290", "2007-06-30": "0.05140", "2007-03-31": "0.02000", "2006-12-31": "0.03000", "2006-09-30": "0.02570", "2006-06-30": "0.03570", "2006-03-31": "0.01000", "2005-12-31": "0.08710", "2005-09-30": "0.01570", "2005-06-30": "0.01290", "2005-03-31": "-0.02430"}}, "balance sheet": {"Cash On Hand": {"2020-12-31": "8205.55000", "2019-12-31": "5018.43700", "2018-12-31": "3794.48300", "2017-12-31": "2822.79500", "2016-12-31": "1733.78200", "2015-12-31": "2310.71500", "2014-12-31": "1608.49600", "2013-12-31": "1200.40500", "2012-12-31": "748.07800", "2011-12-31": "797.81100", "2010-12-31": "350.38700", "2009-12-31": "320.24200", "2008-12-31": "297.27100", "2007-12-31": "385.14200", "2006-12-31": "400.43000", "2005-12-31": "212.25600"}, "Receivables": {"2020-12-31": "", "2019-12-31": "", "2018-12-31": "", "2017-12-31": "", "2016-12-31": "", "2015-12-31": "", "2014-12-31": "", "2013-12-31": "", "2012-12-31": "", "2011-12-31": "", "2010-12-31": "", "2009-12-31": "", "2008-12-31": "", "2007-12-31": "", "2006-12-31": "", "2005-12-31": ""}, "Inventory": {"2020-12-31": "", "2019-12-31": "", "2018-12-31": "", "2017-12-31": "", "2016-12-31": "", "2015-12-31": "", "2014-12-31": "", "2013-12-31": "", "2012-12-31": "", "2011-12-31": "", "2010-12-31": "", "2009-12-31": "", "2008-12-31": "", "2007-12-31": "", "2006-12-31": "", "2005-12-31": ""}, "Pre-Paid Expenses": {"2020-12-31": "", "2019-12-31": "", "2018-12-31": "", "2017-12-31": "", "2016-12-31": "", "2015-12-31": "", "2014-12-31": "", "2013-12-31": "", "2012-12-31": "", "2011-12-31": "56.00700", "2010-12-31": "62.21700", "2009-12-31": "26.74100", "2008-12-31": "26.53900", "2007-12-31": "13.09900", "2006-12-31": "14.19800", "2005-12-31": "13.10000"}, "Other Current Assets": {"2020-12-31": "1556.03000", "2019-12-31": "1160.06700", "2018-12-31": "5899.65200", "2017-12-31": "4847.17900", "2016-12-31": "3986.50900", "2015-12-31": "3121.12500", "2014-12-31": "2318.55700", "2013-12-31": "1858.35800", "2012-12-31": "1492.71300", "2011-12-31": "977.03900", "2010-12-31": "224.62700", "2009-12-31": "64.03000", "2008-12-31": "35.11500", "2007-12-31": "31.92800", "2006-12-31": "10.63500", "2005-12-31": "4.66900"}, "Total Current Assets": {"2020-12-31": "9761.58000", "2019-12-31": "6178.50400", "2018-12-31": "9694.13500", "2017-12-31": "7669.97400", "2016-12-31": "5720.29100", "2015-12-31": "5431.84000", "2014-12-31": "3927.05300", "2013-12-31": "3058.76300", "2012-12-31": "2240.79100", "2011-12-31": "1830.85700", "2010-12-31": "637.23100", "2009-12-31": "411.01300", "2008-12-31": "358.92500", "2007-12-31": "432.42300", "2006-12-31": "428.41800", "2005-12-31": "243.69100"}, "Property, Plant, And Equipment": {"2020-12-31": "960.18300", "2019-12-31": "565.22100", "2018-12-31": "418.28100", "2017-12-31": "319.40400", "2016-12-31": "250.39500", "2015-12-31": "173.41200", "2014-12-31": "149.87500", "2013-12-31": "133.60500", "2012-12-31": "131.68100", "2011-12-31": "136.35300", "2010-12-31": "128.57000", "2009-12-31": "131.65300", "2008-12-31": "124.94800", "2007-12-31": "113.17500", "2006-12-31": "55.50300", "2005-12-31": "40.21300"}, "Long-Term Investments": {"2020-12-31": "", "2019-12-31": "", "2018-12-31": "", "2017-12-31": "", "2016-12-31": "", "2015-12-31": "", "2014-12-31": "", "2013-12-31": "", "2012-12-31": "", "2011-12-31": "", "2010-12-31": "", "2009-12-31": "", "2008-12-31": "", "2007-12-31": "", "2006-12-31": "", "2005-12-31": ""}, "Goodwill And Intangible Assets": {"2020-12-31": "", "2019-12-31": "", "2018-12-31": "", "2017-12-31": "", "2016-12-31": "", "2015-12-31": "", "2014-12-31": "", "2013-12-31": "", "2012-12-31": "", "2011-12-31": "", "2010-12-31": "", "2009-12-31": "", "2008-12-31": "", "2007-12-31": "", "2006-12-31": "", "2005-12-31": "1.70600"}, "Other Long-Term Assets": {"2020-12-31": "28558.60000", "2019-12-31": "27231.99000", "2018-12-31": "15861.98000", "2017-12-31": "11023.36000", "2016-12-31": "7615.92400", "2015-12-31": "4597.61900", "2014-12-31": "2965.57200", "2013-12-31": "2220.19500", "2012-12-31": "1595.41800", "2011-12-31": "1101.98600", "2010-12-31": "216.26600", "2009-12-31": "121.11000", "2008-12-31": "109.14200", "2007-12-31": "116.53500", "2006-12-31": "109.25800", "2005-12-31": "57.83200"}, "Total Long-Term Assets": {"2020-12-31": "29518.78000", "2019-12-31": "27797.21000", "2018-12-31": "16280.27000", "2017-12-31": "11342.77000", "2016-12-31": "7866.31900", "2015-12-31": "4771.03100", "2014-12-31": "3115.44700", "2013-12-31": "2353.80000", "2012-12-31": "1727.09900", "2011-12-31": "1238.33900", "2010-12-31": "344.83600", "2009-12-31": "268.72100", "2008-12-31": "256.49900", "2007-12-31": "246.57500", "2006-12-31": "180.36100", "2005-12-31": "120.99000"}, "Total Assets": {"2020-12-31": "39280.36000", "2019-12-31": "33975.71000", "2018-12-31": "25974.40000", "2017-12-31": "19012.74000", "2016-12-31": "13586.61000", "2015-12-31": "10202.87000", "2014-12-31": "7042.50000", "2013-12-31": "5412.56300", "2012-12-31": "3967.89000", "2011-12-31": "3069.19600", "2010-12-31": "982.06700", "2009-12-31": "679.73400", "2008-12-31": "615.42400", "2007-12-31": "678.99800", "2006-12-31": "608.77900", "2005-12-31": "364.68100"}, "Total Current Liabilities": {"2020-12-31": "7805.78500", "2019-12-31": "6855.69600", "2018-12-31": "6487.32000", "2017-12-31": "5466.31200", "2016-12-31": "4586.65700", "2015-12-31": "3529.62400", "2014-12-31": "2663.15400", "2013-12-31": "2154.20300", "2012-12-31": "1675.92600", "2011-12-31": "1225.05500", "2010-12-31": "388.57900", "2009-12-31": "227.43600", "2008-12-31": "216.01700", "2007-12-31": "208.90500", "2006-12-31": "193.44700", "2005-12-31": "137.58700"}, "Long Term Debt": {"2020-12-31": "15809.09000", "2019-12-31": "14759.26000", "2018-12-31": "10360.06000", "2017-12-31": "6499.43200", "2016-12-31": "3364.31100", "2015-12-31": "2371.36200", "2014-12-31": "885.84900", "2013-12-31": "500.00000", "2012-12-31": "400.00000", "2011-12-31": "400.00000", "2010-12-31": "200.00000", "2009-12-31": "236.57200", "2008-12-31": "37.98800", "2007-12-31": "35.65200", "2006-12-31": "", "2005-12-31": ""}, "Other Non-Current Liabilities": {"2020-12-31": "4600.23900", "2019-12-31": "4778.59900", "2018-12-31": "3888.25700", "2017-12-31": "3465.04200", "2016-12-31": "2955.84200", "2015-12-31": "2078.45900", "2014-12-31": "1635.78900", "2013-12-31": "1424.79900", "2012-12-31": "1147.29100", "2011-12-31": "801.33100", "2010-12-31": "103.32400", "2009-12-31": "16.58300", "2008-12-31": "14.26400", "2007-12-31": "4.62900", "2006-12-31": "1.12100", "2005-12-31": ""}, "Total Long Term Liabilities": {"2020-12-31": "20409.33000", "2019-12-31": "19537.86000", "2018-12-31": "14248.31000", "2017-12-31": "9964.47500", "2016-12-31": "6320.15300", "2015-12-31": "4449.82100", "2014-12-31": "2521.63800", "2013-12-31": "1924.79900", "2012-12-31": "1547.29100", "2011-12-31": "1201.33100", "2010-12-31": "303.32400", "2009-12-31": "253.15500", "2008-12-31": "52.25200", "2007-12-31": "40.28100", "2006-12-31": "1.12100", "2005-12-31": "0.84200"}, "Total Liabilities": {"2020-12-31": "28215.12000", "2019-12-31": "26393.55000", "2018-12-31": "20735.63000", "2017-12-31": "15430.79000", "2016-12-31": "10906.81000", "2015-12-31": "7979.44500", "2014-12-31": "5184.79200", "2013-12-31": "4079.00200", "2012-12-31": "3223.21700", "2011-12-31": "2426.38600", "2010-12-31": "691.90300", "2009-12-31": "480.59100", "2008-12-31": "268.26900", "2007-12-31": "249.18600", "2006-12-31": "194.56800", "2005-12-31": "138.42900"}, "Common Stock Net": {"2020-12-31": "3447.69800", "2019-12-31": "2793.92900", "2018-12-31": "2315.98800", "2017-12-31": "1871.39600", "2016-12-31": "1599.76200", "2015-12-31": "1324.80900", "2014-12-31": "1042.87000", "2013-12-31": "0.06000", "2012-12-31": "0.05600", "2011-12-31": "0.05500", "2010-12-31": "0.05300", "2009-12-31": "0.05300", "2008-12-31": "0.06200", "2007-12-31": "0.06500", "2006-12-31": "0.06900", "2005-12-31": "0.05500"}, "Retained Earnings (Accumulated Deficit)": {"2020-12-31": "7573.14400", "2019-12-31": "4811.74900", "2018-12-31": "2942.35900", "2017-12-31": "1731.11700", "2016-12-31": "1128.60300", "2015-12-31": "941.92500", "2014-12-31": "819.28400", "2013-12-31": "552.48500", "2012-12-31": "440.08200", "2011-12-31": "422.93000", "2010-12-31": "237.73900", "2009-12-31": "198.81700", "2008-12-31": "108.45200", "2007-12-31": "25.42600", "2006-12-31": "-40.58900", "2005-12-31": "-89.67100"}, "Comprehensive Income": {"2020-12-31": "44.39800", "2019-12-31": "-23.52100", "2018-12-31": "-19.58200", "2017-12-31": "-20.55700", "2016-12-31": "-48.56500", "2015-12-31": "-43.30800", "2014-12-31": "-4.44600", "2013-12-31": "3.57500", "2012-12-31": "2.91900", "2011-12-31": "0.70600", "2010-12-31": "0.75000", "2009-12-31": "0.27300", "2008-12-31": "0.08400", "2007-12-31": "1.61100", "2006-12-31": "", "2005-12-31": ""}, "Other Share Holders Equity": {"2020-12-31": "", "2019-12-31": "", "2018-12-31": "", "2017-12-31": "", "2016-12-31": "", "2015-12-31": "", "2014-12-31": "", "2013-12-31": "", "2012-12-31": "", "2011-12-31": "", "2010-12-31": "", "2009-12-31": "", "2008-12-31": "", "2007-12-31": "", "2006-12-31": "", "2005-12-31": ""}, "Share Holder Equity": {"2020-12-31": "11065.24000", "2019-12-31": "7582.15700", "2018-12-31": "5238.76500", "2017-12-31": "3581.95600", "2016-12-31": "2679.80000", "2015-12-31": "2223.42600", "2014-12-31": "1857.70800", "2013-12-31": "1333.56100", "2012-12-31": "744.67300", "2011-12-31": "642.81000", "2010-12-31": "290.16400", "2009-12-31": "199.14300", "2008-12-31": "347.15500", "2007-12-31": "429.81200", "2006-12-31": "414.21100", "2005-12-31": "226.25200"}, "Total Liabilities And Share Holders Equity": {"2020-12-31": "39280.36000", "2019-12-31": "33975.71000", "2018-12-31": "25974.40000", "2017-12-31": "19012.74000", "2016-12-31": "13586.61000", "2015-12-31": "10202.87000", "2014-12-31": "7042.50000", "2013-12-31": "5412.56300", "2012-12-31": "3967.89000", "2011-12-31": "3069.19600", "2010-12-31": "982.06700", "2009-12-31": "679.73400", "2008-12-31": "615.42400", "2007-12-31": "678.99800", "2006-12-31": "608.77900", "2005-12-31": "364.68100"}}, "balance sheet, quarterly": {"Cash On Hand": {"2020-12-31": "8205.55000", "2020-09-30": "8392.39100", "2020-06-30": "7153.24800", "2020-03-31": "5151.88400", "2019-12-31": "5018.43700", "2019-09-30": "4435.01800", "2019-06-30": "5004.24700", "2019-03-31": "3348.55700", "2018-12-31": "3794.48300", "2018-09-30": "3067.53400", "2018-06-30": "3906.35700", "2018-03-31": "2593.66600", "2017-12-31": "2822.79500", "2017-09-30": "1746.46900", "2017-06-30": "2164.90200", "2017-03-31": "1341.22900", "2016-12-31": "1733.78200", "2016-09-30": "1343.25600", "2016-06-30": "1834.22800", "2016-03-31": "2072.47100", "2015-12-31": "2310.71500", "2015-09-30": "2609.64200", "2015-06-30": "2796.75800", "2015-03-31": "2957.70800", "2014-12-31": "1608.49600", "2014-09-30": "1666.81900", "2014-06-30": "1714.36500", "2014-03-31": "1668.24300", "2013-12-31": "1200.40500", "2013-09-30": "1134.98700", "2013-06-30": "1080.11000", "2013-03-31": "1025.87200", "2012-12-31": "748.07800", "2012-09-30": "798.35500", "2012-06-30": "813.34300", "2012-03-31": "804.52600", "2011-12-31": "797.81100", "2011-09-30": "365.77200", "2011-06-30": "376.40700", "2011-03-31": "342.72100", "2010-12-31": "350.38700", "2010-09-30": "256.81300", "2010-06-30": "279.08500", "2010-03-31": "266.33000", "2009-12-31": "320.24200", "2009-09-30": "155.46200", "2009-06-30": "254.96900", "2009-03-31": "286.48900", "2008-12-31": "297.27100", "2008-09-30": "250.82800", "2008-06-30": "313.46400", "2008-03-31": "295.49500", "2007-12-31": "385.14200", "2007-09-30": "386.18100", "2007-06-30": "377.95200", "2007-03-31": "387.98300", "2006-12-31": "400.43000", "2006-09-30": "368.74100", "2006-06-30": "341.70200", "2006-03-31": "227.76500", "2005-12-31": "212.25600", "2005-09-30": "181.88600", "2005-06-30": "170.97200", "2005-03-31": "165.82200"}, "Receivables": {"2020-12-31": "", "2020-09-30": "", "2020-06-30": "", "2020-03-31": "", "2019-12-31": "", "2019-09-30": "", "2019-06-30": "", "2019-03-31": "", "2018-12-31": "", "2018-09-30": "", "2018-06-30": "", "2018-03-31": "", "2017-12-31": "", "2017-09-30": "", "2017-06-30": "", "2017-03-31": "", "2016-12-31": "", "2016-09-30": "", "2016-06-30": "", "2016-03-31": "", "2015-12-31": "", "2015-09-30": "", "2015-06-30": "", "2015-03-31": "", "2014-12-31": "", "2014-09-30": "", "2014-06-30": "", "2014-03-31": "", "2013-12-31": "", "2013-09-30": "", "2013-06-30": "", "2013-03-31": "", "2012-12-31": "", "2012-09-30": "", "2012-06-30": "", "2012-03-31": "", "2011-12-31": "", "2011-09-30": "", "2011-06-30": "", "2011-03-31": "", "2010-12-31": "", "2010-09-30": "", "2010-06-30": "", "2010-03-31": "", "2009-12-31": "", "2009-09-30": "", "2009-06-30": "", "2009-03-31": "", "2008-12-31": "", "2008-09-30": "", "2008-06-30": "", "2008-03-31": "", "2007-12-31": "", "2007-09-30": "", "2007-06-30": "", "2007-03-31": "", "2006-12-31": "", "2006-09-30": "", "2006-06-30": "", "2006-03-31": "", "2005-12-31": "", "2005-09-30": "", "2005-06-30": "", "2005-03-31": ""}, "Inventory": {"2020-12-31": "", "2020-09-30": "", "2020-06-30": "", "2020-03-31": "", "2019-12-31": "", "2019-09-30": "", "2019-06-30": "", "2019-03-31": "", "2018-12-31": "", "2018-09-30": "", "2018-06-30": "", "2018-03-31": "", "2017-12-31": "", "2017-09-30": "", "2017-06-30": "", "2017-03-31": "", "2016-12-31": "", "2016-09-30": "", "2016-06-30": "", "2016-03-31": "", "2015-12-31": "", "2015-09-30": "", "2015-06-30": "", "2015-03-31": "", "2014-12-31": "", "2014-09-30": "", "2014-06-30": "", "2014-03-31": "", "2013-12-31": "", "2013-09-30": "", "2013-06-30": "", "2013-03-31": "", "2012-12-31": "", "2012-09-30": "", "2012-06-30": "", "2012-03-31": "", "2011-12-31": "", "2011-09-30": "", "2011-06-30": "", "2011-03-31": "", "2010-12-31": "", "2010-09-30": "", "2010-06-30": "", "2010-03-31": "", "2009-12-31": "", "2009-09-30": "", "2009-06-30": "", "2009-03-31": "", "2008-12-31": "", "2008-09-30": "", "2008-06-30": "", "2008-03-31": "", "2007-12-31": "", "2007-09-30": "", "2007-06-30": "", "2007-03-31": "", "2006-12-31": "", "2006-09-30": "", "2006-06-30": "", "2006-03-31": "", "2005-12-31": "", "2005-09-30": "", "2005-06-30": "", "2005-03-31": ""}, "Pre-Paid Expenses": {"2020-12-31": "", "2020-09-30": "", "2020-06-30": "", "2020-03-31": "", "2019-12-31": "", "2019-09-30": "", "2019-06-30": "", "2019-03-31": "", "2018-12-31": "", "2018-09-30": "", "2018-06-30": "", "2018-03-31": "", "2017-12-31": "", "2017-09-30": "", "2017-06-30": "", "2017-03-31": "", "2016-12-31": "", "2016-09-30": "", "2016-06-30": "", "2016-03-31": "", "2015-12-31": "", "2015-09-30": "", "2015-06-30": "", "2015-03-31": "", "2014-12-31": "", "2014-09-30": "", "2014-06-30": "", "2014-03-31": "", "2013-12-31": "", "2013-09-30": "30.52200", "2013-06-30": "32.06400", "2013-03-31": "57.25400", "2012-12-31": "", "2012-09-30": "33.15200", "2012-06-30": "48.51000", "2012-03-31": "53.01300", "2011-12-31": "56.00700", "2011-09-30": "77.14600", "2011-06-30": "59.81100", "2011-03-31": "74.59700", "2010-12-31": "62.21700", "2010-09-30": "59.32200", "2010-06-30": "33.83700", "2010-03-31": "57.64200", "2009-12-31": "26.74100", "2009-09-30": "22.61800", "2009-06-30": "26.10100", "2009-03-31": "22.16700", "2008-12-31": "26.53900", "2008-09-30": "25.25600", "2008-06-30": "22.49200", "2008-03-31": "14.18200", "2007-12-31": "13.09900", "2007-09-30": "13.63100", "2007-06-30": "12.32900", "2007-03-31": "15.99900", "2006-12-31": "14.19800", "2006-09-30": "12.17500", "2006-06-30": "12.01100", "2006-03-31": "10.02900", "2005-12-31": "13.10000", "2005-09-30": "6.62800", "2005-06-30": "8.91600", "2005-03-31": "6.80900"}, "Other Current Assets": {"2020-12-31": "1556.03000", "2020-09-30": "1434.08900", "2020-06-30": "1410.89100", "2020-03-31": "1295.89700", "2019-12-31": "1160.06700", "2019-09-30": "892.74000", "2019-06-30": "872.91000", "2019-03-31": "820.35000", "2018-12-31": "5899.65200", "2018-09-30": "5662.44700", "2018-06-30": "5440.53200", "2018-03-31": "5223.91000", "2017-12-31": "4847.17900", "2017-09-30": "4638.87900", "2017-06-30": "4535.88300", "2017-03-31": "4319.10100", "2016-12-31": "3986.50900", "2016-09-30": "3850.63700", "2016-06-30": "3552.69000", "2016-03-31": "3471.36500", "2015-12-31": "3121.12500", "2015-09-30": "2960.07100", "2015-06-30": "2803.75200", "2015-03-31": "2581.34800", "2014-12-31": "2318.55700", "2014-09-30": "2156.66300", "2014-06-30": "1954.01500", "2014-03-31": "1918.54100", "2013-12-31": "1858.35800", "2013-09-30": "1683.76900", "2013-06-30": "1458.14800", "2013-03-31": "1473.97400", "2012-12-31": "1492.71300", "2012-09-30": "1393.51100", "2012-06-30": "1275.93200", "2012-03-31": "1201.20200", "2011-12-31": "977.03900", "2011-09-30": "747.19500", "2011-06-30": "533.22600", "2011-03-31": "304.28400", "2010-12-31": "224.62700", "2010-09-30": "176.11200", "2010-06-30": "128.29600", "2010-03-31": "55.56600", "2009-12-31": "64.03000", "2009-09-30": "51.17600", "2009-06-30": "55.90000", "2009-03-31": "50.68200", "2008-12-31": "35.11500", "2008-09-30": "18.26800", "2008-06-30": "19.85900", "2008-03-31": "13.20800", "2007-12-31": "31.92800", "2007-09-30": "15.69700", "2007-06-30": "17.11000", "2007-03-31": "19.10000", "2006-12-31": "10.63500", "2006-09-30": "9.52400", "2006-06-30": "9.54500", "2006-03-31": "5.43600", "2005-12-31": "4.66900", "2005-09-30": "3.40400", "2005-06-30": "2.51700", "2005-03-31": "1.40500"}, "Total Current Assets": {"2020-12-31": "9761.58000", "2020-09-30": "9826.48000", "2020-06-30": "8564.13900", "2020-03-31": "6447.78100", "2019-12-31": "6178.50400", "2019-09-30": "5327.75800", "2019-06-30": "5877.15700", "2019-03-31": "4168.90700", "2018-12-31": "9694.13500", "2018-09-30": "8729.98100", "2018-06-30": "9346.88900", "2018-03-31": "7817.57600", "2017-12-31": "7669.97400", "2017-09-30": "6385.34800", "2017-06-30": "6700.78500", "2017-03-31": "5660.33000", "2016-12-31": "5720.29100", "2016-09-30": "5193.89300", "2016-06-30": "5386.91800", "2016-03-31": "5543.83600", "2015-12-31": "5431.84000", "2015-09-30": "5569.71300", "2015-06-30": "5600.51000", "2015-03-31": "5539.05600", "2014-12-31": "3927.05300", "2014-09-30": "3823.48200", "2014-06-30": "3668.38000", "2014-03-31": "3586.78400", "2013-12-31": "3058.76300", "2013-09-30": "2849.27800", "2013-06-30": "2570.32200", "2013-03-31": "2557.10000", "2012-12-31": "2240.79100", "2012-09-30": "2225.01800", "2012-06-30": "2137.78500", "2012-03-31": "2058.74100", "2011-12-31": "1830.85700", "2011-09-30": "1190.11300", "2011-06-30": "969.44400", "2011-03-31": "721.60200", "2010-12-31": "637.23100", "2010-09-30": "492.24700", "2010-06-30": "441.21800", "2010-03-31": "379.53800", "2009-12-31": "411.01300", "2009-09-30": "234.96200", "2009-06-30": "342.56400", "2009-03-31": "364.88000", "2008-12-31": "358.92500", "2008-09-30": "301.37500", "2008-06-30": "359.15400", "2008-03-31": "326.16200", "2007-12-31": "432.42300", "2007-09-30": "418.31800", "2007-06-30": "410.57000", "2007-03-31": "426.27300", "2006-12-31": "428.41800", "2006-09-30": "395.09400", "2006-06-30": "370.09000", "2006-03-31": "255.32000", "2005-12-31": "243.69100", "2005-09-30": "191.91800", "2005-06-30": "182.40500", "2005-03-31": "174.03600"}, "Property, Plant, And Equipment": {"2020-12-31": "960.18300", "2020-09-30": "828.11800", "2020-06-30": "751.94100", "2020-03-31": "650.45500", "2019-12-31": "565.22100", "2019-09-30": "481.99200", "2019-06-30": "452.39900", "2019-03-31": "434.37200", "2018-12-31": "418.28100", "2018-09-30": "371.15200", "2018-06-30": "349.64600", "2018-03-31": "341.93200", "2017-12-31": "319.40400", "2017-09-30": "322.42100", "2017-06-30": "309.83100", "2017-03-31": "275.08300", "2016-12-31": "250.39500", "2016-09-30": "191.87600", "2016-06-30": "162.86400", "2016-03-31": "166.25400", "2015-12-31": "173.41200", "2015-09-30": "181.26800", "2015-06-30": "171.39600", "2015-03-31": "145.81600", "2014-12-31": "149.87500", "2014-09-30": "144.14700", "2014-06-30": "141.71500", "2014-03-31": "133.47300", "2013-12-31": "133.60500", "2013-09-30": "127.26300", "2013-06-30": "127.93100", "2013-03-31": "129.31900", "2012-12-31": "131.68100", "2012-09-30": "133.60300", "2012-06-30": "124.64400", "2012-03-31": "128.19700", "2011-12-31": "136.35300", "2011-09-30": "143.99300", "2011-06-30": "136.94800", "2011-03-31": "134.80000", "2010-12-31": "128.57000", "2010-09-30": "125.05700", "2010-06-30": "123.29200", "2010-03-31": "127.16500", "2009-12-31": "131.65300", "2009-09-30": "122.11900", "2009-06-30": "120.34600", "2009-03-31": "123.81700", "2008-12-31": "124.94800", "2008-09-30": "128.54100", "2008-06-30": "129.55300", "2008-03-31": "86.99700", "2007-12-31": "113.17500", "2007-09-30": "71.61600", "2007-06-30": "67.35500", "2007-03-31": "64.45200", "2006-12-31": "55.50300", "2006-09-30": "43.16400", "2006-06-30": "41.60700", "2006-03-31": "40.08800", "2005-12-31": "40.21300", "2005-09-30": "30.41500", "2005-06-30": "27.41000", "2005-03-31": "23.63500"}, "Long-Term Investments": {"2020-12-31": "", "2020-09-30": "", "2020-06-30": "", "2020-03-31": "", "2019-12-31": "", "2019-09-30": "", "2019-06-30": "", "2019-03-31": "", "2018-12-31": "", "2018-09-30": "", "2018-06-30": "", "2018-03-31": "", "2017-12-31": "", "2017-09-30": "", "2017-06-30": "", "2017-03-31": "", "2016-12-31": "", "2016-09-30": "", "2016-06-30": "", "2016-03-31": "", "2015-12-31": "", "2015-09-30": "", "2015-06-30": "", "2015-03-31": "", "2014-12-31": "", "2014-09-30": "", "2014-06-30": "", "2014-03-31": "", "2013-12-31": "", "2013-09-30": "", "2013-06-30": "", "2013-03-31": "", "2012-12-31": "", "2012-09-30": "", "2012-06-30": "", "2012-03-31": "", "2011-12-31": "", "2011-09-30": "", "2011-06-30": "", "2011-03-31": "", "2010-12-31": "", "2010-09-30": "", "2010-06-30": "", "2010-03-31": "", "2009-12-31": "", "2009-09-30": "", "2009-06-30": "", "2009-03-31": "", "2008-12-31": "", "2008-09-30": "", "2008-06-30": "", "2008-03-31": "", "2007-12-31": "", "2007-09-30": "", "2007-06-30": "", "2007-03-31": "", "2006-12-31": "", "2006-09-30": "", "2006-06-30": "", "2006-03-31": "", "2005-12-31": "", "2005-09-30": "", "2005-06-30": "", "2005-03-31": ""}, "Goodwill And Intangible Assets": {"2020-12-31": "", "2020-09-30": "", "2020-06-30": "", "2020-03-31": "", "2019-12-31": "", "2019-09-30": "", "2019-06-30": "", "2019-03-31": "", "2018-12-31": "", "2018-09-30": "", "2018-06-30": "", "2018-03-31": "", "2017-12-31": "", "2017-09-30": "", "2017-06-30": "", "2017-03-31": "", "2016-12-31": "", "2016-09-30": "", "2016-06-30": "", "2016-03-31": "", "2015-12-31": "", "2015-09-30": "", "2015-06-30": "", "2015-03-31": "", "2014-12-31": "", "2014-09-30": "", "2014-06-30": "", "2014-03-31": "", "2013-12-31": "", "2013-09-30": "", "2013-06-30": "", "2013-03-31": "", "2012-12-31": "", "2012-09-30": "", "2012-06-30": "", "2012-03-31": "", "2011-12-31": "", "2011-09-30": "", "2011-06-30": "", "2011-03-31": "", "2010-12-31": "", "2010-09-30": "", "2010-06-30": "", "2010-03-31": "", "2009-12-31": "", "2009-09-30": "", "2009-06-30": "", "2009-03-31": "", "2008-12-31": "", "2008-09-30": "", "2008-06-30": "", "2008-03-31": "", "2007-12-31": "", "2007-09-30": "", "2007-06-30": "", "2007-03-31": "", "2006-12-31": "", "2006-09-30": "2.13300", "2006-06-30": "2.15500", "2006-03-31": "1.73500", "2005-12-31": "1.70600", "2005-09-30": "2.03700", "2005-06-30": "1.67900", "2005-03-31": "2.06800"}, "Other Long-Term Assets": {"2020-12-31": "28558.60000", "2020-09-30": "27967.95000", "2020-06-30": "27859.20000", "2020-03-31": "27961.67000", "2019-12-31": "27231.99000", "2019-09-30": "25131.96000", "2019-06-30": "23841.78000", "2019-03-31": "22615.35000", "2018-12-31": "15861.98000", "2018-09-30": "14265.10000", "2018-06-30": "12967.00000", "2018-03-31": "11993.29000", "2017-12-31": "11023.36000", "2017-09-30": "10243.77000", "2017-06-30": "9506.60700", "2017-03-31": "8423.68300", "2016-12-31": "7615.92400", "2016-09-30": "6961.56900", "2016-06-30": "6043.72500", "2016-03-31": "5552.18400", "2015-12-31": "4597.61900", "2015-09-30": "4165.28600", "2015-06-30": "3882.95500", "2015-03-31": "3555.75400", "2014-12-31": "2965.57200", "2014-09-30": "2810.70000", "2014-06-30": "2515.72700", "2014-03-31": "2327.84900", "2013-12-31": "2220.19500", "2013-09-30": "1924.78400", "2013-06-30": "1782.49800", "2013-03-31": "1676.87000", "2012-12-31": "1595.41800", "2012-09-30": "1450.21200", "2012-06-30": "1215.86100", "2012-03-31": "1293.52100", "2011-12-31": "1101.98600", "2011-09-30": "598.70900", "2011-06-30": "438.41800", "2011-03-31": "211.33400", "2010-12-31": "216.26600", "2010-09-30": "133.76000", "2010-06-30": "107.51100", "2010-03-31": "122.79900", "2009-12-31": "121.11000", "2009-09-30": "117.80600", "2009-06-30": "111.85800", "2009-03-31": "116.87400", "2008-12-31": "109.14200", "2008-09-30": "133.25200", "2008-06-30": "137.69500", "2008-03-31": "155.75200", "2007-12-31": "116.53500", "2007-09-30": "117.75100", "2007-06-30": "118.03900", "2007-03-31": "118.56600", "2006-12-31": "109.25800", "2006-09-30": "93.45100", "2006-06-30": "80.16000", "2006-03-31": "75.04500", "2005-12-31": "57.83200", "2005-09-30": "53.93200", "2005-06-30": "57.23400", "2005-03-31": "53.84300"}, "Total Long-Term Assets": {"2020-12-31": "29518.78000", "2020-09-30": "28796.06000", "2020-06-30": "28611.14000", "2020-03-31": "28612.13000", "2019-12-31": "27797.21000", "2019-09-30": "25613.95000", "2019-06-30": "24294.18000", "2019-03-31": "23049.72000", "2018-12-31": "16280.27000", "2018-09-30": "14636.25000", "2018-06-30": "13316.65000", "2018-03-31": "12335.22000", "2017-12-31": "11342.77000", "2017-09-30": "10566.19000", "2017-06-30": "9816.43800", "2017-03-31": "8698.76600", "2016-12-31": "7866.31900", "2016-09-30": "7153.44500", "2016-06-30": "6206.58900", "2016-03-31": "5718.43800", "2015-12-31": "4771.03100", "2015-09-30": "4346.55400", "2015-06-30": "4054.35100", "2015-03-31": "3701.57000", "2014-12-31": "3115.44700", "2014-09-30": "2954.84700", "2014-06-30": "2657.44200", "2014-03-31": "2461.32200", "2013-12-31": "2353.80000", "2013-09-30": "2052.04700", "2013-06-30": "1910.42900", "2013-03-31": "1806.18900", "2012-12-31": "1727.09900", "2012-09-30": "1583.81500", "2012-06-30": "1340.50500", "2012-03-31": "1421.71800", "2011-12-31": "1238.33900", "2011-09-30": "771.44510", "2011-06-30": "601.24900", "2011-03-31": "368.58600", "2010-12-31": "344.83600", "2010-09-30": "278.03600", "2010-06-30": "252.75400", "2010-03-31": "268.75500", "2009-12-31": "268.72100", "2009-09-30": "257.16900", "2009-06-30": "249.42900", "2009-03-31": "263.79800", "2008-12-31": "256.49900", "2008-09-30": "281.62400", "2008-06-30": "286.86900", "2008-03-31": "259.51600", "2007-12-31": "246.57500", "2007-09-30": "205.87900", "2007-06-30": "201.73000", "2007-03-31": "198.83700", "2006-12-31": "180.36100", "2006-09-30": "155.50000", "2006-06-30": "142.62200", "2006-03-31": "137.62500", "2005-12-31": "120.99000", "2005-09-30": "86.38400", "2005-06-30": "86.32300", "2005-03-31": "79.54600"}, "Total Assets": {"2020-12-31": "39280.36000", "2020-09-30": "38622.54000", "2020-06-30": "37175.28000", "2020-03-31": "35059.91000", "2019-12-31": "33975.71000", "2019-09-30": "30941.71000", "2019-06-30": "30171.34000", "2019-03-31": "27218.63000", "2018-12-31": "25974.40000", "2018-09-30": "23366.23000", "2018-06-30": "22663.54000", "2018-03-31": "20152.80000", "2017-12-31": "19012.74000", "2017-09-30": "16951.54000", "2017-06-30": "16517.22000", "2017-03-31": "14359.10000", "2016-12-31": "13586.61000", "2016-09-30": "12347.34000", "2016-06-30": "11593.51000", "2016-03-31": "11262.27000", "2015-12-31": "10202.87000", "2015-09-30": "9916.26700", "2015-06-30": "9654.86100", "2015-03-31": "9240.62600", "2014-12-31": "7042.50000", "2014-09-30": "6778.32900", "2014-06-30": "6325.82200", "2014-03-31": "6048.10600", "2013-12-31": "5412.56300", "2013-09-30": "4901.32500", "2013-06-30": "4480.75100", "2013-03-31": "4363.28900", "2012-12-31": "3967.89000", "2012-09-30": "3808.83300", "2012-06-30": "3478.29000", "2012-03-31": "3480.45900", "2011-12-31": "3069.19600", "2011-09-30": "1961.55800", "2011-06-30": "1570.69300", "2011-03-31": "1090.18800", "2010-12-31": "982.06700", "2010-09-30": "770.28300", "2010-06-30": "693.97200", "2010-03-31": "648.29300", "2009-12-31": "679.73400", "2009-09-30": "492.13100", "2009-06-30": "591.99300", "2009-03-31": "628.67800", "2008-12-31": "615.42400", "2008-09-30": "582.99900", "2008-06-30": "646.02300", "2008-03-31": "585.67800", "2007-12-31": "678.99800", "2007-09-30": "624.19700", "2007-06-30": "612.30000", "2007-03-31": "625.11000", "2006-12-31": "608.77900", "2006-09-30": "550.59400", "2006-06-30": "512.71200", "2006-03-31": "392.94500", "2005-12-31": "364.68100", "2005-09-30": "278.30200", "2005-06-30": "268.72800", "2005-03-31": "253.58200"}, "Total Current Liabilities": {"2020-12-31": "7805.78500", "2020-09-30": "7939.79500", "2020-06-30": "7626.41800", "2020-03-31": "7853.72500", "2019-12-31": "6855.69600", "2019-09-30": "7257.90000", "2019-06-30": "6933.98400", "2019-03-31": "6857.80700", "2018-12-31": "6487.32000", "2018-09-30": "6298.24000", "2018-06-30": "6079.64100", "2018-03-31": "6005.58700", "2017-12-31": "5466.31200", "2017-09-30": "5310.67700", "2017-06-30": "5122.94500", "2017-03-31": "4911.22900", "2016-12-31": "4586.65700", "2016-09-30": "4411.40500", "2016-06-30": "4051.83700", "2016-03-31": "3933.63200", "2015-12-31": "3529.62400", "2015-09-30": "3341.41800", "2015-06-30": "3220.06900", "2015-03-31": "3008.84900", "2014-12-31": "2663.15400", "2014-09-30": "2548.65500", "2014-06-30": "2335.12400", "2014-03-31": "2263.65300", "2013-12-31": "2154.20300", "2013-09-30": "1935.13600", "2013-06-30": "1670.26400", "2013-03-31": "1688.71400", "2012-12-31": "1675.92600", "2012-09-30": "1598.22300", "2012-06-30": "1498.84400", "2012-03-31": "1446.66600", "2011-12-31": "1225.05500", "2011-09-30": "967.96600", "2011-06-30": "726.70900", "2011-03-31": "490.31800", "2010-12-31": "388.57900", "2010-09-30": "312.10700", "2010-06-30": "258.16700", "2010-03-31": "243.44700", "2009-12-31": "227.43600", "2009-09-30": "203.52200", "2009-06-30": "211.18600", "2009-03-31": "226.71300", "2008-12-31": "216.01700", "2008-09-30": "207.88900", "2008-06-30": "205.37700", "2008-03-31": "226.96400", "2007-12-31": "208.90500", "2007-09-30": "187.83200", "2007-06-30": "167.03300", "2007-03-31": "191.72100", "2006-12-31": "193.44700", "2006-09-30": "162.48200", "2006-06-30": "145.32700", "2006-03-31": "154.23300", "2005-12-31": "137.58700", "2005-09-30": "98.75500", "2005-06-30": "103.41000", "2005-03-31": "100.77600"}, "Long Term Debt": {"2020-12-31": "15809.09000", "2020-09-30": "15547.62000", "2020-06-30": "15295.00000", "2020-03-31": "14170.69000", "2019-12-31": "14759.26000", "2019-09-30": "12425.75000", "2019-06-30": "12594.13000", "2019-03-31": "10305.02000", "2018-12-31": "10360.06000", "2018-09-30": "8336.58600", "2018-06-30": "8342.06700", "2018-03-31": "6542.37300", "2017-12-31": "6499.43200", "2017-09-30": "4888.78300", "2017-06-30": "4836.50200", "2017-03-31": "3365.43100", "2016-12-31": "3364.31100", "2016-09-30": "2373.96600", "2016-06-30": "2373.08500", "2016-03-31": "2372.21800", "2015-12-31": "2371.36200", "2015-09-30": "2400.00000", "2015-06-30": "2400.00000", "2015-03-31": "2400.00000", "2014-12-31": "885.84900", "2014-09-30": "900.00000", "2014-06-30": "900.00000", "2014-03-31": "900.00000", "2013-12-31": "500.00000", "2013-09-30": "500.00000", "2013-06-30": "500.00000", "2013-03-31": "700.00000", "2012-12-31": "400.00000", "2012-09-30": "400.00000", "2012-06-30": "400.00000", "2012-03-31": "400.00000", "2011-12-31": "400.00000", "2011-09-30": "232.40000", "2011-06-30": "232.98600", "2011-03-31": "233.56400", "2010-12-31": "200.00000", "2010-09-30": "234.65900", "2010-06-30": "235.18500", "2010-03-31": "235.70400", "2009-12-31": "236.57200", "2009-09-30": "36.94000", "2009-06-30": "37.30100", "2009-03-31": "37.65600", "2008-12-31": "37.98800", "2008-09-30": "38.28700", "2008-06-30": "38.58200", "2008-03-31": "", "2007-12-31": "35.65200", "2007-09-30": "", "2007-06-30": "", "2007-03-31": "", "2006-12-31": "", "2006-09-30": "", "2006-06-30": "", "2006-03-31": "", "2005-12-31": "", "2005-09-30": "", "2005-06-30": "", "2005-03-31": ""}, "Other Non-Current Liabilities": {"2020-12-31": "4600.23900", "2020-09-30": "4801.80900", "2020-06-30": "4919.11200", "2020-03-31": "4626.19900", "2019-12-31": "4778.59900", "2019-09-30": "4396.56000", "2019-06-30": "4537.67200", "2019-03-31": "4352.74400", "2018-12-31": "3888.25700", "2018-09-30": "3721.75000", "2018-06-30": "3745.22900", "2018-03-31": "3584.10700", "2017-12-31": "3465.04200", "2017-09-30": "3424.71900", "2017-06-30": "3445.27600", "2017-03-31": "3108.75300", "2016-12-31": "2955.84200", "2016-09-30": "3033.00100", "2016-06-30": "2752.75100", "2016-03-31": "2639.19100", "2015-12-31": "2078.45900", "2015-09-30": "2007.53100", "2015-06-30": "2002.71700", "2015-03-31": "1922.56300", "2014-12-31": "1635.78900", "2014-09-30": "1604.80000", "2014-06-30": "1480.99300", "2014-03-31": "1406.09500", "2013-12-31": "1424.79900", "2013-09-30": "1261.81900", "2013-06-30": "1204.86500", "2013-03-31": "1161.65600", "2012-12-31": "1147.29100", "2012-09-30": "1093.77000", "2012-06-30": "891.22000", "2012-03-31": "970.39100", "2011-12-31": "801.33100", "2011-09-30": "372.84000", "2011-06-30": "276.96400", "2011-03-31": "90.58400", "2010-12-31": "103.32400", "2010-09-30": "31.54200", "2010-06-30": "23.98000", "2010-03-31": "22.40700", "2009-12-31": "16.58300", "2009-09-30": "19.46700", "2009-06-30": "19.13500", "2009-03-31": "17.99700", "2008-12-31": "14.26400", "2008-09-30": "11.99000", "2008-06-30": "12.60200", "2008-03-31": "3.28100", "2007-12-31": "4.62900", "2007-09-30": "", "2007-06-30": "", "2007-03-31": "", "2006-12-31": "1.12100", "2006-09-30": "", "2006-06-30": "", "2006-03-31": "", "2005-12-31": "", "2005-09-30": "", "2005-06-30": "", "2005-03-31": ""}, "Total Long Term Liabilities": {"2020-12-31": "20409.33000", "2020-09-30": "20349.43000", "2020-06-30": "20214.11000", "2020-03-31": "18796.89000", "2019-12-31": "19537.86000", "2019-09-30": "16822.31000", "2019-06-30": "17131.81000", "2019-03-31": "14657.77000", "2018-12-31": "14248.31000", "2018-09-30": "12058.34000", "2018-06-30": "12087.30000", "2018-03-31": "10126.48000", "2017-12-31": "9964.47500", "2017-09-30": "8313.50200", "2017-06-30": "8281.77700", "2017-03-31": "6474.18400", "2016-12-31": "6320.15300", "2016-09-30": "5406.96700", "2016-06-30": "5125.83600", "2016-03-31": "5011.40900", "2015-12-31": "4449.82100", "2015-09-30": "4407.53100", "2015-06-30": "4402.71700", "2015-03-31": "4322.56300", "2014-12-31": "2521.63800", "2014-09-30": "2504.80000", "2014-06-30": "2380.99300", "2014-03-31": "2306.09500", "2013-12-31": "1924.79900", "2013-09-30": "1761.81900", "2013-06-30": "1704.86500", "2013-03-31": "1861.65600", "2012-12-31": "1547.29100", "2012-09-30": "1493.77000", "2012-06-30": "1291.22000", "2012-03-31": "1370.39100", "2011-12-31": "1201.33100", "2011-09-30": "605.24000", "2011-06-30": "509.95000", "2011-03-31": "324.14800", "2010-12-31": "303.32400", "2010-09-30": "266.20100", "2010-06-30": "259.16500", "2010-03-31": "258.11100", "2009-12-31": "253.15500", "2009-09-30": "56.40700", "2009-06-30": "56.43600", "2009-03-31": "55.65300", "2008-12-31": "52.25200", "2008-09-30": "50.27700", "2008-06-30": "51.18400", "2008-03-31": "3.28100", "2007-12-31": "40.28100", "2007-09-30": "1.92700", "2007-06-30": "1.18600", "2007-03-31": "1.18500", "2006-12-31": "1.12100", "2006-09-30": "1.10900", "2006-06-30": "1.03100", "2006-03-31": "0.91200", "2005-12-31": "0.84200", "2005-09-30": "0.87500", "2005-06-30": "0.78500", "2005-03-31": "0.69300"}, "Total Liabilities": {"2020-12-31": "28215.12000", "2020-09-30": "28289.22000", "2020-06-30": "27840.53000", "2020-03-31": "26650.62000", "2019-12-31": "26393.55000", "2019-09-30": "24080.21000", "2019-06-30": "24065.79000", "2019-03-31": "21515.57000", "2018-12-31": "20735.63000", "2018-09-30": "18356.58000", "2018-06-30": "18166.94000", "2018-03-31": "16132.07000", "2017-12-31": "15430.79000", "2017-09-30": "13624.18000", "2017-06-30": "13404.72000", "2017-03-31": "11385.41000", "2016-12-31": "10906.81000", "2016-09-30": "9818.37200", "2016-06-30": "9177.67300", "2016-03-31": "8945.04100", "2015-12-31": "7979.44500", "2015-09-30": "7748.94900", "2015-06-30": "7622.78600", "2015-03-31": "7331.41200", "2014-12-31": "5184.79200", "2014-09-30": "5053.45500", "2014-06-30": "4716.11700", "2014-03-31": "4569.74800", "2013-12-31": "4079.00200", "2013-09-30": "3696.95500", "2013-06-30": "3375.12900", "2013-03-31": "3550.37000", "2012-12-31": "3223.21700", "2012-09-30": "3091.99300", "2012-06-30": "2790.06400", "2012-03-31": "2817.05700", "2011-12-31": "2426.38600", "2011-09-30": "1573.20600", "2011-06-30": "1236.65900", "2011-03-31": "814.46600", "2010-12-31": "691.90300", "2010-09-30": "578.30800", "2010-06-30": "517.33200", "2010-03-31": "501.55800", "2009-12-31": "480.59100", "2009-09-30": "259.92900", "2009-06-30": "267.62200", "2009-03-31": "282.36600", "2008-12-31": "268.26900", "2008-09-30": "258.16600", "2008-06-30": "256.56100", "2008-03-31": "230.24500", "2007-12-31": "249.18600", "2007-09-30": "189.75900", "2007-06-30": "168.21900", "2007-03-31": "192.90600", "2006-12-31": "194.56800", "2006-09-30": "163.59100", "2006-06-30": "146.35800", "2006-03-31": "155.14500", "2005-12-31": "138.42900", "2005-09-30": "99.63000", "2005-06-30": "104.19500", "2005-03-31": "101.46900"}, "Common Stock Net": {"2020-12-31": "3447.69800", "2020-09-30": "3303.48200", "2020-06-30": "3127.81300", "2020-03-31": "2935.53200", "2019-12-31": "2793.92900", "2019-09-30": "2677.97200", "2019-06-30": "2566.36500", "2019-03-31": "2439.77300", "2018-12-31": "2315.98800", "2018-09-30": "2215.73600", "2018-06-30": "2103.43700", "2018-03-31": "1995.22500", "2017-12-31": "1871.39600", "2017-09-30": "1807.12300", "2017-06-30": "1727.85800", "2017-03-31": "1669.13200", "2016-12-31": "1599.76200", "2016-09-30": "1503.64100", "2016-06-30": "1443.70700", "2016-03-31": "1382.05100", "2015-12-31": "1324.80900", "2015-09-30": "1306.46100", "2015-06-30": "1200.88000", "2015-03-31": "0.06100", "2014-12-31": "1042.87000", "2014-09-30": "0.06000", "2014-06-30": "0.06000", "2014-03-31": "0.06000", "2013-12-31": "0.06000", "2013-09-30": "0.05900", "2013-06-30": "0.05900", "2013-03-31": "0.05600", "2012-12-31": "0.05600", "2012-09-30": "0.05600", "2012-06-30": "0.05600", "2012-03-31": "0.05500", "2011-12-31": "0.05500", "2011-09-30": "0.05300", "2011-06-30": "0.05300", "2011-03-31": "0.05200", "2010-12-31": "0.05300", "2010-09-30": "0.05200", "2010-06-30": "0.05200", "2010-03-31": "0.05200", "2009-12-31": "0.05300", "2009-09-30": "0.06400", "2009-06-30": "0.06400", "2009-03-31": "0.06300", "2008-12-31": "0.06200", "2008-09-30": "0.06200", "2008-06-30": "0.06200", "2008-03-31": "0.06100", "2007-12-31": "0.06500", "2007-09-30": "0.06600", "2007-06-30": "0.06800", "2007-03-31": "0.06900", "2006-12-31": "0.06900", "2006-09-30": "0.06800", "2006-06-30": "0.06800", "2006-03-31": "0.05500", "2005-12-31": "0.05500", "2005-09-30": "0.05400", "2005-06-30": "0.05300", "2005-03-31": "0.05300"}, "Retained Earnings (Accumulated Deficit)": {"2020-12-31": "7573.14400", "2020-09-30": "7030.98800", "2020-06-30": "6241.01200", "2020-03-31": "5520.81600", "2019-12-31": "4811.74900", "2019-09-30": "4224.77900", "2019-06-30": "3559.53500", "2019-03-31": "3288.88500", "2018-12-31": "2942.35900", "2018-09-30": "2808.42500", "2018-06-30": "2405.59000", "2018-03-31": "2021.24100", "2017-12-31": "1731.11700", "2017-09-30": "1545.60000", "2017-06-30": "1416.01000", "2017-03-31": "1350.41000", "2016-12-31": "1128.60300", "2016-09-30": "1061.85500", "2016-06-30": "1010.33800", "2016-03-31": "969.58300", "2015-12-31": "941.92500", "2015-09-30": "898.74700", "2015-06-30": "869.31500", "2015-03-31": "842.98000", "2014-12-31": "819.28400", "2014-09-30": "735.91300", "2014-06-30": "676.61800", "2014-03-31": "605.60000", "2013-12-31": "552.48500", "2013-09-30": "504.06400", "2013-06-30": "472.24200", "2013-03-31": "442.77100", "2012-12-31": "440.08200", "2012-09-30": "432.18500", "2012-06-30": "424.51000", "2012-03-31": "418.34600", "2011-12-31": "422.93000", "2011-09-30": "387.71100", "2011-06-30": "333.09700", "2011-03-31": "275.08000", "2010-12-31": "237.73900", "2010-09-30": "190.64400", "2010-06-30": "175.78600", "2010-03-31": "146.19600", "2009-12-31": "198.81700", "2009-09-30": "193.39900", "2009-06-30": "163.25800", "2009-03-31": "130.81500", "2008-12-31": "108.45200", "2008-09-30": "85.72000", "2008-06-30": "65.34900", "2008-03-31": "39.74100", "2007-12-31": "25.42600", "2007-09-30": "10.58700", "2007-06-30": "-5.14500", "2007-03-31": "-30.72500", "2006-12-31": "-40.58900", "2006-09-30": "-55.44900", "2006-06-30": "-68.23000", "2006-03-31": "-85.26700", "2005-12-31": "-89.67100", "2005-09-30": "-127.88200", "2005-06-30": "-134.82800", "2005-03-31": "-140.51200"}, "Comprehensive Income": {"2020-12-31": "44.39800", "2020-09-30": "-1.14700", "2020-06-30": "-34.07200", "2020-03-31": "-47.05400", "2019-12-31": "-23.52100", "2019-09-30": "-41.24600", "2019-06-30": "-20.35200", "2019-03-31": "-25.60000", "2018-12-31": "-19.58200", "2018-09-30": "-14.50800", "2018-06-30": "-12.42700", "2018-03-31": "4.26400", "2017-12-31": "-20.55700", "2017-09-30": "-25.36200", "2017-06-30": "-31.36800", "2017-03-31": "-45.85900", "2016-12-31": "-48.56500", "2016-09-30": "-36.53000", "2016-06-30": "-38.21100", "2016-03-31": "-34.40100", "2015-12-31": "-43.30800", "2015-09-30": "-37.89000", "2015-06-30": "-38.12000", "2015-03-31": "-43.15400", "2014-12-31": "-4.44600", "2014-09-30": "1.64500", "2014-06-30": "6.50200", "2014-03-31": "4.50300", "2013-12-31": "3.57500", "2013-09-30": "1.57000", "2013-06-30": "-1.66400", "2013-03-31": "0.29100", "2012-12-31": "2.91900", "2012-09-30": "3.00600", "2012-06-30": "0.96100", "2012-03-31": "1.57700", "2011-12-31": "0.70600", "2011-09-30": "0.58800", "2011-06-30": "0.88400", "2011-03-31": "0.59000", "2010-12-31": "0.75000", "2010-09-30": "1.27900", "2010-06-30": "0.80200", "2010-03-31": "0.48700", "2009-12-31": "0.27300", "2009-09-30": "0.55200", "2009-06-30": "0.72500", "2009-03-31": "-0.44700", "2008-12-31": "0.08400", "2008-09-30": "-2.41000", "2008-06-30": "-0.81400", "2008-03-31": "0.31000", "2007-12-31": "1.61100", "2007-09-30": "0.73700", "2007-06-30": "-0.52100", "2007-03-31": "0.48400", "2006-12-31": "", "2006-09-30": "", "2006-06-30": "", "2006-03-31": "", "2005-12-31": "", "2005-09-30": "-0.22200", "2005-06-30": "-0.22200", "2005-03-31": "-0.22200"}, "Other Share Holders Equity": {"2020-12-31": "", "2020-09-30": "", "2020-06-30": "", "2020-03-31": "", "2019-12-31": "", "2019-09-30": "", "2019-06-30": "", "2019-03-31": "", "2018-12-31": "", "2018-09-30": "", "2018-06-30": "", "2018-03-31": "", "2017-12-31": "", "2017-09-30": "", "2017-06-30": "", "2017-03-31": "", "2016-12-31": "", "2016-09-30": "", "2016-06-30": "", "2016-03-31": "", "2015-12-31": "", "2015-09-30": "", "2015-06-30": "", "2015-03-31": "", "2014-12-31": "", "2014-09-30": "", "2014-06-30": "", "2014-03-31": "", "2013-12-31": "", "2013-09-30": "", "2013-06-30": "", "2013-03-31": "", "2012-12-31": "", "2012-09-30": "", "2012-06-30": "", "2012-03-31": "", "2011-12-31": "", "2011-09-30": "", "2011-06-30": "", "2011-03-31": "", "2010-12-31": "", "2010-09-30": "", "2010-06-30": "", "2010-03-31": "", "2009-12-31": "", "2009-09-30": "", "2009-06-30": "", "2009-03-31": "", "2008-12-31": "", "2008-09-30": "", "2008-06-30": "", "2008-03-31": "", "2007-12-31": "", "2007-09-30": "", "2007-06-30": "", "2007-03-31": "", "2006-12-31": "", "2006-09-30": "", "2006-06-30": "", "2006-03-31": "", "2005-12-31": "", "2005-09-30": "", "2005-06-30": "", "2005-03-31": ""}, "Share Holder Equity": {"2020-12-31": "11065.24000", "2020-09-30": "10333.32000", "2020-06-30": "9334.75300", "2020-03-31": "8409.29400", "2019-12-31": "7582.15700", "2019-09-30": "6861.50500", "2019-06-30": "6105.54800", "2019-03-31": "5703.05800", "2018-12-31": "5238.76500", "2018-09-30": "5009.65300", "2018-06-30": "4496.60000", "2018-03-31": "4020.73000", "2017-12-31": "3581.95600", "2017-09-30": "3327.36100", "2017-06-30": "3112.50000", "2017-03-31": "2973.68300", "2016-12-31": "2679.80000", "2016-09-30": "2528.96600", "2016-06-30": "2415.83400", "2016-03-31": "2317.23300", "2015-12-31": "2223.42600", "2015-09-30": "2167.31800", "2015-06-30": "2032.07500", "2015-03-31": "1909.21400", "2014-12-31": "1857.70800", "2014-09-30": "1724.87400", "2014-06-30": "1609.70500", "2014-03-31": "1478.35800", "2013-12-31": "1333.56100", "2013-09-30": "1204.37000", "2013-06-30": "1105.62200", "2013-03-31": "812.91900", "2012-12-31": "744.67300", "2012-09-30": "716.84000", "2012-06-30": "688.22600", "2012-03-31": "663.40200", "2011-12-31": "642.81000", "2011-09-30": "388.35200", "2011-06-30": "334.03400", "2011-03-31": "275.72200", "2010-12-31": "290.16400", "2010-09-30": "191.97500", "2010-06-30": "176.64000", "2010-03-31": "146.73500", "2009-12-31": "199.14300", "2009-09-30": "232.20200", "2009-06-30": "324.37100", "2009-03-31": "346.31200", "2008-12-31": "347.15500", "2008-09-30": "324.83300", "2008-06-30": "389.46200", "2008-03-31": "355.43300", "2007-12-31": "429.81200", "2007-09-30": "434.43800", "2007-06-30": "444.08100", "2007-03-31": "432.20400", "2006-12-31": "414.21100", "2006-09-30": "387.00300", "2006-06-30": "366.35400", "2006-03-31": "237.80000", "2005-12-31": "226.25200", "2005-09-30": "178.67200", "2005-06-30": "164.53300", "2005-03-31": "152.11300"}, "Total Liabilities And Share Holders Equity": {"2020-12-31": "39280.36000", "2020-09-30": "38622.54000", "2020-06-30": "37175.28000", "2020-03-31": "35059.91000", "2019-12-31": "33975.71000", "2019-09-30": "30941.71000", "2019-06-30": "30171.34000", "2019-03-31": "27218.63000", "2018-12-31": "25974.40000", "2018-09-30": "23366.23000", "2018-06-30": "22663.54000", "2018-03-31": "20152.80000", "2017-12-31": "19012.74000", "2017-09-30": "16951.54000", "2017-06-30": "16517.22000", "2017-03-31": "14359.10000", "2016-12-31": "13586.61000", "2016-09-30": "12347.34000", "2016-06-30": "11593.51000", "2016-03-31": "11262.27000", "2015-12-31": "10202.87000", "2015-09-30": "9916.26700", "2015-06-30": "9654.86100", "2015-03-31": "9240.62600", "2014-12-31": "7042.50000", "2014-09-30": "6778.32900", "2014-06-30": "6325.82200", "2014-03-31": "6048.10600", "2013-12-31": "5412.56300", "2013-09-30": "4901.32500", "2013-06-30": "4480.75100", "2013-03-31": "4363.28900", "2012-12-31": "3967.89000", "2012-09-30": "3808.83300", "2012-06-30": "3478.29000", "2012-03-31": "3480.45900", "2011-12-31": "3069.19600", "2011-09-30": "1961.55800", "2011-06-30": "1570.69300", "2011-03-31": "1090.18800", "2010-12-31": "982.06700", "2010-09-30": "770.28300", "2010-06-30": "693.97200", "2010-03-31": "648.29300", "2009-12-31": "679.73400", "2009-09-30": "492.13100", "2009-06-30": "591.99300", "2009-03-31": "628.67800", "2008-12-31": "615.42400", "2008-09-30": "582.99900", "2008-06-30": "646.02300", "2008-03-31": "585.67800", "2007-12-31": "678.99800", "2007-09-30": "624.19700", "2007-06-30": "612.30000", "2007-03-31": "625.11000", "2006-12-31": "608.77900", "2006-09-30": "550.59400", "2006-06-30": "512.71200", "2006-03-31": "392.94500", "2005-12-31": "364.68100", "2005-09-30": "278.30200", "2005-06-30": "268.72800", "2005-03-31": "253.58200"}}, "cash flow statement": {"Net Income/Loss": {"2020-12-31": "2761.39500", "2019-12-31": "1866.91600", "2018-12-31": "1211.24200", "2017-12-31": "558.92900", "2016-12-31": "186.67800", "2015-12-31": "122.64100", "2014-12-31": "266.79900", "2013-12-31": "112.40300", "2012-12-31": "17.15200", "2011-12-31": "226.12600", "2010-12-31": "160.85300", "2009-12-31": "115.86000", "2008-12-31": "83.02600", "2007-12-31": "66.60800", "2006-12-31": "48.83900", "2005-12-31": "42.02700"}, "Total Depreciation And Amortization - Cash Flow": {"2020-12-31": "10922.62000", "2019-12-31": "9319.82600", "2018-12-31": "7615.24500", "2017-12-31": "6269.72800", "2016-12-31": "4924.97800", "2015-12-31": "3547.04500", "2014-12-31": "2781.79800", "2013-12-31": "2241.68000", "2012-12-31": "1702.08300", "2011-12-31": "839.61900", "2010-12-31": "338.69500", "2009-12-31": "257.53400", "2008-12-31": "242.83600", "2007-12-31": "225.65800", "2006-12-31": "157.80800", "2005-12-31": "107.00200"}, "Other Non-Cash Items": {"2020-12-31": "-11225.07000", "2019-12-31": "-14117.11000", "2018-12-31": "-11800.73000", "2017-12-31": "-8673.58200", "2016-12-31": "-6778.02000", "2015-12-31": "-4592.01200", "2014-12-31": "-3168.77700", "2013-12-31": "-2357.06200", "2012-12-31": "-1722.47500", "2011-12-31": "-863.62590", "2010-12-31": "-282.28700", "2009-12-31": "-70.91200", "2008-12-31": "-63.53000", "2007-12-31": "-30.34700", "2006-12-31": "6.35500", "2005-12-31": "-24.15500"}, "Total Non-Cash Items": {"2020-12-31": "-302.44430", "2019-12-31": "-4797.28100", "2018-12-31": "-4185.48800", "2017-12-31": "-2403.85400", "2016-12-31": "-1853.04200", "2015-12-31": "-1044.96700", "2014-12-31": "-386.97880", "2013-12-31": "-115.38210", "2012-12-31": "-20.39200", "2011-12-31": "-24.00680", "2010-12-31": "56.40800", "2009-12-31": "186.62200", "2008-12-31": "179.30600", "2007-12-31": "195.31100", "2006-12-31": "164.16300", "2005-12-31": "82.84700"}, "Change In Accounts Receivable": {"2020-12-31": "", "2019-12-31": "", "2018-12-31": "", "2017-12-31": "", "2016-12-31": "", "2015-12-31": "", "2014-12-31": "", "2013-12-31": "", "2012-12-31": "", "2011-12-31": "", "2010-12-31": "", "2009-12-31": "", "2008-12-31": "", "2007-12-31": "", "2006-12-31": "", "2005-12-31": ""}, "Change In Inventories": {"2020-12-31": "", "2019-12-31": "", "2018-12-31": "", "2017-12-31": "", "2016-12-31": "", "2015-12-31": "", "2014-12-31": "", "2013-12-31": "", "2012-12-31": "", "2011-12-31": "", "2010-12-31": "", "2009-12-31": "", "2008-12-31": "", "2007-12-31": "", "2006-12-31": "", "2005-12-31": ""}, "Change In Accounts Payable": {"2020-12-31": "-41.60500", "2019-12-31": "96.06300", "2018-12-31": "199.19800", "2017-12-31": "74.55900", "2016-12-31": "32.24700", "2015-12-31": "51.61500", "2014-12-31": "83.81200", "2013-12-31": "18.37400", "2012-12-31": "-4.94300", "2011-12-31": "23.96800", "2010-12-31": "19.21400", "2009-12-31": "1.53700", "2008-12-31": "7.11100", "2007-12-31": "16.55500", "2006-12-31": "3.20800", "2005-12-31": "8.24600"}, "Change In Assets/Liabilities": {"2020-12-31": "-188.45100", "2019-12-31": "-210.79800", "2018-12-31": "-55.85300", "2017-12-31": "-129.91900", "2016-12-31": "91.42700", "2015-12-31": "72.46200", "2014-12-31": "-2.78500", "2013-12-31": "80.49500", "2012-12-31": "19.96300", "2011-12-31": "26.06500", "2010-12-31": "-25.77200", "2009-12-31": "7.87500", "2008-12-31": "16.41800", "2007-12-31": "-33.85900", "2006-12-31": "14.42100", "2005-12-31": "11.95500"}, "Total Change In Assets/Liabilities": {"2020-12-31": "-31.87300", "2019-12-31": "43.04300", "2018-12-31": "293.76700", "2017-12-31": "58.97700", "2016-12-31": "192.38000", "2015-12-31": "172.88700", "2014-12-31": "136.66300", "2013-12-31": "100.81000", "2012-12-31": "24.82600", "2011-12-31": "115.59300", "2010-12-31": "59.14000", "2009-12-31": "22.58100", "2008-12-31": "21.70500", "2007-12-31": "15.50500", "2006-12-31": "35.18800", "2005-12-31": "32.63300"}, "Cash Flow From Operating Activities": {"2020-12-31": "2427.07700", "2019-12-31": "-2887.32200", "2018-12-31": "-2680.47900", "2017-12-31": "-1785.94800", "2016-12-31": "-1473.98400", "2015-12-31": "-749.43900", "2014-12-31": "16.48300", "2013-12-31": "97.83100", "2012-12-31": "21.58600", "2011-12-31": "317.71200", "2010-12-31": "276.40100", "2009-12-31": "325.06300", "2008-12-31": "284.03700", "2007-12-31": "277.42400", "2006-12-31": "248.19000", "2005-12-31": "157.50700"}, "Net Change In Property, Plant, And Equipment": {"2020-12-31": "-497.92300", "2019-12-31": "-253.03500", "2018-12-31": "-173.94600", "2017-12-31": "-173.30200", "2016-12-31": "-107.65300", "2015-12-31": "-91.24800", "2014-12-31": "-69.72600", "2013-12-31": "-54.14300", "2012-12-31": "-40.27800", "2011-12-31": "-49.68200", "2010-12-31": "-33.83700", "2009-12-31": "-45.93200", "2008-12-31": "-43.79000", "2007-12-31": "-44.25600", "2006-12-31": "-27.33300", "2005-12-31": "-27.65300"}, "Net Change In Intangible Assets": {"2020-12-31": "", "2019-12-31": "", "2018-12-31": "", "2017-12-31": "", "2016-12-31": "-77.17700", "2015-12-31": "-77.95800", "2014-12-31": "-74.79000", "2013-12-31": "-65.92700", "2012-12-31": "-48.27500", "2011-12-31": "-85.15400", "2010-12-31": "-123.90100", "2009-12-31": "-193.04400", "2008-12-31": "-163.91100", "2007-12-31": "-209.19700", "2006-12-31": "-170.11300", "2005-12-31": "-111.92700"}, "Net Acquisitions/Divestitures": {"2020-12-31": "", "2019-12-31": "", "2018-12-31": "", "2017-12-31": "", "2016-12-31": "", "2015-12-31": "", "2014-12-31": "", "2013-12-31": "", "2012-12-31": "", "2011-12-31": "", "2010-12-31": "", "2009-12-31": "", "2008-12-31": "", "2007-12-31": "", "2006-12-31": "", "2005-12-31": ""}, "Net Change In Short-term Investments": {"2020-12-31": "", "2019-12-31": "", "2018-12-31": "", "2017-12-31": "268.04000", "2016-12-31": "235.53600", "2015-12-31": "-8.07400", "2014-12-31": "100.31600", "2013-12-31": "-141.83700", "2012-12-31": "-165.00300", "2011-12-31": "-134.65200", "2010-12-31": "29.31300", "2009-12-31": "-25.62100", "2008-12-31": "50.37400", "2007-12-31": "-204.50800", "2006-12-31": "", "2005-12-31": ""}, "Net Change In Long-Term Investments": {"2020-12-31": "", "2019-12-31": "", "2018-12-31": "", "2017-12-31": "", "2016-12-31": "", "2015-12-31": "", "2014-12-31": "", "2013-12-31": "", "2012-12-31": "", "2011-12-31": "", "2010-12-31": "", "2009-12-31": "7.48300", "2008-12-31": "-6.00000", "2007-12-31": "", "2006-12-31": "", "2005-12-31": ""}, "Net Change In Investments - Total": {"2020-12-31": "", "2019-12-31": "", "2018-12-31": "", "2017-12-31": "268.04000", "2016-12-31": "235.53600", "2015-12-31": "-8.07400", "2014-12-31": "100.31600", "2013-12-31": "-141.83700", "2012-12-31": "-165.00300", "2011-12-31": "-134.65200", "2010-12-31": "29.31300", "2009-12-31": "-18.13800", "2008-12-31": "44.37400", "2007-12-31": "-204.50800", "2006-12-31": "", "2005-12-31": ""}, "Investing Activities - Other": {"2020-12-31": "-7.43100", "2019-12-31": "-134.02900", "2018-12-31": "-165.17400", "2017-12-31": "-60.40900", "2016-12-31": "-0.94100", "2015-12-31": "-1.91200", "2014-12-31": "1.33400", "2013-12-31": "5.93900", "2012-12-31": "8.81600", "2011-12-31": "3.67400", "2010-12-31": "12.34400", "2009-12-31": "11.03500", "2008-12-31": "18.36700", "2007-12-31": "21.93700", "2006-12-31": "11.57700", "2005-12-31": "6.33200"}, "Cash Flow From Investing Activities": {"2020-12-31": "-505.35400", "2019-12-31": "-387.06400", "2018-12-31": "-339.12000", "2017-12-31": "34.32900", "2016-12-31": "49.76500", "2015-12-31": "-179.19200", "2014-12-31": "-42.86600", "2013-12-31": "-255.96800", "2012-12-31": "-244.74000", "2011-12-31": "-265.81400", "2010-12-31": "-116.08100", "2009-12-31": "-246.07900", "2008-12-31": "-144.96000", "2007-12-31": "-436.02400", "2006-12-31": "-185.86900", "2005-12-31": "-133.24800"}, "Net Long-Term Debt": {"2020-12-31": "1009.46400", "2019-12-31": "4469.30600", "2018-12-31": "3961.85200", "2017-12-31": "3020.51000", "2016-12-31": "1000.00000", "2015-12-31": "1500.00000", "2014-12-31": "400.00000", "2013-12-31": "279.45800", "2012-12-31": "-2.31900", "2011-12-31": "195.97700", "2010-12-31": "-1.77600", "2009-12-31": "191.73700", "2008-12-31": "-0.82300", "2007-12-31": "-0.39000", "2006-12-31": "-0.32800", "2005-12-31": "-0.07900"}, "Net Current Debt": {"2020-12-31": "", "2019-12-31": "", "2018-12-31": "", "2017-12-31": "", "2016-12-31": "", "2015-12-31": "", "2014-12-31": "", "2013-12-31": "", "2012-12-31": "", "2011-12-31": "", "2010-12-31": "", "2009-12-31": "", "2008-12-31": "", "2007-12-31": "", "2006-12-31": "", "2005-12-31": ""}, "Debt Issuance/Retirement Net - Total": {"2020-12-31": "1009.46400", "2019-12-31": "4469.30600", "2018-12-31": "3961.85200", "2017-12-31": "3020.51000", "2016-12-31": "1000.00000", "2015-12-31": "1500.00000", "2014-12-31": "400.00000", "2013-12-31": "279.45800", "2012-12-31": "-2.31900", "2011-12-31": "195.97700", "2010-12-31": "-1.77600", "2009-12-31": "191.73700", "2008-12-31": "-0.82300", "2007-12-31": "-0.39000", "2006-12-31": "-0.32800", "2005-12-31": "-0.07900"}, "Net Common Equity Issued/Repurchased": {"2020-12-31": "235.40600", "2019-12-31": "72.49000", "2018-12-31": "124.50200", "2017-12-31": "88.37800", "2016-12-31": "36.97900", "2015-12-31": "77.98000", "2014-12-31": "60.54400", "2013-12-31": "124.55700", "2012-12-31": "3.66000", "2011-12-31": "19.89500", "2010-12-31": "-160.48300", "2009-12-31": "-289.06100", "2008-12-31": "-181.03200", "2007-12-31": "-90.24900", "2006-12-31": "112.96400", "2005-12-31": "13.39300"}, "Net Total Equity Issued/Repurchased": {"2020-12-31": "235.40600", "2019-12-31": "72.49000", "2018-12-31": "124.50200", "2017-12-31": "88.37800", "2016-12-31": "36.97900", "2015-12-31": "77.98000", "2014-12-31": "60.54400", "2013-12-31": "124.55700", "2012-12-31": "3.66000", "2011-12-31": "19.89500", "2010-12-31": "-160.48300", "2009-12-31": "-289.06100", "2008-12-31": "-181.03200", "2007-12-31": "-90.24900", "2006-12-31": "112.96400", "2005-12-31": "13.39300"}, "Total Common And Preferred Stock Dividends Paid": {"2020-12-31": "", "2019-12-31": "", "2018-12-31": "", "2017-12-31": "", "2016-12-31": "", "2015-12-31": "", "2014-12-31": "", "2013-12-31": "", "2012-12-31": "", "2011-12-31": "", "2010-12-31": "", "2009-12-31": "", "2008-12-31": "", "2007-12-31": "", "2006-12-31": "", "2005-12-31": ""}, "Financial Activities - Other": {"2020-12-31": "-7.55900", "2019-12-31": "-36.13400", "2018-12-31": "-37.82700", "2017-12-31": "-31.89800", "2016-12-31": "54.65100", "2015-12-31": "62.29700", "2014-12-31": "81.16800", "2013-12-31": "72.24900", "2012-12-31": "4.24800", "2011-12-31": "45.78400", "2010-12-31": "62.21400", "2009-12-31": "12.68300", "2008-12-31": "5.22000", "2007-12-31": "26.24800", "2006-12-31": "13.21700", "2005-12-31": ""}, "Cash Flow From Financial Activities": {"2020-12-31": "1237.31100", "2019-12-31": "4505.66200", "2018-12-31": "4048.52700", "2017-12-31": "3076.99000", "2016-12-31": "1091.63000", "2015-12-31": "1640.27700", "2014-12-31": "541.71200", "2013-12-31": "476.26400", "2012-12-31": "5.58900", "2011-12-31": "261.65600", "2010-12-31": "-100.04500", "2009-12-31": "-84.64100", "2008-12-31": "-176.63500", "2007-12-31": "-64.39100", "2006-12-31": "125.85300", "2005-12-31": "13.31400"}, "Net Cash Flow": {"2020-12-31": "3195.08400", "2019-12-31": "1231.74500", "2018-12-31": "989.24600", "2017-12-31": "1355.21900", "2016-12-31": "-341.75400", "2015-12-31": "695.72200", "2014-12-31": "508.64300", "2013-12-31": "314.67400", "2012-12-31": "-217.76200", "2011-12-31": "313.55400", "2010-12-31": "60.27500", "2009-12-31": "-5.65700", "2008-12-31": "-37.55800", "2007-12-31": "-222.99100", "2006-12-31": "188.17400", "2005-12-31": "37.79500"}, "Stock-Based Compensation": {"2020-12-31": "415.18000", "2019-12-31": "405.37600", "2018-12-31": "320.65700", "2017-12-31": "182.20900", "2016-12-31": "173.67500", "2015-12-31": "124.72500", "2014-12-31": "115.23900", "2013-12-31": "73.10000", "2012-12-31": "73.94800", "2011-12-31": "61.58200", "2010-12-31": "27.99600", "2009-12-31": "12.61800", "2008-12-31": "12.26400", "2007-12-31": "11.97600", "2006-12-31": "12.69600", "2005-12-31": "14.32700"}, "Common Stock Dividends Paid": {"2020-12-31": "", "2019-12-31": "", "2018-12-31": "", "2017-12-31": "", "2016-12-31": "", "2015-12-31": "", "2014-12-31": "", "2013-12-31": "", "2012-12-31": "", "2011-12-31": "", "2010-12-31": "", "2009-12-31": "", "2008-12-31": "", "2007-12-31": "", "2006-12-31": "", "2005-12-31": ""}}, "cash flow statement, quarterly": {"Net Income/Loss": {"2020-12-31": 542.156, "2020-09-30": 789.976, "2020-06-30": 720.196, "2020-03-31": "709.06700", "2019-12-31": 586.97, "2019-09-30": 665.244, "2019-06-30": 270.65, "2019-03-31": "344.05200", "2018-12-31": 133.934, "2018-09-30": 402.835, "2018-06-30": 384.349, "2018-03-31": "290.12400", "2017-12-31": 185.517, "2017-09-30": 129.59, "2017-06-30": 65.6, "2017-03-31": "178.22200", "2016-12-31": 66.748, "2016-09-30": 51.517, "2016-06-30": 40.755, "2016-03-31": "27.65800", "2015-12-31": 43.178, "2015-09-30": 29.432, "2015-06-30": 26.335, "2015-03-31": "23.69600", "2014-12-31": 83.371, "2014-09-30": 59.295, "2014-06-30": 71.018, "2014-03-31": "53.11500", "2013-12-31": 48.421, "2013-09-30": 31.822, "2013-06-30": 29.471, "2013-03-31": "2.68900", "2012-12-31": 7.897, "2012-09-30": 7.675, "2012-06-30": 6.164, "2012-03-31": "-4.58400", "2011-12-31": 35.219, "2011-09-30": 62.46, "2011-06-30": 68.214, "2011-03-31": "60.23300", "2010-12-31": 47.095, "2010-09-30": 37.967, "2010-06-30": 43.519, "2010-03-31": "32.27200", "2009-12-31": 30.913, "2009-09-30": 30.141, "2009-06-30": 32.443, "2009-03-31": "22.36300", "2008-12-31": 22.732, "2008-09-30": 20.371, "2008-06-30": 26.579, "2008-03-31": "13.34400", "2007-12-31": 15.691, "2007-09-30": 15.647, "2007-06-30": 25.406, "2007-03-31": "9.86400", "2006-12-31": 14.617, "2006-09-30": 12.781, "2006-06-30": 17.037, "2006-03-31": "4.40400", "2005-12-31": 38.211, "2005-09-30": 6.946, "2005-06-30": 5.684, "2005-03-31": "-8.81400"}, "Total Depreciation And Amortization - Cash Flow": {"2020-12-31": 3014.566, "2020-09-30": 2762.332, "2020-06-30": 2633.82, "2020-03-31": "2511.90200", "2019-12-31": 2607.487, "2019-09-30": 2306.681, "2019-06-30": 2257.411, "2019-03-31": "2148.24700", "2018-12-31": 2044.632, "2018-09-30": 1942.887, "2018-06-30": 1848.707, "2018-03-31": "1779.01900", "2017-12-31": 1684.568, "2017-09-30": 1659.974, "2017-06-30": 1585.856, "2017-03-31": "1339.33000", "2016-12-31": 1363.903, "2016-09-30": 1257.802, "2016-06-30": 1209.513, "2016-03-31": "1093.76000", "2015-12-31": 996.142, "2015-09-30": 906.039, "2015-06-30": 858.994, "2015-03-31": "785.87000", "2014-12-31": 764.843, "2014-09-30": 718.78, "2014-06-30": 668.937, "2014-03-31": "629.23800", "2013-12-31": 603.275, "2013-09-30": 582.392, "2013-06-30": 539.985, "2013-03-31": "516.02800", "2012-12-31": 492.415, "2012-09-30": 435.2071, "2012-06-30": 403.3479, "2012-03-31": "371.11300", "2011-12-31": 315.859, "2011-09-30": 222.359, "2011-06-30": 178.648, "2011-03-31": "122.75300", "2010-12-31": 105.268, "2010-09-30": 85.824, "2010-06-30": 74.452, "2010-03-31": "73.15100", "2009-12-31": 70.06, "2009-09-30": 66.434, "2009-06-30": 62.367, "2009-03-31": "58.67300", "2008-12-31": 56.907, "2008-09-30": 56.259, "2008-06-30": 65.377, "2008-03-31": "64.29300", "2007-12-31": 60.985, "2007-09-30": 54.205, "2007-06-30": 56.483, "2007-03-31": "53.98500", "2006-12-31": 50.787, "2006-09-30": 40.344, "2006-06-30": 35.775, "2006-03-31": "30.90200", "2005-12-31": 27.476, "2005-09-30": 27.04, "2005-06-30": 28.088, "2005-03-31": "24.39800"}, "Other Non-Cash Items": {"2020-12-31": -3569.313, "2020-09-30": -2634.219, "2020-06-30": -2102.234, "2020-03-31": "-2919.30400", "2019-12-31": -4419.531, "2019-09-30": -3704.899, "2019-06-30": -3076.171, "2019-03-31": "-2916.50900", "2018-12-31": -3414.766, "2018-09-30": -3128.694, "2018-06-30": -2745.043, "2018-03-31": "-2512.22700", "2017-12-31": -2379.292, "2017-09-30": -2301.205, "2017-06-30": -2050.466, "2017-03-31": "-1942.61900", "2016-12-31": -2005.666, "2016-09-30": -1857.442, "2016-06-30": -1531.296, "2016-03-31": "-1383.61600", "2015-12-31": -1228.723, "2015-09-30": -1223.225, "2015-06-30": -1093.876, "2015-03-31": "-1046.18800", "2014-12-31": -858.746, "2014-09-30": -851.446, "2014-06-30": -733.616, "2014-03-31": "-724.96900", "2013-12-31": -641.08, "2013-09-30": -570.568, "2013-06-30": -589.435, "2013-03-31": "-555.97900", "2012-12-31": -490.874, "2012-09-30": -469.841, "2012-06-30": -397.635, "2012-03-31": "-364.12500", "2011-12-31": -319.9079, "2011-09-30": -228.586, "2011-06-30": -197.576, "2011-03-31": "-117.55600", "2010-12-31": -112.955, "2010-09-30": -63.868, "2010-06-30": -47.146, "2010-03-31": "-58.31800", "2009-12-31": -28.502, "2009-09-30": -11.685, "2009-06-30": -26.368, "2009-03-31": "-4.35700", "2008-12-31": -47.375, "2008-09-30": -4.562, "2008-06-30": -6.132, "2008-03-31": "-5.46100", "2007-12-31": -4.615, "2007-09-30": -6.394, "2007-06-30": -15.066, "2007-03-31": "-4.27200", "2006-12-31": -2.803, "2006-09-30": 1.131, "2006-06-30": 5.421, "2006-03-31": "2.60600", "2005-12-31": -33.005, "2005-09-30": 2.474, "2005-06-30": 3.215, "2005-03-31": "3.16100"}, "Total Non-Cash Items": {"2020-12-31": -554.7422, "2020-09-30": 128.1138, "2020-06-30": 531.5862, "2020-03-31": "-407.40210", "2019-12-31": -1812.042, "2019-09-30": -1398.217, "2019-06-30": -818.7598, "2019-03-31": "-768.26220", "2018-12-31": -1370.137, "2018-09-30": -1185.807, "2018-06-30": -896.3361, "2018-03-31": "-733.20790", "2017-12-31": -694.724, "2017-09-30": -641.231, "2017-06-30": -464.6099, "2017-03-31": "-603.28910", "2016-12-31": -641.763, "2016-09-30": -599.6398, "2016-06-30": -321.7831, "2016-03-31": "-289.85610", "2015-12-31": -232.5808, "2015-09-30": -317.1862, "2015-06-30": -234.8819, "2015-03-31": "-260.31810", "2014-12-31": -93.9026, "2014-09-30": -132.6662, "2014-06-30": -64.679, "2014-03-31": "-95.73100", "2013-12-31": -37.8051, "2013-09-30": 11.8239, "2013-06-30": -49.4499, "2013-03-31": "-39.95100", "2012-12-31": 1.5409, "2012-09-30": -34.6338, "2012-06-30": 5.7129, "2012-03-31": "6.98800", "2011-12-31": -4.0488, "2011-09-30": -6.227, "2011-06-30": -18.928, "2011-03-31": "5.19700", "2010-12-31": -7.687, "2010-09-30": 21.956, "2010-06-30": 27.306, "2010-03-31": "14.83300", "2009-12-31": 41.558, "2009-09-30": 54.749, "2009-06-30": 35.999, "2009-03-31": "54.31600", "2008-12-31": 9.532, "2008-09-30": 51.697, "2008-06-30": 59.245, "2008-03-31": "58.83200", "2007-12-31": 56.37, "2007-09-30": 47.811, "2007-06-30": 41.417, "2007-03-31": "49.71300", "2006-12-31": 47.984, "2006-09-30": 41.475, "2006-06-30": 41.196, "2006-03-31": "33.50800", "2005-12-31": -5.529, "2005-09-30": 29.514, "2005-06-30": 31.303, "2005-03-31": "27.55900"}, "Change In Accounts Receivable": {"2020-12-31": 0, "2020-09-30": 0, "2020-06-30": 0, "2020-03-31": "", "2019-12-31": 0, "2019-09-30": 0, "2019-06-30": 0, "2019-03-31": "", "2018-12-31": 0, "2018-09-30": 0, "2018-06-30": 0, "2018-03-31": "", "2017-12-31": 0, "2017-09-30": 0, "2017-06-30": 0, "2017-03-31": "", "2016-12-31": 0, "2016-09-30": 0, "2016-06-30": 0, "2016-03-31": "", "2015-12-31": 0, "2015-09-30": 0, "2015-06-30": 0, "2015-03-31": "", "2014-12-31": 0, "2014-09-30": 0, "2014-06-30": 0, "2014-03-31": "", "2013-12-31": 0, "2013-09-30": 0, "2013-06-30": 0, "2013-03-31": "", "2012-12-31": 0, "2012-09-30": 0, "2012-06-30": 0, "2012-03-31": "", "2011-12-31": 0, "2011-09-30": 0, "2011-06-30": 0, "2011-03-31": "", "2010-12-31": 0, "2010-09-30": 0, "2010-06-30": 0, "2010-03-31": "", "2009-12-31": 0, "2009-09-30": 0, "2009-06-30": 0, "2009-03-31": "", "2008-12-31": 0, "2008-09-30": 0, "2008-06-30": 0, "2008-03-31": "", "2007-12-31": 0, "2007-09-30": 0, "2007-06-30": 0, "2007-03-31": "", "2006-12-31": 0, "2006-09-30": 0, "2006-06-30": 0, "2006-03-31": "", "2005-12-31": 0, "2005-09-30": 0, "2005-06-30": 0, "2005-03-31": ""}, "Change In Inventories": {"2020-12-31": 0, "2020-09-30": 0, "2020-06-30": 0, "2020-03-31": "", "2019-12-31": 0, "2019-09-30": 0, "2019-06-30": 0, "2019-03-31": "", "2018-12-31": 0, "2018-09-30": 0, "2018-06-30": 0, "2018-03-31": "", "2017-12-31": 0, "2017-09-30": 0, "2017-06-30": 0, "2017-03-31": "", "2016-12-31": 0, "2016-09-30": 0, "2016-06-30": 0, "2016-03-31": "", "2015-12-31": 0, "2015-09-30": 0, "2015-06-30": 0, "2015-03-31": "", "2014-12-31": 0, "2014-09-30": 0, "2014-06-30": 0, "2014-03-31": "", "2013-12-31": 0, "2013-09-30": 0, "2013-06-30": 0, "2013-03-31": "", "2012-12-31": 0, "2012-09-30": 0, "2012-06-30": 0, "2012-03-31": "", "2011-12-31": 0, "2011-09-30": 0, "2011-06-30": 0, "2011-03-31": "", "2010-12-31": 0, "2010-09-30": 0, "2010-06-30": 0, "2010-03-31": "", "2009-12-31": 0, "2009-09-30": 0, "2009-06-30": 0, "2009-03-31": "", "2008-12-31": 0, "2008-09-30": 0, "2008-06-30": 0, "2008-03-31": "", "2007-12-31": 0, "2007-09-30": 0, "2007-06-30": 0, "2007-03-31": "", "2006-12-31": 0, "2006-09-30": 0, "2006-06-30": 0, "2006-03-31": "", "2005-12-31": 0, "2005-09-30": 0, "2005-06-30": 0, "2005-03-31": ""}, "Change In Accounts Payable": {"2020-12-31": 107.898, "2020-09-30": 111.677, "2020-06-30": -112.027, "2020-03-31": "-149.15300", "2019-12-31": 230.847, "2019-09-30": -7.643, "2019-06-30": -2.674, "2019-03-31": "-124.46700", "2018-12-31": 121.831, "2018-09-30": -4.449, "2018-06-30": 7.733, "2018-03-31": "74.08300", "2017-12-31": 63.969, "2017-09-30": 34.029, "2017-06-30": -12.439, "2017-03-31": "-11.00000", "2016-12-31": 15.54, "2016-09-30": 27.81, "2016-06-30": 8.795, "2016-03-31": "-19.89800", "2015-12-31": 49.031, "2015-09-30": 6.762, "2015-06-30": 6.447, "2015-03-31": "-10.62500", "2014-12-31": 51.083, "2014-09-30": 13.003, "2014-06-30": -3.086, "2014-03-31": "22.81200", "2013-12-31": 12.37, "2013-09-30": -5.877, "2013-06-30": -5.138, "2013-03-31": "17.01900", "2012-12-31": 6.224, "2012-09-30": -9.727, "2012-06-30": 0.316, "2012-03-31": "-1.75600", "2011-12-31": 20.019, "2011-09-30": -7.052, "2011-06-30": -4.231, "2011-03-31": "15.23200", "2010-12-31": 17.968, "2010-09-30": -10.914, "2010-06-30": -5.18, "2010-03-31": "17.34000", "2009-12-31": 12.687, "2009-09-30": -13.173, "2009-06-30": -6.549, "2009-03-31": "8.57200", "2008-12-31": -7.917, "2008-09-30": -0.744, "2008-06-30": 7.092, "2008-03-31": "8.68000", "2007-12-31": 16.942, "2007-09-30": 6.048, "2007-06-30": -17.834, "2007-03-31": "11.39900", "2006-12-31": 3.178, "2006-09-30": -2.624, "2006-06-30": -0.219, "2006-03-31": "2.87300", "2005-12-31": 14.863, "2005-09-30": -13.053, "2005-06-30": 3.579, "2005-03-31": "2.85700"}, "Change In Assets/Liabilities": {"2020-12-31": -56.399, "2020-09-30": -32.032, "2020-06-30": 6.771, "2020-03-31": "-106.79100", "2019-12-31": -233.715, "2019-09-30": -22.049, "2019-06-30": 33.735, "2019-03-31": "11.23100", "2018-12-31": -70.924, "2018-09-30": -36.99, "2018-06-30": 38.866, "2018-03-31": "13.19500", "2017-12-31": -37.55, "2017-09-30": -16.001, "2017-06-30": -75.037, "2017-03-31": "-1.33100", "2016-12-31": 5.897, "2016-09-30": 29.415, "2016-06-30": 43.841, "2016-03-31": "12.27400", "2015-12-31": -64.754, "2015-09-30": 74.14, "2015-06-30": -20.867, "2015-03-31": "83.94300", "2014-12-31": -83.062, "2014-09-30": 29.909, "2014-06-30": -6.237, "2014-03-31": "56.60500", "2013-12-31": 11.429, "2013-09-30": 8.375, "2013-06-30": 48.566, "2013-03-31": "12.12500", "2012-12-31": -15.542, "2012-09-30": 18.467, "2012-06-30": 0.36, "2012-03-31": "16.67800", "2011-12-31": 7.958, "2011-09-30": -23.139, "2011-06-30": 25.878, "2011-03-31": "15.36800", "2010-12-31": 13.309, "2010-09-30": -24.785, "2010-06-30": -13.31, "2010-03-31": "-0.98600", "2009-12-31": 13.762, "2009-09-30": 3.233, "2009-06-30": 13.443, "2009-03-31": "-22.56300", "2008-12-31": 67.583, "2008-09-30": -15.559, "2008-06-30": -10.985, "2008-03-31": "-24.62100", "2007-12-31": -17.033, "2007-09-30": -3.276, "2007-06-30": 2.096, "2007-03-31": "-15.64600", "2006-12-31": 16.742, "2006-09-30": 0.781, "2006-06-30": -4.868, "2006-03-31": "1.76600", "2005-12-31": 6.363, "2005-09-30": 2.394, "2005-06-30": -2.093, "2005-03-31": "5.29100"}, "Total Change In Assets/Liabilities": {"2020-12-31": -125.086, "2020-09-30": 345.672, "2020-06-30": -210.706, "2020-03-31": "-41.75300", "2019-12-31": -236.904, "2019-09-30": 231.18, "2019-06-30": 4.356, "2019-03-31": "44.41100", "2018-12-31": 1.131, "2018-09-30": 92.561, "2018-06-30": -6.252, "2018-03-31": "206.32700", "2017-12-31": 21.25, "2017-09-30": 92.034, "2017-06-30": -135.518, "2017-03-31": "81.21100", "2016-12-31": 17.855, "2016-09-30": 86.182, "2016-06-30": 54.735, "2016-03-31": "33.60800", "2015-12-31": -55.342, "2015-09-30": 91.785, "2015-06-30": 27.204, "2015-03-31": "109.24000", "2014-12-31": -27.929, "2014-09-30": 35.932, "2014-06-30": 49.685, "2014-03-31": "78.97500", "2013-12-31": 30.829, "2013-09-30": -8.953, "2013-06-30": 53.922, "2013-03-31": "25.01200", "2012-12-31": -23.443, "2012-09-30": 24.034, "2012-06-30": 7.53, "2012-03-31": "16.70500", "2011-12-31": 34.296, "2011-09-30": -6.702, "2011-06-30": 37.106, "2011-03-31": "50.89300", "2010-12-31": 57.309, "2010-09-30": -17.696, "2010-06-30": -10.573, "2010-03-31": "30.10000", "2009-12-31": 33.346, "2009-09-30": -6.579, "2009-06-30": 6.86, "2009-03-31": "-11.04600", "2008-12-31": 59.836, "2008-09-30": -11.573, "2008-06-30": -18.444, "2008-03-31": "-8.11400", "2007-12-31": -0.658, "2007-09-30": 14.205, "2007-06-30": -1.494, "2007-03-31": "3.45200", "2006-12-31": 24.838, "2006-09-30": 7.206, "2006-06-30": -4.934, "2006-03-31": "8.07800", "2005-12-31": 26.385, "2005-09-30": -3.957, "2005-06-30": -0.493, "2005-03-31": "10.69800"}, "Cash Flow From Operating Activities": {"2020-12-31": -137.672, "2020-09-30": 1263.761, "2020-06-30": 1041.076, "2020-03-31": "259.91200", "2019-12-31": -1461.975, "2019-09-30": -501.794, "2019-06-30": -543.754, "2019-03-31": "-379.79900", "2018-12-31": -1235.072, "2018-09-30": -690.411, "2018-06-30": -518.239, "2018-03-31": "-236.75700", "2017-12-31": -487.957, "2017-09-30": -419.607, "2017-06-30": -534.528, "2017-03-31": "-343.85600", "2016-12-31": -557.16, "2016-09-30": -461.941, "2016-06-30": -226.293, "2016-03-31": "-228.59000", "2015-12-31": -244.745, "2015-09-30": -195.969, "2015-06-30": -181.343, "2015-03-31": "-127.38200", "2014-12-31": -38.461, "2014-09-30": -37.439, "2014-06-30": 56.024, "2014-03-31": "36.35900", "2013-12-31": 41.445, "2013-09-30": 34.693, "2013-06-30": 33.943, "2013-03-31": "-12.25000", "2012-12-31": -14.005, "2012-09-30": -2.925, "2012-06-30": 19.407, "2012-03-31": "19.10900", "2011-12-31": 65.466, "2011-09-30": 49.531, "2011-06-30": 86.392, "2011-03-31": "116.32300", "2010-12-31": 96.717, "2010-09-30": 42.227, "2010-06-30": 60.252, "2010-03-31": "77.20500", "2009-12-31": 105.817, "2009-09-30": 78.311, "2009-06-30": 75.302, "2009-03-31": "65.63300", "2008-12-31": 92.1, "2008-09-30": 60.495, "2008-06-30": 67.38, "2008-03-31": "64.06200", "2007-12-31": 71.403, "2007-09-30": 77.663, "2007-06-30": 65.329, "2007-03-31": "63.02900", "2006-12-31": 87.439, "2006-09-30": 61.462, "2006-06-30": 53.299, "2006-03-31": "45.99000", "2005-12-31": 59.067, "2005-09-30": 32.503, "2005-06-30": 36.494, "2005-03-31": "29.44300"}, "Net Change In Property, Plant, And Equipment": {"2020-12-31": -148.356, "2020-09-30": -109.811, "2020-06-30": -141.741, "2020-03-31": "-98.01500", "2019-12-31": -107.737, "2019-09-30": -45.333, "2019-06-30": -39.584, "2019-03-31": "-60.38100", "2018-12-31": -70.12, "2018-09-30": -39.333, "2018-06-30": -27.323, "2018-03-31": "-37.17000", "2017-12-31": -21.585, "2017-09-30": -33.963, "2017-06-30": -65.231, "2017-03-31": "-52.52300", "2016-12-31": -61.048, "2016-09-30": -27.366, "2016-06-30": -10.814, "2016-03-31": "-8.42500", "2015-12-31": -12.854, "2015-09-30": -37.82, "2015-06-30": -27.538, "2015-03-31": "-13.03600", "2014-12-31": -15.491, "2014-09-30": -21.032, "2014-06-30": -19.869, "2014-03-31": "-13.33400", "2013-12-31": -23.109, "2013-09-30": -10.828, "2013-06-30": -8.088, "2013-03-31": "-12.11800", "2012-12-31": -21.345, "2012-09-30": -10.808, "2012-06-30": -3.359, "2012-03-31": "-4.76600", "2011-12-31": -10.656, "2011-09-30": -14.08, "2011-06-30": -8.626, "2011-03-31": "-16.32000", "2010-12-31": -14.431, "2010-09-30": -7.342, "2010-06-30": -5.671, "2010-03-31": "-6.39300", "2009-12-31": -22.433, "2009-09-30": -9.994, "2009-06-30": -6.933, "2009-03-31": "-6.57200", "2008-12-31": -7.471, "2008-09-30": -9.226, "2008-06-30": -14.662, "2008-03-31": "-12.43100", "2007-12-31": -9.863, "2007-09-30": -7.412, "2007-06-30": -8.968, "2007-03-31": "-18.01300", "2006-12-31": -11.547, "2006-09-30": -5.231, "2006-06-30": -3.892, "2006-03-31": "-6.66300", "2005-12-31": -10.434, "2005-09-30": -4.443, "2005-06-30": -5.931, "2005-03-31": "-6.84500"}, "Net Change In Intangible Assets": {"2020-12-31": 0, "2020-09-30": 0, "2020-06-30": 0, "2020-03-31": "", "2019-12-31": 0, "2019-09-30": 0, "2019-06-30": 0, "2019-03-31": "", "2018-12-31": 31.079, "2018-09-30": -7.731, "2018-06-30": -12.552, "2018-03-31": "-10.79600", "2017-12-31": 43.213, "2017-09-30": -10.217, "2017-06-30": -7.624, "2017-03-31": "-25.37200", "2016-12-31": -18.797, "2016-09-30": -17.249, "2016-06-30": -17.924, "2016-03-31": "-23.20700", "2015-12-31": -20.799, "2015-09-30": -14.467, "2015-06-30": -19.786, "2015-03-31": "-22.90600", "2014-12-31": -23.365, "2014-09-30": -15.53, "2014-06-30": -20.981, "2014-03-31": "-14.91400", "2013-12-31": -15.24, "2013-09-30": -15.471, "2013-06-30": -14.023, "2013-03-31": "-21.19300", "2012-12-31": -18.149, "2012-09-30": -8.586, "2012-06-30": -8.012, "2012-03-31": "-13.52800", "2011-12-31": -23.144, "2011-09-30": -20.826, "2011-06-30": -19.065, "2011-03-31": "-22.11900", "2010-12-31": -32.908, "2010-09-30": -29.9, "2010-06-30": -24.191, "2010-03-31": "-36.90200", "2009-12-31": -57.048, "2009-09-30": -46.073, "2009-06-30": -43.224, "2009-03-31": "-46.69900", "2008-12-31": -38.295, "2008-09-30": -28.89, "2008-06-30": -45.41, "2008-03-31": "-51.31600", "2007-12-31": -43.851, "2007-09-30": -39.452, "2007-06-30": -57.353, "2007-03-31": "-68.54100", "2006-12-31": -56.289, "2006-09-30": -37.255, "2006-06-30": -46.727, "2006-03-31": "-29.84200", "2005-12-31": -27.056, "2005-09-30": -22.613, "2005-06-30": -29.218, "2005-03-31": "-33.04000"}, "Net Acquisitions/Divestitures": {"2020-12-31": 0, "2020-09-30": 0, "2020-06-30": 0, "2020-03-31": "", "2019-12-31": 0, "2019-09-30": 0, "2019-06-30": 0, "2019-03-31": "", "2018-12-31": 0, "2018-09-30": 0, "2018-06-30": 0, "2018-03-31": "", "2017-12-31": 0, "2017-09-30": 0, "2017-06-30": 0, "2017-03-31": "", "2016-12-31": 0, "2016-09-30": 0, "2016-06-30": 0, "2016-03-31": "", "2015-12-31": 0, "2015-09-30": 0, "2015-06-30": 0, "2015-03-31": "", "2014-12-31": 0, "2014-09-30": 0, "2014-06-30": 0, "2014-03-31": "", "2013-12-31": 0, "2013-09-30": 0, "2013-06-30": 0, "2013-03-31": "", "2012-12-31": 0, "2012-09-30": 0, "2012-06-30": 0, "2012-03-31": "", "2011-12-31": 0, "2011-09-30": 0, "2011-06-30": 0, "2011-03-31": "", "2010-12-31": 0, "2010-09-30": 0, "2010-06-30": 0, "2010-03-31": "", "2009-12-31": 0, "2009-09-30": 0, "2009-06-30": 0, "2009-03-31": "", "2008-12-31": 0, "2008-09-30": 0, "2008-06-30": 0, "2008-03-31": "", "2007-12-31": 0, "2007-09-30": 0, "2007-06-30": 0, "2007-03-31": "", "2006-12-31": 0, "2006-09-30": 0, "2006-06-30": 0, "2006-03-31": "", "2005-12-31": 0, "2005-09-30": 0, "2005-06-30": 0, "2005-03-31": ""}, "Net Change In Short-term Investments": {"2020-12-31": 0, "2020-09-30": 0, "2020-06-30": 0, "2020-03-31": "", "2019-12-31": 0, "2019-09-30": 0, "2019-06-30": 0, "2019-03-31": "", "2018-12-31": 0, "2018-09-30": 0, "2018-06-30": 0, "2018-03-31": "", "2017-12-31": 0, "2017-09-30": 247.479, "2017-06-30": 17.487, "2017-03-31": "3.07400", "2016-12-31": 105.884, "2016-09-30": 68.466, "2016-06-30": 24.935, "2016-03-31": "36.25100", "2015-12-31": -9.17, "2015-09-30": 8.568, "2015-06-30": -0.367, "2015-03-31": "-7.10500", "2014-12-31": -11.854, "2014-09-30": 15.81, "2014-06-30": 10.768, "2014-03-31": "85.59200", "2013-12-31": 100.84, "2013-09-30": 13.959, "2013-06-30": -106.661, "2013-03-31": "-149.97500", "2012-12-31": -30.819, "2012-09-30": -12.912, "2012-06-30": -2.415, "2012-03-31": "-118.85700", "2011-12-31": -84.064, "2011-09-30": -5.831, "2011-06-30": -8.102, "2011-03-31": "-36.65500", "2010-12-31": -12.899, "2010-09-30": 28.854, "2010-06-30": 14.57, "2010-03-31": "-1.21200", "2009-12-31": -85.116, "2009-09-30": 68.378, "2009-06-30": 5.238, "2009-03-31": "-14.12100", "2008-12-31": -16.395, "2008-09-30": 27.659, "2008-06-30": -44.255, "2008-03-31": "83.36500", "2007-12-31": 0.225, "2007-09-30": -10.708, "2007-06-30": -25.213, "2007-03-31": "-168.81200", "2006-12-31": 0, "2006-09-30": 0, "2006-06-30": 0, "2006-03-31": "", "2005-12-31": 0, "2005-09-30": 0, "2005-06-30": 0, "2005-03-31": ""}, "Net Change In Long-Term Investments": {"2020-12-31": 0, "2020-09-30": 0, "2020-06-30": 0, "2020-03-31": "", "2019-12-31": 0, "2019-09-30": 0, "2019-06-30": 0, "2019-03-31": "", "2018-12-31": 0, "2018-09-30": 0, "2018-06-30": 0, "2018-03-31": "", "2017-12-31": 0, "2017-09-30": 0, "2017-06-30": 0, "2017-03-31": "", "2016-12-31": 0, "2016-09-30": 0, "2016-06-30": 0, "2016-03-31": "", "2015-12-31": 0, "2015-09-30": 0, "2015-06-30": 0, "2015-03-31": "", "2014-12-31": 0, "2014-09-30": 0, "2014-06-30": 0, "2014-03-31": "", "2013-12-31": 0, "2013-09-30": 0, "2013-06-30": 0, "2013-03-31": "", "2012-12-31": 0, "2012-09-30": 0, "2012-06-30": 0, "2012-03-31": "", "2011-12-31": 0, "2011-09-30": 0, "2011-06-30": 0, "2011-03-31": "", "2010-12-31": 0, "2010-09-30": 0, "2010-06-30": 0, "2010-03-31": "", "2009-12-31": 7.483, "2009-09-30": 0, "2009-06-30": 0, "2009-03-31": "", "2008-12-31": 0, "2008-09-30": 0, "2008-06-30": 0, "2008-03-31": "-6.00000", "2007-12-31": 0, "2007-09-30": 0, "2007-06-30": 0, "2007-03-31": "", "2006-12-31": 0, "2006-09-30": 0, "2006-06-30": 0, "2006-03-31": "", "2005-12-31": 0, "2005-09-30": 0, "2005-06-30": 0, "2005-03-31": ""}, "Net Change In Investments - Total": {"2020-12-31": 0, "2020-09-30": 0, "2020-06-30": 0, "2020-03-31": "", "2019-12-31": 0, "2019-09-30": 0, "2019-06-30": 0, "2019-03-31": "", "2018-12-31": 0, "2018-09-30": 0, "2018-06-30": 0, "2018-03-31": "", "2017-12-31": 0, "2017-09-30": 247.479, "2017-06-30": 17.487, "2017-03-31": "3.07400", "2016-12-31": 105.884, "2016-09-30": 68.466, "2016-06-30": 24.935, "2016-03-31": "36.25100", "2015-12-31": -9.17, "2015-09-30": 8.568, "2015-06-30": -0.367, "2015-03-31": "-7.10500", "2014-12-31": -11.854, "2014-09-30": 15.81, "2014-06-30": 10.768, "2014-03-31": "85.59200", "2013-12-31": 100.84, "2013-09-30": 13.959, "2013-06-30": -106.661, "2013-03-31": "-149.97500", "2012-12-31": -30.819, "2012-09-30": -12.912, "2012-06-30": -2.415, "2012-03-31": "-118.85700", "2011-12-31": -84.064, "2011-09-30": -5.831, "2011-06-30": -8.102, "2011-03-31": "-36.65500", "2010-12-31": -12.899, "2010-09-30": 28.854, "2010-06-30": 14.57, "2010-03-31": "-1.21200", "2009-12-31": -77.633, "2009-09-30": 68.378, "2009-06-30": 5.238, "2009-03-31": "-14.12100", "2008-12-31": -16.395, "2008-09-30": 27.659, "2008-06-30": -44.255, "2008-03-31": "77.36500", "2007-12-31": 0.225, "2007-09-30": -10.708, "2007-06-30": -25.213, "2007-03-31": "-168.81200", "2006-12-31": 0, "2006-09-30": 0, "2006-06-30": 0, "2006-03-31": "", "2005-12-31": 0, "2005-09-30": 0, "2005-06-30": 0, "2005-03-31": ""}, "Investing Activities - Other": {"2020-12-31": 1.957, "2020-09-30": -8.84, "2020-06-30": -0.26, "2020-03-31": "-0.28800", "2019-12-31": -99.834, "2019-09-30": -4.021, "2019-06-30": -10.452, "2019-03-31": "-19.72200", "2018-12-31": -41.317, "2018-09-30": -121.63, "2018-06-30": -0.441, "2018-03-31": "-1.78600", "2017-12-31": -57.469, "2017-09-30": -1.107, "2017-06-30": -1.064, "2017-03-31": "-0.76900", "2016-12-31": -1.617, "2016-09-30": 0.125, "2016-06-30": 0.907, "2016-03-31": "-0.35600", "2015-12-31": 2.262, "2015-09-30": -3.76, "2015-06-30": -0.639, "2015-03-31": "0.22500", "2014-12-31": -0.431, "2014-09-30": 0.341, "2014-06-30": 1.129, "2014-03-31": "0.29500", "2013-12-31": 2.131, "2013-09-30": -1.329, "2013-06-30": 1.087, "2013-03-31": "4.05000", "2012-12-31": 2.493, "2012-09-30": 1.857, "2012-06-30": 3.132, "2012-03-31": "1.33400", "2011-12-31": 2.255, "2011-09-30": -0.844, "2011-06-30": 0.844, "2011-03-31": "1.41900", "2010-12-31": 2.055, "2010-09-30": 2.782, "2010-06-30": 3.825, "2010-03-31": "3.68200", "2009-12-31": 3.862, "2009-09-30": 3.279, "2009-06-30": 1.17, "2009-03-31": "2.72400", "2008-12-31": 4.663, "2008-09-30": 3.79, "2008-06-30": 5.399, "2008-03-31": "4.51500", "2007-12-31": 3.402, "2007-09-30": 5.375, "2007-06-30": 7.637, "2007-03-31": "5.52300", "2006-12-31": 3.196, "2006-09-30": 3.364, "2006-06-30": 2.827, "2006-03-31": "2.19000", "2005-12-31": 2.756, "2005-09-30": 1.567, "2005-06-30": 0.492, "2005-03-31": "1.51700"}, "Cash Flow From Investing Activities": {"2020-12-31": -146.399, "2020-09-30": -118.651, "2020-06-30": -142.001, "2020-03-31": "-98.30300", "2019-12-31": -207.571, "2019-09-30": -49.354, "2019-06-30": -50.036, "2019-03-31": "-80.10300", "2018-12-31": -80.358, "2018-09-30": -168.694, "2018-06-30": -40.316, "2018-03-31": "-49.75200", "2017-12-31": -35.841, "2017-09-30": 202.192, "2017-06-30": -56.432, "2017-03-31": "-75.59000", "2016-12-31": 24.422, "2016-09-30": 23.976, "2016-06-30": -2.896, "2016-03-31": "4.26300", "2015-12-31": -40.561, "2015-09-30": -47.479, "2015-06-30": -48.33, "2015-03-31": "-42.82200", "2014-12-31": -51.141, "2014-09-30": -20.411, "2014-06-30": -28.953, "2014-03-31": "57.63900", "2013-12-31": 64.622, "2013-09-30": -13.669, "2013-06-30": -127.685, "2013-03-31": "-179.23600", "2012-12-31": -67.82, "2012-09-30": -30.449, "2012-06-30": -10.654, "2012-03-31": "-135.81700", "2011-12-31": -115.609, "2011-09-30": -41.581, "2011-06-30": -34.949, "2011-03-31": "-73.67500", "2010-12-31": -58.183, "2010-09-30": -5.606, "2010-06-30": -11.467, "2010-03-31": "-40.82500", "2009-12-31": -153.252, "2009-09-30": 15.59, "2009-06-30": -43.749, "2009-03-31": "-64.66800", "2008-12-31": -57.498, "2008-09-30": -6.667, "2008-06-30": -98.928, "2008-03-31": "18.13300", "2007-12-31": -50.087, "2007-09-30": -52.197, "2007-06-30": -83.897, "2007-03-31": "-249.84300", "2006-12-31": -64.64, "2006-09-30": -39.122, "2006-06-30": -47.792, "2006-03-31": "-34.31500", "2005-12-31": -34.734, "2005-09-30": -25.489, "2005-06-30": -34.657, "2005-03-31": "-38.36800"}, "Net Long-Term Debt": {"2020-12-31": 0, "2020-09-30": 0, "2020-06-30": 1009.464, "2020-03-31": "", "2019-12-31": 2226.11, "2019-09-30": 0, "2019-06-30": 2243.196, "2019-03-31": "", "2018-12-31": 2061.852, "2018-09-30": 0, "2018-06-30": 1900, "2018-03-31": "", "2017-12-31": 1600, "2017-09-30": 0, "2017-06-30": 1420.51, "2017-03-31": "", "2016-12-31": 1000, "2016-09-30": 0, "2016-06-30": 0, "2016-03-31": "", "2015-12-31": 0.599, "2015-09-30": -0.061, "2015-06-30": -0.538, "2015-03-31": "1500.00000", "2014-12-31": 0.813, "2014-09-30": -0.275, "2014-06-30": -0.271, "2014-03-31": "399.73300", "2013-12-31": -0.264, "2013-09-30": -0.258, "2013-06-30": -0.255, "2013-03-31": "280.23500", "2012-12-31": -0.596, "2012-09-30": -0.587, "2012-06-30": -0.577, "2012-03-31": "-0.55900", "2011-12-31": 197.524, "2011-09-30": -0.526, "2011-06-30": -0.52, "2011-03-31": "-0.50100", "2010-12-31": -0.48, "2010-09-30": -0.47, "2010-06-30": -0.465, "2010-03-31": "-0.36100", "2009-12-31": 192.595, "2009-09-30": -0.294, "2009-06-30": -0.295, "2009-03-31": "-0.26900", "2008-12-31": -0.237, "2008-09-30": -0.234, "2008-06-30": -0.23, "2008-03-31": "-0.12200", "2007-12-31": -0.1, "2007-09-30": -0.098, "2007-06-30": -0.192, "2007-03-31": "", "2006-12-31": -0.328, "2006-09-30": 0, "2006-06-30": 0, "2006-03-31": "", "2005-12-31": 0, "2005-09-30": -0.079, "2005-06-30": 0.079, "2005-03-31": "-0.07900"}, "Net Current Debt": {"2020-12-31": 0, "2020-09-30": 0, "2020-06-30": 0, "2020-03-31": "", "2019-12-31": 0, "2019-09-30": 0, "2019-06-30": 0, "2019-03-31": "", "2018-12-31": 0, "2018-09-30": 0, "2018-06-30": 0, "2018-03-31": "", "2017-12-31": 0, "2017-09-30": 0, "2017-06-30": 0, "2017-03-31": "", "2016-12-31": 0, "2016-09-30": 0, "2016-06-30": 0, "2016-03-31": "", "2015-12-31": 0, "2015-09-30": 0, "2015-06-30": 0, "2015-03-31": "", "2014-12-31": 0, "2014-09-30": 0, "2014-06-30": 0, "2014-03-31": "", "2013-12-31": 0, "2013-09-30": 0, "2013-06-30": 0, "2013-03-31": "", "2012-12-31": 0, "2012-09-30": 0, "2012-06-30": 0, "2012-03-31": "", "2011-12-31": 0, "2011-09-30": 0, "2011-06-30": 0, "2011-03-31": "", "2010-12-31": 0, "2010-09-30": 0, "2010-06-30": 0, "2010-03-31": "", "2009-12-31": 0, "2009-09-30": 0, "2009-06-30": 0, "2009-03-31": "", "2008-12-31": 0, "2008-09-30": 0, "2008-06-30": 0, "2008-03-31": "", "2007-12-31": 0, "2007-09-30": 0, "2007-06-30": 0, "2007-03-31": "", "2006-12-31": 0, "2006-09-30": 0, "2006-06-30": 0, "2006-03-31": "", "2005-12-31": 0, "2005-09-30": 0, "2005-06-30": 0, "2005-03-31": ""}, "Debt Issuance/Retirement Net - Total": {"2020-12-31": 0, "2020-09-30": 0, "2020-06-30": 1009.464, "2020-03-31": "", "2019-12-31": 2226.11, "2019-09-30": 0, "2019-06-30": 2243.196, "2019-03-31": "", "2018-12-31": 2061.852, "2018-09-30": 0, "2018-06-30": 1900, "2018-03-31": "", "2017-12-31": 1600, "2017-09-30": 0, "2017-06-30": 1420.51, "2017-03-31": "", "2016-12-31": 1000, "2016-09-30": 0, "2016-06-30": 0, "2016-03-31": "", "2015-12-31": 0.599, "2015-09-30": -0.061, "2015-06-30": -0.538, "2015-03-31": "1500.00000", "2014-12-31": 0.813, "2014-09-30": -0.275, "2014-06-30": -0.271, "2014-03-31": "399.73300", "2013-12-31": -0.264, "2013-09-30": -0.258, "2013-06-30": -0.255, "2013-03-31": "280.23500", "2012-12-31": -0.596, "2012-09-30": -0.587, "2012-06-30": -0.577, "2012-03-31": "-0.55900", "2011-12-31": 197.524, "2011-09-30": -0.526, "2011-06-30": -0.52, "2011-03-31": "-0.50100", "2010-12-31": -0.48, "2010-09-30": -0.47, "2010-06-30": -0.465, "2010-03-31": "-0.36100", "2009-12-31": 192.595, "2009-09-30": -0.294, "2009-06-30": -0.295, "2009-03-31": "-0.26900", "2008-12-31": -0.237, "2008-09-30": -0.234, "2008-06-30": -0.23, "2008-03-31": "-0.12200", "2007-12-31": -0.1, "2007-09-30": -0.098, "2007-06-30": -0.192, "2007-03-31": "", "2006-12-31": -0.328, "2006-09-30": 0, "2006-06-30": 0, "2006-03-31": "", "2005-12-31": 0, "2005-09-30": -0.079, "2005-06-30": 0.079, "2005-03-31": "-0.07900"}, "Net Common Equity Issued/Repurchased": {"2020-12-31": 33.987, "2020-09-30": 68.665, "2020-06-30": 89.06, "2020-03-31": "43.69400", "2019-12-31": 15.633, "2019-09-30": 11.989, "2019-06-30": 21.896, "2019-03-31": "22.97200", "2018-12-31": 11.45, "2018-09-30": 29.781, "2018-06-30": 26.936, "2018-03-31": "56.33500", "2017-12-31": 14.705, "2017-09-30": 34.669, "2017-06-30": 14.826, "2017-03-31": "24.17800", "2016-12-31": 25.392, "2016-09-30": 3.819, "2016-06-30": 4.232, "2016-03-31": "3.53600", "2015-12-31": 8.171, "2015-09-30": 35.089, "2015-06-30": 23.804, "2015-03-31": "10.91600", "2014-12-31": 3.75, "2014-09-30": 9.877, "2014-06-30": 14.469, "2014-03-31": "32.44800", "2013-12-31": 31.004, "2013-09-30": 25.561, "2013-06-30": 28.846, "2013-03-31": "39.14600", "2012-12-31": 1.594, "2012-09-30": 0.318, "2012-06-30": 0.524, "2012-03-31": "1.22400", "2011-12-31": 200.972, "2011-09-30": -35.193, "2011-06-30": -44.003, "2011-03-31": "-101.88100", "2010-12-31": 15.822, "2010-09-30": -46.463, "2010-06-30": -32.036, "2010-03-31": "-97.80600", "2009-12-31": -70.237, "2009-09-30": -126.961, "2009-06-30": -62.733, "2009-03-31": "-29.13000", "2008-12-31": -6.761, "2008-09-30": -87.452, "2008-06-30": 4.524, "2008-03-31": "-91.34300", "2007-12-31": -28.565, "2007-09-30": -34.916, "2007-06-30": -27.534, "2007-03-31": "0.76600", "2006-12-31": 3.566, "2006-09-30": 0.776, "2006-06-30": 105.478, "2006-03-31": "3.14400", "2005-12-31": 5.815, "2005-09-30": 3.9, "2005-06-30": 3.313, "2005-03-31": "0.36500"}, "Net Total Equity Issued/Repurchased": {"2020-12-31": 33.987, "2020-09-30": 68.665, "2020-06-30": 89.06, "2020-03-31": "43.69400", "2019-12-31": 15.633, "2019-09-30": 11.989, "2019-06-30": 21.896, "2019-03-31": "22.97200", "2018-12-31": 11.45, "2018-09-30": 29.781, "2018-06-30": 26.936, "2018-03-31": "56.33500", "2017-12-31": 14.705, "2017-09-30": 34.669, "2017-06-30": 14.826, "2017-03-31": "24.17800", "2016-12-31": 25.392, "2016-09-30": 3.819, "2016-06-30": 4.232, "2016-03-31": "3.53600", "2015-12-31": 8.171, "2015-09-30": 35.089, "2015-06-30": 23.804, "2015-03-31": "10.91600", "2014-12-31": 3.75, "2014-09-30": 9.877, "2014-06-30": 14.469, "2014-03-31": "32.44800", "2013-12-31": 31.004, "2013-09-30": 25.561, "2013-06-30": 28.846, "2013-03-31": "39.14600", "2012-12-31": 1.594, "2012-09-30": 0.318, "2012-06-30": 0.524, "2012-03-31": "1.22400", "2011-12-31": 200.972, "2011-09-30": -35.193, "2011-06-30": -44.003, "2011-03-31": "-101.88100", "2010-12-31": 15.822, "2010-09-30": -46.463, "2010-06-30": -32.036, "2010-03-31": "-97.80600", "2009-12-31": -70.237, "2009-09-30": -126.961, "2009-06-30": -62.733, "2009-03-31": "-29.13000", "2008-12-31": -6.761, "2008-09-30": -87.452, "2008-06-30": 4.524, "2008-03-31": "-91.34300", "2007-12-31": -28.565, "2007-09-30": -34.916, "2007-06-30": -27.534, "2007-03-31": "0.76600", "2006-12-31": 3.566, "2006-09-30": 0.776, "2006-06-30": 105.478, "2006-03-31": "3.14400", "2005-12-31": 5.815, "2005-09-30": 3.9, "2005-06-30": 3.313, "2005-03-31": "0.36500"}, "Total Common And Preferred Stock Dividends Paid": {"2020-12-31": 0, "2020-09-30": 0, "2020-06-30": 0, "2020-03-31": "", "2019-12-31": 0, "2019-09-30": 0, "2019-06-30": 0, "2019-03-31": "", "2018-12-31": 0, "2018-09-30": 0, "2018-06-30": 0, "2018-03-31": "", "2017-12-31": 0, "2017-09-30": 0, "2017-06-30": 0, "2017-03-31": "", "2016-12-31": 0, "2016-09-30": 0, "2016-06-30": 0, "2016-03-31": "", "2015-12-31": 0, "2015-09-30": 0, "2015-06-30": 0, "2015-03-31": "", "2014-12-31": 0, "2014-09-30": 0, "2014-06-30": 0, "2014-03-31": "", "2013-12-31": 0, "2013-09-30": 0, "2013-06-30": 0, "2013-03-31": "", "2012-12-31": 0, "2012-09-30": 0, "2012-06-30": 0, "2012-03-31": "", "2011-12-31": 0, "2011-09-30": 0, "2011-06-30": 0, "2011-03-31": "", "2010-12-31": 0, "2010-09-30": 0, "2010-06-30": 0, "2010-03-31": "", "2009-12-31": 0, "2009-09-30": 0, "2009-06-30": 0, "2009-03-31": "", "2008-12-31": 0, "2008-09-30": 0, "2008-06-30": 0, "2008-03-31": "", "2007-12-31": 0, "2007-09-30": 0, "2007-06-30": 0, "2007-03-31": "", "2006-12-31": 0, "2006-09-30": 0, "2006-06-30": 0, "2006-03-31": "", "2005-12-31": 0, "2005-09-30": 0, "2005-06-30": 0, "2005-03-31": ""}, "Financial Activities - Other": {"2020-12-31": 0, "2020-09-30": 0, "2020-06-30": -7.559, "2020-03-31": "", "2019-12-31": -17.942, "2019-09-30": 0, "2019-06-30": -18.192, "2019-03-31": "", "2018-12-31": -19.438, "2018-09-30": -0.544, "2018-06-30": -17.524, "2018-03-31": "-0.32100", "2017-12-31": -16.762, "2017-09-30": -0.247, "2017-06-30": -14.95, "2017-03-31": "0.06100", "2016-12-31": 17.08, "2016-09-30": 12.82, "2016-06-30": 13.38, "2016-03-31": "11.37100", "2015-12-31": -26.228, "2015-09-30": 37.726, "2015-06-30": 39.281, "2015-03-31": "11.51800", "2014-12-31": 19.828, "2014-09-30": 21.06, "2014-06-30": 14.275, "2014-03-31": "26.00500", "2013-12-31": 29.188, "2013-09-30": 20.492, "2013-06-30": 20.368, "2013-03-31": "2.20100", "2012-12-31": 0.834, "2012-09-30": 0.111, "2012-06-30": -0.064, "2012-03-31": "3.36700", "2011-12-31": 0.501, "2011-09-30": 11.761, "2011-06-30": 17.868, "2011-03-31": "15.65400", "2010-12-31": 27.515, "2010-09-30": 16.093, "2010-06-30": 11.182, "2010-03-31": "7.42400", "2009-12-31": 3.584, "2009-09-30": 1.6, "2009-06-30": 3.815, "2009-03-31": "3.68400", "2008-12-31": 0.753, "2008-09-30": 1.093, "2008-06-30": 2.554, "2008-03-31": "0.82000", "2007-12-31": 4.984, "2007-09-30": 5.17, "2007-06-30": 12.018, "2007-03-31": "4.07600", "2006-12-31": 5.652, "2006-09-30": 3.923, "2006-06-30": 2.952, "2006-03-31": "0.69000", "2005-12-31": 0, "2005-09-30": 0.079, "2005-06-30": -0.079, "2005-03-31": ""}, "Cash Flow From Financial Activities": {"2020-12-31": 33.987, "2020-09-30": 68.665, "2020-06-30": 1090.965, "2020-03-31": "43.69400", "2019-12-31": 2223.801, "2019-09-30": 11.989, "2019-06-30": 2246.9, "2019-03-31": "22.97200", "2018-12-31": 2053.864, "2018-09-30": 29.237, "2018-06-30": 1909.412, "2018-03-31": "56.01400", "2017-12-31": 1597.943, "2017-09-30": 34.422, "2017-06-30": 1420.386, "2017-03-31": "24.23900", "2016-12-31": 1042.472, "2016-09-30": 16.639, "2016-06-30": 17.612, "2016-03-31": "14.90700", "2015-12-31": -17.458, "2015-09-30": 72.754, "2015-06-30": 62.547, "2015-03-31": "1522.43400", "2014-12-31": 24.391, "2014-09-30": 30.662, "2014-06-30": 28.473, "2014-03-31": "458.18600", "2013-12-31": 59.928, "2013-09-30": 45.795, "2013-06-30": 48.959, "2013-03-31": "321.58200", "2012-12-31": 1.832, "2012-09-30": -0.158, "2012-06-30": -0.117, "2012-03-31": "4.03200", "2011-12-31": 398.997, "2011-09-30": -23.958, "2011-06-30": -26.655, "2011-03-31": "-86.72800", "2010-12-31": 42.857, "2010-09-30": -30.84, "2010-06-30": -21.319, "2010-03-31": "-90.74300", "2009-12-31": 125.942, "2009-09-30": -125.655, "2009-06-30": -59.213, "2009-03-31": "-25.71500", "2008-12-31": -6.245, "2008-09-30": -86.593, "2008-06-30": 6.848, "2008-03-31": "-90.64500", "2007-12-31": -23.681, "2007-09-30": -29.844, "2007-06-30": -15.708, "2007-03-31": "4.84200", "2006-12-31": 8.89, "2006-09-30": 4.699, "2006-06-30": 108.43, "2006-03-31": "3.83400", "2005-12-31": 5.815, "2005-09-30": 3.9, "2005-06-30": 3.313, "2005-03-31": "0.28600"}, "Net Cash Flow": {"2020-12-31": -183.41, "2020-09-30": 1242.234, "2020-06-30": 2001.859, "2020-03-31": "134.40100", "2019-12-31": 584.065, "2019-09-30": -568.484, "2019-06-30": 1658.108, "2019-03-31": "-441.94400", "2018-12-31": 733.477, "2018-09-30": -835.43, "2018-06-30": 1314.517, "2018-03-31": "-223.31800", "2017-12-31": 1076.326, "2017-09-30": -172.308, "2017-06-30": 840.953, "2017-03-31": "-389.75200", "2016-12-31": 498.418, "2016-09-30": -421.767, "2016-06-30": -214.319, "2016-03-31": "-204.08600", "2015-12-31": -306.107, "2015-09-30": -178.435, "2015-06-30": -160.905, "2015-03-31": "1341.16900", "2014-12-31": -69.609, "2014-09-30": -31.027, "2014-06-30": 56.794, "2014-03-31": "552.48500", "2013-12-31": 165.909, "2013-09-30": 68.378, "2013-06-30": -47.373, "2013-03-31": "127.76000", "2012-12-31": -80.007, "2012-09-30": -31.953, "2012-06-30": 6.259, "2012-03-31": "-112.06100", "2011-12-31": 348.854, "2011-09-30": -16.008, "2011-06-30": 24.788, "2011-03-31": "-44.08000", "2010-12-31": 81.391, "2010-09-30": 5.781, "2010-06-30": 27.466, "2010-03-31": "-54.36300", "2009-12-31": 78.507, "2009-09-30": -31.754, "2009-06-30": -27.66, "2009-03-31": "-24.75000", "2008-12-31": 28.357, "2008-09-30": -32.765, "2008-06-30": -24.7, "2008-03-31": "-8.45000", "2007-12-31": -2.365, "2007-09-30": -4.378, "2007-06-30": -34.276, "2007-03-31": "-181.97200", "2006-12-31": 31.689, "2006-09-30": 27.039, "2006-06-30": 113.937, "2006-03-31": "15.50900", "2005-12-31": 30.37, "2005-09-30": 10.914, "2005-06-30": 5.15, "2005-03-31": "-8.63900"}, "Stock-Based Compensation": {"2020-12-31": 107.594, "2020-09-30": 106.357, "2020-06-30": 104.21, "2020-03-31": "97.01900", "2019-12-31": 100.066, "2019-09-30": 100.262, "2019-06-30": 103.848, "2019-03-31": "101.20000", "2018-12-31": 88.714, "2018-09-30": 82.316, "2018-06-30": 81.232, "2018-03-31": "68.39500", "2017-12-31": 48.53, "2017-09-30": 44.763, "2017-06-30": 44.028, "2017-03-31": "44.88800", "2016-12-31": 43.646, "2016-09-30": 43.495, "2016-06-30": 44.112, "2016-03-31": "42.42200", "2015-12-31": 35.86, "2015-09-30": 32.834, "2015-06-30": 28.59, "2015-03-31": "27.44100", "2014-12-31": 30.251, "2014-09-30": 29.878, "2014-06-30": 29.285, "2014-03-31": "25.82500", "2013-12-31": 18.922, "2013-09-30": 18.477, "2013-06-30": 17.955, "2013-03-31": "17.74600", "2012-12-31": 17.694, "2012-09-30": 18.472, "2012-06-30": 18.45, "2012-03-31": "19.33200", "2011-12-31": 18.077, "2011-09-30": 15.705, "2011-06-30": 15.536, "2011-03-31": "12.26400", "2010-12-31": 8.27, "2010-09-30": 7.296, "2010-06-30": 6.928, "2010-03-31": "5.50200", "2009-12-31": 2.976, "2009-09-30": 3.232, "2009-06-30": 3.278, "2009-03-31": "3.13200", "2008-12-31": 3.194, "2008-09-30": 3.035, "2008-06-30": 2.905, "2008-03-31": "3.13000", "2007-12-31": 3.242, "2007-09-30": 3.113, "2007-06-30": 2.818, "2007-03-31": "2.80300", "2006-12-31": 3.13, "2006-09-30": 3.169, "2006-06-30": 3.087, "2006-03-31": "3.31000", "2005-12-31": 3.332, "2005-09-30": 3.293, "2005-06-30": 3.423, "2005-03-31": "4.27900"}, "Common Stock Dividends Paid": {"2020-12-31": 0, "2020-09-30": 0, "2020-06-30": 0, "2020-03-31": "", "2019-12-31": 0, "2019-09-30": 0, "2019-06-30": 0, "2019-03-31": "", "2018-12-31": 0, "2018-09-30": 0, "2018-06-30": 0, "2018-03-31": "", "2017-12-31": 0, "2017-09-30": 0, "2017-06-30": 0, "2017-03-31": "", "2016-12-31": 0, "2016-09-30": 0, "2016-06-30": 0, "2016-03-31": "", "2015-12-31": 0, "2015-09-30": 0, "2015-06-30": 0, "2015-03-31": "", "2014-12-31": 0, "2014-09-30": 0, "2014-06-30": 0, "2014-03-31": "", "2013-12-31": 0, "2013-09-30": 0, "2013-06-30": 0, "2013-03-31": "", "2012-12-31": 0, "2012-09-30": 0, "2012-06-30": 0, "2012-03-31": "", "2011-12-31": 0, "2011-09-30": 0, "2011-06-30": 0, "2011-03-31": "", "2010-12-31": 0, "2010-09-30": 0, "2010-06-30": 0, "2010-03-31": "", "2009-12-31": 0, "2009-09-30": 0, "2009-06-30": 0, "2009-03-31": "", "2008-12-31": 0, "2008-09-30": 0, "2008-06-30": 0, "2008-03-31": "", "2007-12-31": 0, "2007-09-30": 0, "2007-06-30": 0, "2007-03-31": "", "2006-12-31": 0, "2006-09-30": 0, "2006-06-30": 0, "2006-03-31": "", "2005-12-31": 0, "2005-09-30": 0, "2005-06-30": 0, "2005-03-31": ""}}, "financial ratios": {"Current Ratio": {"2020-12-31": "1.25060", "2019-12-31": "0.90120", "2018-12-31": "1.49430", "2017-12-31": "1.40310", "2016-12-31": "1.24720", "2015-12-31": "1.53890", "2014-12-31": "1.47460", "2013-12-31": "1.41990", "2012-12-31": "1.33700", "2011-12-31": "1.49450", "2010-12-31": "1.63990", "2009-12-31": "1.80720", "2008-12-31": "1.66160", "2007-12-31": "2.07000", "2006-12-31": "2.21470", "2005-12-31": "1.77120"}, "Long-term Debt / Capital": {"2020-12-31": "0.58830", "2019-12-31": "0.66060", "2018-12-31": "0.66420", "2017-12-31": "0.64470", "2016-12-31": "0.55660", "2015-12-31": "0.51610", "2014-12-31": "0.32290", "2013-12-31": "0.27270", "2012-12-31": "0.34940", "2011-12-31": "0.38360", "2010-12-31": "0.40800", "2009-12-31": "0.54300", "2008-12-31": "0.09860", "2007-12-31": "0.07660", "2006-12-31": "", "2005-12-31": ""}, "Debt/Equity Ratio": {"2020-12-31": "1.47390", "2019-12-31": "1.94660", "2018-12-31": "1.97760", "2017-12-31": "1.81450", "2016-12-31": "1.25540", "2015-12-31": "1.06650", "2014-12-31": "0.47690", "2013-12-31": "0.37490", "2012-12-31": "0.53710", "2011-12-31": "0.62230", "2010-12-31": "0.68930", "2009-12-31": "1.19500", "2008-12-31": "0.11270", "2007-12-31": "0.08490", "2006-12-31": "", "2005-12-31": ""}, "Gross Margin": {"2020-12-31": "38.88510", "2019-12-31": "38.28180", "2018-12-31": "36.89170", "2017-12-31": "31.29910", "2016-12-31": "29.13940", "2015-12-31": "32.27420", "2014-12-31": "31.82570", "2013-12-31": "28.74250", "2012-12-31": "26.52120", "2011-12-31": "36.34410", "2010-12-31": "37.23580", "2009-12-31": "35.38340", "2008-12-31": "33.29960", "2007-12-31": "34.77630", "2006-12-31": "37.09140", "2005-12-31": "31.72590"}, "Operating Margin": {"2020-12-31": "18.34410", "2019-12-31": "12.92020", "2018-12-31": "10.16330", "2017-12-31": "7.17270", "2016-12-31": "4.30080", "2015-12-31": "4.51100", "2014-12-31": "7.31470", "2013-12-31": "5.21990", "2012-12-31": "1.38510", "2011-12-31": "11.73530", "2010-12-31": "13.11560", "2009-12-31": "11.49150", "2008-12-31": "8.90380", "2007-12-31": "7.61390", "2006-12-31": "6.54370", "2005-12-31": "0.43810"}, "EBIT Margin": {"2020-12-31": "18.34410", "2019-12-31": "12.92020", "2018-12-31": "10.16330", "2017-12-31": "7.17270", "2016-12-31": "4.30080", "2015-12-31": "4.51100", "2014-12-31": "7.31470", "2013-12-31": "5.21990", "2012-12-31": "1.38510", "2011-12-31": "11.73530", "2010-12-31": "13.11560", "2009-12-31": "11.49150", "2008-12-31": "8.90380", "2007-12-31": "7.61390", "2006-12-31": "6.54370", "2005-12-31": "0.43810"}, "EBITDA Margin": {"2020-12-31": "62.04140", "2019-12-31": "59.15770", "2018-12-31": "58.37830", "2017-12-31": "60.79350", "2016-12-31": "60.07210", "2015-12-31": "56.83110", "2014-12-31": "57.85010", "2013-12-31": "56.46340", "2012-12-31": "48.54360", "2011-12-31": "37.93600", "2010-12-31": "28.77690", "2009-12-31": "26.91020", "2008-12-31": "26.69840", "2007-12-31": "26.33540", "2006-12-31": "22.37730", "2005-12-31": "16.12270"}, "Pre-Tax Profit Margin": {"2020-12-31": "12.79940", "2019-12-31": "10.23110", "2018-12-31": "7.76520", "2017-12-31": "4.15060", "2016-12-31": "2.95000", "2015-12-31": "2.09290", "2014-12-31": "6.34680", "2013-12-31": "3.91070", "2012-12-31": "0.84450", "2011-12-31": "11.21900", "2010-12-31": "12.37830", "2009-12-31": "11.50670", "2008-12-31": "9.63610", "2007-12-31": "9.20280", "2006-12-31": "8.01800", "2005-12-31": "1.22180"}, "Net Profit Margin": {"2020-12-31": "11.04730", "2019-12-31": "9.26210", "2018-12-31": "7.66880", "2017-12-31": "4.78010", "2016-12-31": "2.11400", "2015-12-31": "1.80900", "2014-12-31": "4.84680", "2013-12-31": "2.56950", "2012-12-31": "0.47520", "2011-12-31": "7.05630", "2010-12-31": "7.43790", "2009-12-31": "6.93660", "2008-12-31": "6.08400", "2007-12-31": "5.52610", "2006-12-31": "4.90030", "2005-12-31": "6.16040"}, "Asset Turnover": {"2020-12-31": "0.63640", "2019-12-31": "0.59330", "2018-12-31": "0.60810", "2017-12-31": "0.61500", "2016-12-31": "0.65000", "2015-12-31": "0.66450", "2014-12-31": "0.78160", "2013-12-31": "0.80820", "2012-12-31": "0.90960", "2011-12-31": "1.04410", "2010-12-31": "2.20210", "2009-12-31": "2.45720", "2008-12-31": "2.21740", "2007-12-31": "1.77520", "2006-12-31": "1.63710", "2005-12-31": "1.87070"}, "Inventory Turnover Ratio": {"2020-12-31": "", "2019-12-31": "", "2018-12-31": "", "2017-12-31": "", "2016-12-31": "", "2015-12-31": "", "2014-12-31": "", "2013-12-31": "", "2012-12-31": "", "2011-12-31": "", "2010-12-31": "", "2009-12-31": "", "2008-12-31": "", "2007-12-31": "", "2006-12-31": "", "2005-12-31": ""}, "Receiveable Turnover": {"2020-12-31": "", "2019-12-31": "", "2018-12-31": "", "2017-12-31": "", "2016-12-31": "", "2015-12-31": "", "2014-12-31": "", "2013-12-31": "", "2012-12-31": "", "2011-12-31": "", "2010-12-31": "", "2009-12-31": "", "2008-12-31": "", "2007-12-31": "", "2006-12-31": "", "2005-12-31": ""}, "Days Sales In Receivables": {"2020-12-31": "", "2019-12-31": "", "2018-12-31": "", "2017-12-31": "", "2016-12-31": "", "2015-12-31": "", "2014-12-31": "", "2013-12-31": "", "2012-12-31": "", "2011-12-31": "", "2010-12-31": "", "2009-12-31": "", "2008-12-31": "", "2007-12-31": "", "2006-12-31": "", "2005-12-31": ""}, "ROE - Return On Equity": {"2020-12-31": "24.95560", "2019-12-31": "24.62250", "2018-12-31": "23.12080", "2017-12-31": "15.60400", "2016-12-31": "6.96610", "2015-12-31": "5.51590", "2014-12-31": "14.36170", "2013-12-31": "8.42880", "2012-12-31": "2.30330", "2011-12-31": "35.17770", "2010-12-31": "55.43520", "2009-12-31": "58.17930", "2008-12-31": "23.91610", "2007-12-31": "15.49700", "2006-12-31": "11.79090", "2005-12-31": "18.57530"}, "Return On Tangible Equity": {"2020-12-31": "24.95560", "2019-12-31": "24.62250", "2018-12-31": "23.12080", "2017-12-31": "15.60400", "2016-12-31": "6.96610", "2015-12-31": "5.51590", "2014-12-31": "14.36170", "2013-12-31": "8.42880", "2012-12-31": "2.30330", "2011-12-31": "35.17770", "2010-12-31": "55.43520", "2009-12-31": "58.17930", "2008-12-31": "23.91610", "2007-12-31": "15.49700", "2006-12-31": "11.79090", "2005-12-31": "18.71640"}, "ROA - Return On Assets": {"2020-12-31": "7.03000", "2019-12-31": "5.49490", "2018-12-31": "4.66320", "2017-12-31": "2.93980", "2016-12-31": "1.37400", "2015-12-31": "1.20200", "2014-12-31": "3.78840", "2013-12-31": "2.07670", "2012-12-31": "0.43230", "2011-12-31": "7.36760", "2010-12-31": "16.37900", "2009-12-31": "17.04490", "2008-12-31": "13.49090", "2007-12-31": "9.80980", "2006-12-31": "8.02250", "2005-12-31": "11.52430"}, "ROI - Return On Investment": {"2020-12-31": "10.27520", "2019-12-31": "8.35630", "2018-12-31": "7.76500", "2017-12-31": "5.54420", "2016-12-31": "3.08860", "2015-12-31": "2.66910", "2014-12-31": "9.72460", "2013-12-31": "6.13030", "2012-12-31": "1.49840", "2011-12-31": "21.68430", "2010-12-31": "32.81620", "2009-12-31": "26.59080", "2008-12-31": "21.55720", "2007-12-31": "14.31000", "2006-12-31": "11.79090", "2005-12-31": "18.57530"}, "Book Value Per Share": {"2020-12-31": "24.98390", "2019-12-31": "17.27900", "2018-12-31": "11.99900", "2017-12-31": "8.26490", "2016-12-31": "6.23130", "2015-12-31": "5.19560", "2014-12-31": "4.39270", "2013-12-31": "3.19610", "2012-12-31": "1.91380", "2011-12-31": "1.65760", "2010-12-31": "0.78530", "2009-12-31": "0.53240", "2008-12-31": "0.84250", "2007-12-31": "0.94590", "2006-12-31": "0.86240", "2005-12-31": "0.59030"}, "Operating Cash Flow Per Share": {"2020-12-31": 11.7347, "2019-12-31": -0.451, "2018-12-31": -1.9431, "2017-12-31": -0.6368, "2016-12-31": -1.6432, "2015-12-31": -1.7553, "2014-12-31": -0.1918, "2013-12-31": 0.1776, "2012-12-31": -0.7824, "2011-12-31": 0.1077, "2010-12-31": -0.0678, "2009-12-31": 0.1491, "2008-12-31": 0.0706, "2007-12-31": 0.0619, "2006-12-31": 0.1699, "2005-12-31": 0.3434}, "Free Cash Flow Per Share": {"2020-12-31": 11.1986, "2019-12-31": -0.6256, "2018-12-31": -1.9408, "2017-12-31": -0.7792, "2016-12-31": -1.6795, "2015-12-31": -1.8029, "2014-12-31": -0.226, "2013-12-31": 0.148, "2012-12-31": -0.7496, "2011-12-31": 0.0662, "2010-12-31": -0.0445, "2009-12-31": 0.1364, "2008-12-31": 0.0628, "2007-12-31": 0.0266, "2006-12-31": 0.1737, "2005-12-31": 0.2831}}, "financial ratios, quarterly": {"Current Ratio": {"2020-12-31": "1.25060", "2020-09-30": "1.23760", "2020-06-30": "1.12300", "2020-03-31": "0.82100", "2019-12-31": "0.90120", "2019-09-30": "0.73410", "2019-06-30": "0.84760", "2019-03-31": "0.60790", "2018-12-31": "1.49430", "2018-09-30": "1.38610", "2018-06-30": "1.53740", "2018-03-31": "1.30170", "2017-12-31": "1.40310", "2017-09-30": "1.20240", "2017-06-30": "1.30800", "2017-03-31": "1.15250", "2016-12-31": "1.24720", "2016-09-30": "1.17740", "2016-06-30": "1.32950", "2016-03-31": "1.40930", "2015-12-31": "1.53890", "2015-09-30": "1.66690", "2015-06-30": "1.73930", "2015-03-31": "1.84090", "2014-12-31": "1.47460", "2014-09-30": "1.50020", "2014-06-30": "1.57100", "2014-03-31": "1.58450", "2013-12-31": "1.41990", "2013-09-30": "1.47240", "2013-06-30": "1.53890", "2013-03-31": "1.51420", "2012-12-31": "1.33700", "2012-09-30": "1.39220", "2012-06-30": "1.42630", "2012-03-31": "1.42310", "2011-12-31": "1.49450", "2011-09-30": "1.22950", "2011-06-30": "1.33400", "2011-03-31": "1.47170", "2010-12-31": "1.63990", "2010-09-30": "1.57720", "2010-06-30": "1.70900", "2010-03-31": "1.55900", "2009-12-31": "1.80720", "2009-09-30": "1.15450", "2009-06-30": "1.62210", "2009-03-31": "1.60940", "2008-12-31": "1.66160", "2008-09-30": "1.44970", "2008-06-30": "1.74880", "2008-03-31": "1.43710", "2007-12-31": "2.07000", "2007-09-30": "2.22710", "2007-06-30": "2.45800", "2007-03-31": "2.22340", "2006-12-31": "2.21470", "2006-09-30": "2.43160", "2006-06-30": "2.54660", "2006-03-31": "1.65540", "2005-12-31": "1.77120", "2005-09-30": "1.94340", "2005-06-30": "1.76390", "2005-03-31": "1.72700"}, "Long-term Debt / Capital": {"2020-12-31": "0.58830", "2020-09-30": "0.60070", "2020-06-30": "0.62100", "2020-03-31": "0.62760", "2019-12-31": "0.66060", "2019-09-30": "0.64420", "2019-06-30": "0.67350", "2019-03-31": "0.64370", "2018-12-31": "0.66420", "2018-09-30": "0.62460", "2018-06-30": "0.64980", "2018-03-31": "0.61940", "2017-12-31": "0.64470", "2017-09-30": "0.59500", "2017-06-30": "0.60840", "2017-03-31": "0.53090", "2016-12-31": "0.55660", "2016-09-30": "0.48420", "2016-06-30": "0.49550", "2016-03-31": "0.50590", "2015-12-31": "0.51610", "2015-09-30": "0.52550", "2015-06-30": "0.54150", "2015-03-31": "0.55690", "2014-12-31": "0.32290", "2014-09-30": "0.34290", "2014-06-30": "0.35860", "2014-03-31": "0.37840", "2013-12-31": "0.27270", "2013-09-30": "0.29340", "2013-06-30": "0.31140", "2013-03-31": "0.46270", "2012-12-31": "0.34940", "2012-09-30": "0.35820", "2012-06-30": "0.36760", "2012-03-31": "0.37620", "2011-12-31": "0.38360", "2011-09-30": "0.37440", "2011-06-30": "0.41090", "2011-03-31": "0.45860", "2010-12-31": "0.40800", "2010-09-30": "0.55000", "2010-06-30": "0.57110", "2010-03-31": "0.61630", "2009-12-31": "0.54300", "2009-09-30": "0.13730", "2009-06-30": "0.10310", "2009-03-31": "0.09810", "2008-12-31": "0.09860", "2008-09-30": "0.10540", "2008-06-30": "0.09010", "2008-03-31": "", "2007-12-31": "0.07660", "2007-09-30": "", "2007-06-30": "", "2007-03-31": "", "2006-12-31": "", "2006-09-30": "", "2006-06-30": "", "2006-03-31": "", "2005-12-31": "", "2005-09-30": "", "2005-06-30": "", "2005-03-31": ""}, "Debt/Equity Ratio": {"2020-12-31": "1.47390", "2020-09-30": "1.55300", "2020-06-30": "1.69200", "2020-03-31": "1.74440", "2019-12-31": "1.94660", "2019-09-30": "1.81090", "2019-06-30": "2.06270", "2019-03-31": "1.80690", "2018-12-31": "1.97760", "2018-09-30": "1.66410", "2018-06-30": "1.85520", "2018-03-31": "1.62720", "2017-12-31": "1.81450", "2017-09-30": "1.46930", "2017-06-30": "1.55390", "2017-03-31": "1.13170", "2016-12-31": "1.25540", "2016-09-30": "0.93870", "2016-06-30": "0.98230", "2016-03-31": "1.02370", "2015-12-31": "1.06650", "2015-09-30": "1.10740", "2015-06-30": "1.18110", "2015-03-31": "1.25710", "2014-12-31": "0.47690", "2014-09-30": "0.52180", "2014-06-30": "0.55910", "2014-03-31": "0.60880", "2013-12-31": "0.37490", "2013-09-30": "0.41520", "2013-06-30": "0.45220", "2013-03-31": "0.86110", "2012-12-31": "0.53710", "2012-09-30": "0.55800", "2012-06-30": "0.58120", "2012-03-31": "0.60300", "2011-12-31": "0.62230", "2011-09-30": "0.60420", "2011-06-30": "0.70410", "2011-03-31": "0.85490", "2010-12-31": "0.68930", "2010-09-30": "1.23290", "2010-06-30": "1.34260", "2010-03-31": "1.61940", "2009-12-31": "1.19500", "2009-09-30": "0.16490", "2009-06-30": "0.11890", "2009-03-31": "0.11220", "2008-12-31": "0.11270", "2008-09-30": "0.12120", "2008-06-30": "0.10170", "2008-03-31": "", "2007-12-31": "0.08490", "2007-09-30": "", "2007-06-30": "", "2007-03-31": "", "2006-12-31": "", "2006-09-30": "", "2006-06-30": "", "2006-03-31": "", "2005-12-31": "", "2005-09-30": "", "2005-06-30": "", "2005-03-31": ""}, "Gross Margin": {"2020-12-31": "37.31370", "2020-09-30": "39.90100", "2020-06-30": "40.73620", "2020-03-31": "37.58850", "2019-12-31": "36.60610", "2019-09-30": "40.93470", "2019-06-30": "38.94810", "2019-03-31": "36.50480", "2018-12-31": "34.71450", "2018-09-30": "36.71190", "2018-06-30": "38.51380", "2018-03-31": "37.83660", "2017-12-31": "24.50170", "2017-09-30": "33.23040", "2017-06-30": "31.70590", "2017-03-31": "37.15380", "2016-12-31": "24.03840", "2016-09-30": "33.06910", "2016-06-30": "30.02590", "2016-03-31": "30.04470", "2015-12-31": "31.47900", "2015-09-30": "32.46730", "2015-06-30": "31.79570", "2015-03-31": "33.48280", "2014-12-31": "31.68230", "2014-09-30": "32.28520", "2014-06-30": "31.74850", "2014-03-31": "31.56500", "2013-12-31": "30.16880", "2013-09-30": "27.76670", "2013-06-30": "28.86720", "2013-03-31": "28.02930", "2012-12-31": "23.61100", "2012-09-30": "26.78750", "2012-06-30": "27.63670", "2012-03-31": "28.26630", "2011-12-31": "34.31120", "2011-09-30": "34.70530", "2011-06-30": "37.86820", "2011-03-31": "39.02320", "2010-12-31": "34.42260", "2010-09-30": "37.73370", "2010-06-30": "39.41470", "2010-03-31": "37.77930", "2009-12-31": "38.02930", "2009-09-30": "34.94190", "2009-06-30": "34.09130", "2009-03-31": "34.21230", "2008-12-31": "35.24770", "2008-09-30": "34.21730", "2008-06-30": "31.84910", "2008-03-31": "31.69330", "2007-12-31": "33.83610", "2007-09-30": "33.85320", "2007-06-30": "35.23300", "2007-03-31": "36.14180", "2006-12-31": "38.91490", "2006-09-30": "37.95940", "2006-06-30": "37.08860", "2006-03-31": "33.84750", "2005-12-31": "37.22490", "2005-09-30": "33.05030", "2005-06-30": "28.15270", "2005-03-31": "27.10800"}, "Operating Margin": {"2020-12-31": "14.36150", "2020-09-30": "20.43100", "2020-06-30": "22.08630", "2020-03-31": "16.61420", "2019-12-31": "8.38630", "2019-09-30": "18.68940", "2019-06-30": "14.34900", "2019-03-31": "10.15450", "2018-12-31": "5.15350", "2018-09-30": "12.01860", "2018-06-30": "11.82960", "2018-03-31": "12.06690", "2017-12-31": "7.46560", "2017-09-30": "6.98950", "2017-06-30": "4.58840", "2017-03-31": "9.74510", "2016-12-31": "6.21320", "2016-09-30": "4.63000", "2016-06-30": "3.34270", "2016-03-31": "2.52600", "2015-12-31": "3.28490", "2015-09-30": "4.23620", "2015-06-30": "4.55010", "2015-03-31": "6.19500", "2014-12-31": "4.38100", "2014-09-30": "7.83340", "2014-06-30": "9.66870", "2014-03-31": "7.68410", "2013-12-31": "7.00190", "2013-09-30": "5.16460", "2013-06-30": "5.34120", "2013-03-31": "3.10770", "2012-12-31": "2.07760", "2012-09-30": "1.78270", "2012-06-30": "1.81680", "2012-03-31": "-0.22250", "2011-12-31": "7.06640", "2011-09-30": "11.78360", "2011-06-30": "14.59710", "2011-03-31": "14.22860", "2010-12-31": "13.16500", "2010-09-30": "12.56300", "2010-06-30": "14.87860", "2010-03-31": "11.81880", "2009-12-31": "12.00090", "2009-09-30": "11.66030", "2009-06-30": "12.92070", "2009-03-31": "9.25430", "2008-12-31": "10.54550", "2008-09-30": "9.98450", "2008-06-30": "10.13020", "2008-03-31": "4.69370", "2007-12-31": "6.75590", "2007-09-30": "7.38340", "2007-06-30": "12.65290", "2007-03-31": "3.67320", "2006-12-31": "7.03090", "2006-09-30": "6.66340", "2006-06-30": "9.98070", "2006-03-31": "2.13360", "2005-12-31": "1.44980", "2005-09-30": "3.19560", "2005-06-30": "2.71540", "2005-03-31": "-6.41740"}, "EBIT Margin": {"2020-12-31": "14.36150", "2020-09-30": "20.43100", "2020-06-30": "22.08630", "2020-03-31": "16.61420", "2019-12-31": "8.38620", "2019-09-30": "18.68940", "2019-06-30": "14.34900", "2019-03-31": "10.15450", "2018-12-31": "5.15350", "2018-09-30": "12.01860", "2018-06-30": "11.82960", "2018-03-31": "12.06690", "2017-12-31": "7.46570", "2017-09-30": "6.98950", "2017-06-30": "4.58840", "2017-03-31": "9.74510", "2016-12-31": "6.21320", "2016-09-30": "4.63000", "2016-06-30": "3.34270", "2016-03-31": "2.52600", "2015-12-31": "3.28490", "2015-09-30": "4.23620", "2015-06-30": "4.55010", "2015-03-31": "6.19500", "2014-12-31": "4.38100", "2014-09-30": "7.83340", "2014-06-30": "9.66870", "2014-03-31": "7.68410", "2013-12-31": "7.00190", "2013-09-30": "5.16460", "2013-06-30": "5.34120", "2013-03-31": "3.10770", "2012-12-31": "2.07760", "2012-09-30": "1.78270", "2012-06-30": "1.81680", "2012-03-31": "-0.22250", "2011-12-31": "7.06640", "2011-09-30": "11.78360", "2011-06-30": "14.59710", "2011-03-31": "14.22860", "2010-12-31": "13.16500", "2010-09-30": "12.56300", "2010-06-30": "14.87860", "2010-03-31": "11.81880", "2009-12-31": "12.00090", "2009-09-30": "11.66030", "2009-06-30": "12.92070", "2009-03-31": "9.25430", "2008-12-31": "10.54550", "2008-09-30": "9.98450", "2008-06-30": "10.13020", "2008-03-31": "4.69370", "2007-12-31": "6.75590", "2007-09-30": "7.38340", "2007-06-30": "12.65290", "2007-03-31": "3.67320", "2006-12-31": "7.03090", "2006-09-30": "6.66340", "2006-06-30": "9.98070", "2006-03-31": "2.13360", "2005-12-31": "1.44980", "2005-09-30": "3.19560", "2005-06-30": "2.71540", "2005-03-31": "-6.41740"}, "EBITDA Margin": {"2020-12-31": "", "2020-09-30": "", "2020-06-30": "", "2020-03-31": "", "2019-12-31": "", "2019-09-30": "", "2019-06-30": "", "2019-03-31": "", "2018-12-31": "", "2018-09-30": "", "2018-06-30": "", "2018-03-31": "", "2017-12-31": "", "2017-09-30": "", "2017-06-30": "", "2017-03-31": "", "2016-12-31": "", "2016-09-30": "", "2016-06-30": "", "2016-03-31": "", "2015-12-31": "", "2015-09-30": "", "2015-06-30": "", "2015-03-31": "", "2014-12-31": "", "2014-09-30": "", "2014-06-30": "", "2014-03-31": "", "2013-12-31": "", "2013-09-30": "", "2013-06-30": "", "2013-03-31": "", "2012-12-31": "", "2012-09-30": "", "2012-06-30": "", "2012-03-31": "", "2011-12-31": "", "2011-09-30": "", "2011-06-30": "", "2011-03-31": "", "2010-12-31": "", "2010-09-30": "", "2010-06-30": "", "2010-03-31": "", "2009-12-31": "", "2009-09-30": "", "2009-06-30": "", "2009-03-31": "", "2008-12-31": "", "2008-09-30": "", "2008-06-30": "", "2008-03-31": "", "2007-12-31": "", "2007-09-30": "", "2007-06-30": "", "2007-03-31": "", "2006-12-31": "", "2006-09-30": "", "2006-06-30": "", "2006-03-31": "", "2005-12-31": "", "2005-09-30": "", "2005-06-30": "", "2005-03-31": ""}, "Pre-Tax Profit Margin": {"2020-12-31": "7.62170", "2020-09-30": "13.38580", "2020-06-30": "16.84380", "2020-03-31": "13.79880", "2019-12-31": "2.73130", "2019-09-30": "19.30110", "2019-06-30": "10.17480", "2019-03-31": "8.84010", "2018-12-31": "2.85170", "2018-09-30": "9.47170", "2018-06-30": "10.97020", "2018-03-31": "8.09590", "2017-12-31": "3.99700", "2017-09-30": "3.89420", "2017-06-30": "0.50120", "2017-03-31": "8.48780", "2016-12-31": "3.64350", "2016-09-30": "3.45500", "2016-06-30": "2.43360", "2016-03-31": "2.03700", "2015-12-31": "1.13700", "2015-09-30": "2.42980", "2015-06-30": "2.46190", "2015-03-31": "2.44260", "2014-12-31": "3.06560", "2014-09-30": "6.92030", "2014-06-30": "8.75640", "2014-03-31": "7.00300", "2013-12-31": "6.29700", "2013-09-30": "4.47480", "2013-06-30": "4.36230", "2013-03-31": "0.09080", "2012-12-31": "1.57670", "2012-09-30": "1.31990", "2012-06-30": "1.19830", "2012-03-31": "-0.80770", "2011-12-31": "6.49120", "2011-09-30": "11.39190", "2011-06-30": "14.05310", "2011-03-31": "13.67190", "2010-12-31": "12.51150", "2010-09-30": "11.82340", "2010-06-30": "14.11450", "2010-03-31": "11.01110", "2009-12-31": "11.54810", "2009-09-30": "11.92830", "2009-06-30": "12.96770", "2009-03-31": "9.49280", "2008-12-31": "10.59410", "2008-09-30": "10.23620", "2008-06-30": "10.64060", "2008-03-31": "6.91240", "2007-12-31": "8.18970", "2007-09-30": "9.01380", "2007-06-30": "14.19200", "2007-03-31": "5.42550", "2006-12-31": "8.42110", "2006-09-30": "8.49460", "2006-06-30": "11.52700", "2006-03-31": "3.22760", "2005-12-31": "2.28500", "2005-09-30": "4.05120", "2005-06-30": "3.47320", "2005-03-31": "-5.75290"}, "Net Profit Margin": {"2020-12-31": "8.15950", "2020-09-30": "12.27500", "2020-06-30": "11.71380", "2020-03-31": "12.29380", "2019-12-31": "10.73580", "2019-09-30": "12.68360", "2019-06-30": "5.49750", "2019-03-31": "7.61010", "2018-12-31": "3.19890", "2018-09-30": "10.07250", "2018-06-30": "9.83680", "2018-03-31": "7.83940", "2017-12-31": "5.64610", "2017-09-30": "4.34160", "2017-06-30": "2.35510", "2017-03-31": "6.75940", "2016-12-31": "2.69410", "2016-09-30": "2.24950", "2016-06-30": "1.93590", "2016-03-31": "1.41280", "2015-12-31": "2.36810", "2015-09-30": "1.69310", "2015-06-30": "1.60120", "2015-03-31": "1.50630", "2014-12-31": "5.61520", "2014-09-30": "4.20700", "2014-06-30": "5.29820", "2014-03-31": "4.18200", "2013-12-31": "4.12010", "2013-09-30": "2.87720", "2013-06-30": "2.75590", "2013-03-31": "0.26260", "2012-12-31": "0.83550", "2012-09-30": "0.84800", "2012-06-30": "0.69320", "2012-03-31": "-0.52700", "2011-12-31": "4.02240", "2011-09-30": "7.60000", "2011-06-30": "8.64990", "2011-03-31": "8.38250", "2010-12-31": "7.90290", "2010-09-30": "6.86290", "2010-06-30": "8.37200", "2010-03-31": "6.53720", "2009-12-31": "6.95390", "2009-09-30": "7.12350", "2009-06-30": "7.94180", "2009-03-31": "5.67450", "2008-12-31": "6.32160", "2008-09-30": "5.96920", "2008-06-30": "7.87260", "2008-03-31": "4.09100", "2007-12-31": "5.16050", "2007-09-30": "5.32260", "2007-06-30": "8.39470", "2007-03-31": "3.23070", "2006-12-31": "5.27250", "2006-09-30": "4.99360", "2006-06-30": "7.11800", "2006-03-31": "1.96500", "2005-12-31": "19.79840", "2005-09-30": "4.02110", "2005-06-30": "3.46530", "2005-03-31": "-5.78170"}, "Asset Turnover": {"2020-12-31": "0.16920", "2020-09-30": "0.16660", "2020-06-30": "0.16540", "2020-03-31": "0.16450", "2019-12-31": "0.16090", "2019-09-30": "0.16950", "2019-06-30": "0.16320", "2019-03-31": "0.16610", "2018-12-31": "0.16120", "2018-09-30": "0.17120", "2018-06-30": "0.17240", "2018-03-31": "0.18360", "2017-12-31": "0.17280", "2017-09-30": "0.17610", "2017-06-30": "0.16860", "2017-03-31": "0.18360", "2016-12-31": "0.18240", "2016-09-30": "0.18550", "2016-06-30": "0.18160", "2016-03-31": "0.17380", "2015-12-31": "0.17870", "2015-09-30": "0.17530", "2015-06-30": "0.17030", "2015-03-31": "0.17020", "2014-12-31": "0.21080", "2014-09-30": "0.20790", "2014-06-30": "0.21190", "2014-03-31": "0.21000", "2013-12-31": "0.21710", "2013-09-30": "0.22570", "2013-06-30": "0.23870", "2013-03-31": "0.23470", "2012-12-31": "0.23820", "2012-09-30": "0.23760", "2012-06-30": "0.25560", "2012-03-31": "0.24990", "2011-12-31": "0.28530", "2011-09-30": "0.41900", "2011-06-30": "0.50210", "2011-03-31": "0.65910", "2010-12-31": "0.60680", "2010-09-30": "0.71820", "2010-06-30": "0.74900", "2010-03-31": "0.76150", "2009-12-31": "0.65400", "2009-09-30": "0.85980", "2009-06-30": "0.69010", "2009-03-31": "0.62690", "2008-12-31": "0.58430", "2008-09-30": "0.58540", "2008-06-30": "0.52260", "2008-03-31": "0.55690", "2007-12-31": "0.44530", "2007-09-30": "0.47100", "2007-06-30": "0.49600", "2007-03-31": "0.48840", "2006-12-31": "0.45540", "2006-09-30": "0.46490", "2006-06-30": "0.46680", "2006-03-31": "0.57040", "2005-12-31": "0.52920", "2005-09-30": "0.62070", "2005-06-30": "0.61040", "2005-03-31": "0.60120"}, "Inventory Turnover Ratio": {"2020-12-31": "", "2020-09-30": "", "2020-06-30": "", "2020-03-31": "", "2019-12-31": "", "2019-09-30": "", "2019-06-30": "", "2019-03-31": "", "2018-12-31": "", "2018-09-30": "", "2018-06-30": "", "2018-03-31": "", "2017-12-31": "", "2017-09-30": "", "2017-06-30": "", "2017-03-31": "", "2016-12-31": "", "2016-09-30": "", "2016-06-30": "", "2016-03-31": "", "2015-12-31": "", "2015-09-30": "", "2015-06-30": "", "2015-03-31": "", "2014-12-31": "", "2014-09-30": "", "2014-06-30": "", "2014-03-31": "", "2013-12-31": "", "2013-09-30": "", "2013-06-30": "", "2013-03-31": "", "2012-12-31": "", "2012-09-30": "", "2012-06-30": "", "2012-03-31": "", "2011-12-31": "", "2011-09-30": "", "2011-06-30": "", "2011-03-31": "", "2010-12-31": "", "2010-09-30": "", "2010-06-30": "", "2010-03-31": "", "2009-12-31": "", "2009-09-30": "", "2009-06-30": "", "2009-03-31": "", "2008-12-31": "", "2008-09-30": "", "2008-06-30": "", "2008-03-31": "", "2007-12-31": "", "2007-09-30": "", "2007-06-30": "", "2007-03-31": "", "2006-12-31": "", "2006-09-30": "", "2006-06-30": "", "2006-03-31": "", "2005-12-31": "", "2005-09-30": "", "2005-06-30": "", "2005-03-31": ""}, "Receiveable Turnover": {"2020-12-31": "", "2020-09-30": "", "2020-06-30": "", "2020-03-31": "", "2019-12-31": "", "2019-09-30": "", "2019-06-30": "", "2019-03-31": "", "2018-12-31": "", "2018-09-30": "", "2018-06-30": "", "2018-03-31": "", "2017-12-31": "", "2017-09-30": "", "2017-06-30": "", "2017-03-31": "", "2016-12-31": "", "2016-09-30": "", "2016-06-30": "", "2016-03-31": "", "2015-12-31": "", "2015-09-30": "", "2015-06-30": "", "2015-03-31": "", "2014-12-31": "", "2014-09-30": "", "2014-06-30": "", "2014-03-31": "", "2013-12-31": "", "2013-09-30": "", "2013-06-30": "", "2013-03-31": "", "2012-12-31": "", "2012-09-30": "", "2012-06-30": "", "2012-03-31": "", "2011-12-31": "", "2011-09-30": "", "2011-06-30": "", "2011-03-31": "", "2010-12-31": "", "2010-09-30": "", "2010-06-30": "", "2010-03-31": "", "2009-12-31": "", "2009-09-30": "", "2009-06-30": "", "2009-03-31": "", "2008-12-31": "", "2008-09-30": "", "2008-06-30": "", "2008-03-31": "", "2007-12-31": "", "2007-09-30": "", "2007-06-30": "", "2007-03-31": "", "2006-12-31": "", "2006-09-30": "", "2006-06-30": "", "2006-03-31": "", "2005-12-31": "", "2005-09-30": "", "2005-06-30": "", "2005-03-31": ""}, "Days Sales In Receivables": {"2020-12-31": "", "2020-09-30": "", "2020-06-30": "", "2020-03-31": "", "2019-12-31": "", "2019-09-30": "", "2019-06-30": "", "2019-03-31": "", "2018-12-31": "", "2018-09-30": "", "2018-06-30": "", "2018-03-31": "", "2017-12-31": "", "2017-09-30": "", "2017-06-30": "", "2017-03-31": "", "2016-12-31": "", "2016-09-30": "", "2016-06-30": "", "2016-03-31": "", "2015-12-31": "", "2015-09-30": "", "2015-06-30": "", "2015-03-31": "", "2014-12-31": "", "2014-09-30": "", "2014-06-30": "", "2014-03-31": "", "2013-12-31": "", "2013-09-30": "", "2013-06-30": "", "2013-03-31": "", "2012-12-31": "", "2012-09-30": "", "2012-06-30": "", "2012-03-31": "", "2011-12-31": "", "2011-09-30": "", "2011-06-30": "", "2011-03-31": "", "2010-12-31": "", "2010-09-30": "", "2010-06-30": "", "2010-03-31": "", "2009-12-31": "", "2009-09-30": "", "2009-06-30": "", "2009-03-31": "", "2008-12-31": "", "2008-09-30": "", "2008-06-30": "", "2008-03-31": "", "2007-12-31": "", "2007-09-30": "", "2007-06-30": "", "2007-03-31": "", "2006-12-31": "", "2006-09-30": "", "2006-06-30": "", "2006-03-31": "", "2005-12-31": "", "2005-09-30": "", "2005-06-30": "", "2005-03-31": ""}, "ROE - Return On Equity": {"2020-12-31": "4.89960", "2020-09-30": "7.64490", "2020-06-30": "7.71520", "2020-03-31": "8.43190", "2019-12-31": "7.74150", "2019-09-30": "9.69530", "2019-06-30": "4.43290", "2019-03-31": "6.03280", "2018-12-31": "2.55660", "2018-09-30": "8.04120", "2018-06-30": "8.54750", "2018-03-31": "7.21570", "2017-12-31": "5.17920", "2017-09-30": "3.89470", "2017-06-30": "2.10760", "2017-03-31": "5.99330", "2016-12-31": "2.49080", "2016-09-30": "2.03710", "2016-06-30": "1.68700", "2016-03-31": "1.19360", "2015-12-31": "1.94200", "2015-09-30": "1.35800", "2015-06-30": "1.29600", "2015-03-31": "1.24110", "2014-12-31": "4.48780", "2014-09-30": "3.43760", "2014-06-30": "4.41190", "2014-03-31": "3.59280", "2013-12-31": "3.63100", "2013-09-30": "2.64220", "2013-06-30": "2.66560", "2013-03-31": "0.33080", "2012-12-31": "1.06050", "2012-09-30": "1.07070", "2012-06-30": "0.89560", "2012-03-31": "-0.69100", "2011-12-31": "5.47890", "2011-09-30": "16.08340", "2011-06-30": "20.42130", "2011-03-31": "21.84560", "2010-12-31": "16.23050", "2010-09-30": "19.77710", "2010-06-30": "24.63710", "2010-03-31": "21.99340", "2009-12-31": "15.52300", "2009-09-30": "12.98050", "2009-06-30": "10.00180", "2009-03-31": "6.45750", "2008-12-31": "6.54810", "2008-09-30": "6.27120", "2008-06-30": "6.82450", "2008-03-31": "3.75430", "2007-12-31": "3.63020", "2007-09-30": "3.60170", "2007-06-30": "5.74080", "2007-03-31": "2.28230", "2006-12-31": "3.52890", "2006-09-30": "3.30260", "2006-06-30": "4.65040", "2006-03-31": "1.85200", "2005-12-31": "16.88870", "2005-09-30": "3.88760", "2005-06-30": "3.45460", "2005-03-31": "-5.79440"}, "Return On Tangible Equity": {"2020-12-31": "4.89960", "2020-09-30": "7.64490", "2020-06-30": "7.71520", "2020-03-31": "8.43190", "2019-12-31": "7.74150", "2019-09-30": "9.69530", "2019-06-30": "4.43290", "2019-03-31": "6.03280", "2018-12-31": "2.55660", "2018-09-30": "8.04120", "2018-06-30": "8.54750", "2018-03-31": "7.21570", "2017-12-31": "5.17920", "2017-09-30": "3.89470", "2017-06-30": "2.10760", "2017-03-31": "5.99330", "2016-12-31": "2.49080", "2016-09-30": "2.03710", "2016-06-30": "1.68700", "2016-03-31": "1.19360", "2015-12-31": "1.94200", "2015-09-30": "1.35800", "2015-06-30": "1.29600", "2015-03-31": "1.24110", "2014-12-31": "4.48780", "2014-09-30": "3.43760", "2014-06-30": "4.41190", "2014-03-31": "3.59280", "2013-12-31": "3.63100", "2013-09-30": "2.64220", "2013-06-30": "2.66560", "2013-03-31": "0.33080", "2012-12-31": "1.06050", "2012-09-30": "1.07070", "2012-06-30": "0.89560", "2012-03-31": "-0.69100", "2011-12-31": "5.47890", "2011-09-30": "16.08340", "2011-06-30": "20.42130", "2011-03-31": "21.84560", "2010-12-31": "16.23050", "2010-09-30": "19.77710", "2010-06-30": "24.63710", "2010-03-31": "21.99340", "2009-12-31": "15.52300", "2009-09-30": "12.98050", "2009-06-30": "10.00180", "2009-03-31": "6.45750", "2008-12-31": "6.54810", "2008-09-30": "6.27120", "2008-06-30": "6.82450", "2008-03-31": "3.75430", "2007-12-31": "3.63020", "2007-09-30": "3.60170", "2007-06-30": "5.74080", "2007-03-31": "2.28230", "2006-12-31": "3.52890", "2006-09-30": "3.32090", "2006-06-30": "4.67790", "2006-03-31": "1.86560", "2005-12-31": "17.01700", "2005-09-30": "3.93240", "2005-06-30": "3.49020", "2005-03-31": "-5.87420"}, "ROA - Return On Assets": {"2020-12-31": "1.38020", "2020-09-30": "2.04540", "2020-06-30": "1.93730", "2020-03-31": "2.02240", "2019-12-31": "1.72760", "2019-09-30": "2.15000", "2019-06-30": "0.89700", "2019-03-31": "1.26400", "2018-12-31": "0.51560", "2018-09-30": "1.72400", "2018-06-30": "1.69590", "2018-03-31": "1.43960", "2017-12-31": "0.97580", "2017-09-30": "0.76450", "2017-06-30": "0.39720", "2017-03-31": "1.24120", "2016-12-31": "0.49130", "2016-09-30": "0.41720", "2016-06-30": "0.35150", "2016-03-31": "0.24560", "2015-12-31": "0.42320", "2015-09-30": "0.29680", "2015-06-30": "0.27280", "2015-03-31": "0.25640", "2014-12-31": "1.18380", "2014-09-30": "0.87480", "2014-06-30": "1.12270", "2014-03-31": "0.87820", "2013-12-31": "0.89460", "2013-09-30": "0.64930", "2013-06-30": "0.65770", "2013-03-31": "0.06160", "2012-12-31": "0.19900", "2012-09-30": "0.20150", "2012-06-30": "0.17720", "2012-03-31": "-0.13170", "2011-12-31": "1.14750", "2011-09-30": "3.18420", "2011-06-30": "4.34290", "2011-03-31": "5.52500", "2010-12-31": "4.79550", "2010-09-30": "4.92900", "2010-06-30": "6.27100", "2010-03-31": "4.97800", "2009-12-31": "4.54780", "2009-09-30": "6.12460", "2009-06-30": "5.48030", "2009-03-31": "3.55710", "2008-12-31": "3.69370", "2008-09-30": "3.49420", "2008-06-30": "4.11420", "2008-03-31": "2.27840", "2007-12-31": "2.29790", "2007-09-30": "2.50670", "2007-06-30": "4.16360", "2007-03-31": "1.57800", "2006-12-31": "2.40100", "2006-09-30": "2.32130", "2006-06-30": "3.32290", "2006-03-31": "1.12080", "2005-12-31": "10.47790", "2005-09-30": "2.49590", "2005-06-30": "2.11520", "2005-03-31": "-3.47580"}, "ROI - Return On Investment": {"2020-12-31": "2.01740", "2020-09-30": "3.05230", "2020-06-30": "2.92410", "2020-03-31": "3.14020", "2019-12-31": "2.62730", "2019-09-30": "3.44910", "2019-06-30": "1.44740", "2019-03-31": "2.14920", "2018-12-31": "0.85860", "2018-09-30": "3.01830", "2018-06-30": "2.99370", "2018-03-31": "2.74660", "2017-12-31": "1.84020", "2017-09-30": "1.57730", "2017-06-30": "0.82530", "2017-03-31": "2.81150", "2016-12-31": "1.10430", "2016-09-30": "1.05070", "2016-06-30": "0.85100", "2016-03-31": "0.58980", "2015-12-31": "0.93970", "2015-09-30": "0.64440", "2015-06-30": "0.59420", "2015-03-31": "0.54990", "2014-12-31": "3.03880", "2014-09-30": "2.25900", "2014-06-30": "2.82970", "2014-03-31": "2.23330", "2013-12-31": "2.64080", "2013-09-30": "1.86710", "2013-06-30": "1.83550", "2013-03-31": "0.17770", "2012-12-31": "0.68990", "2012-09-30": "0.68720", "2012-06-30": "0.56640", "2012-03-31": "-0.43110", "2011-12-31": "3.37730", "2011-09-30": "10.06200", "2011-06-30": "12.03030", "2011-03-31": "11.82700", "2010-12-31": "9.60800", "2010-09-30": "8.89920", "2010-06-30": "10.56740", "2010-03-31": "8.43850", "2009-12-31": "7.09480", "2009-09-30": "11.19890", "2009-06-30": "8.97030", "2009-03-31": "5.82420", "2008-12-31": "5.90220", "2008-09-30": "5.61000", "2008-06-30": "6.20940", "2008-03-31": "3.75430", "2007-12-31": "3.35210", "2007-09-30": "3.60170", "2007-06-30": "5.74080", "2007-03-31": "2.28230", "2006-12-31": "3.52890", "2006-09-30": "3.30260", "2006-06-30": "4.65040", "2006-03-31": "1.85200", "2005-12-31": "16.88870", "2005-09-30": "3.88760", "2005-06-30": "3.45460", "2005-03-31": "-5.79440"}, "Book Value Per Share": {"2020-12-31": "24.98390", "2020-09-30": "23.38940", "2020-06-30": "21.16650", "2020-03-31": "19.12160", "2019-12-31": "17.27900", "2019-09-30": "15.65660", "2019-06-30": "13.94490", "2019-03-31": "13.04480", "2018-12-31": "11.99900", "2018-09-30": "11.48780", "2018-06-30": "10.32610", "2018-03-31": "9.25040", "2017-12-31": "8.26490", "2017-09-30": "7.68920", "2017-06-30": "7.20900", "2017-03-31": "6.89960", "2016-12-31": "6.23130", "2016-09-30": "5.89300", "2016-06-30": "5.63490", "2016-03-31": "5.41040", "2015-12-31": "5.19560", "2015-09-30": "5.07110", "2015-06-30": "4.77010", "2015-03-31": "4.49920", "2014-12-31": "4.39270", "2014-09-30": "4.09010", "2014-06-30": "3.82680", "2014-03-31": "3.52340", "2013-12-31": "3.19610", "2013-09-30": "2.90350", "2013-06-30": "2.68060", "2013-03-31": "2.06850", "2012-12-31": "1.91380", "2012-09-30": "1.84360", "2012-06-30": "1.77040", "2012-03-31": "1.70710", "2011-12-31": "1.65760", "2011-09-30": "1.05670", "2011-06-30": "0.90830", "2011-03-31": "0.75000", "2010-12-31": "0.78530", "2010-09-30": "0.52480", "2010-06-30": "0.48200", "2010-03-31": "0.40110", "2009-12-31": "0.53240", "2009-09-30": "0.60710", "2009-06-30": "0.80710", "2009-03-31": "0.84580", "2008-12-31": "0.84250", "2008-09-30": "0.78490", "2008-06-30": "0.89870", "2008-03-31": "0.82500", "2007-12-31": "0.94590", "2007-09-30": "0.94510", "2007-06-30": "0.93790", "2007-03-31": "0.89790", "2006-12-31": "0.86240", "2006-09-30": "0.81120", "2006-06-30": "0.77040", "2006-03-31": "0.61200", "2005-12-31": "0.59030", "2005-09-30": "0.47300", "2005-06-30": "0.43990", "2005-03-31": "0.41030"}, "Operating Cash Flow Per Share": {"2020-12-31": -0.2922, "2020-09-30": 2.7697, "2020-06-30": 2.2916, "2020-03-31": "0.57440", "2019-12-31": -3.2346, "2019-09-30": -1.1142, "2019-06-30": -1.202, "2019-03-31": "-0.84040", "2018-12-31": -2.7418, "2018-09-30": -1.5264, "2018-06-30": -1.1463, "2018-03-31": "-0.52570", "2017-12-31": -1.0957, "2017-09-30": -0.9331, "2017-06-30": -1.1964, "2017-03-31": "-0.77190", "2016-12-31": -1.269, "2016-09-30": -1.0531, "2016-06-30": -0.5163, "2016-03-31": "-0.52190", "2015-12-31": -0.5638, "2015-09-30": -0.4454, "2015-06-30": -0.4143, "2015-03-31": "-0.29360", "2014-12-31": -0.0888, "2014-09-30": -0.0871, "2014-06-30": 0.1297, "2014-03-31": "0.08440", "2013-12-31": 0.0979, "2013-09-30": 0.081, "2013-06-30": 0.0802, "2013-03-31": "-0.02910", "2012-12-31": -0.0342, "2012-09-30": -0.007, "2012-06-30": 0.0444, "2012-03-31": "0.04920", "2011-12-31": 0.1659, "2011-09-30": 0.1317, "2011-06-30": 0.2309, "2011-03-31": "0.30630", "2010-12-31": 0.2511, "2010-09-30": 0.1145, "2010-06-30": 0.1601, "2010-03-31": "0.20140", "2009-12-31": 0.2543, "2009-09-30": 0.2031, "2009-06-30": 0.1831, "2009-03-31": "0.15440", "2008-12-31": 0.2055, "2008-09-30": 0.1462, "2008-06-30": 0.153, "2008-03-31": "0.14110", "2007-12-31": 0.143, "2007-09-30": 0.1698, "2007-06-30": 0.135, "2007-03-31": "0.12740", "2006-12-31": 0.1868, "2006-09-30": 0.1215, "2006-06-30": 0.1061, "2006-03-31": "0.09890", "2005-12-31": 0.1304, "2005-09-30": 0.0672, "2005-06-30": 0.0662, "2005-03-31": "0.07960"}, "Free Cash Flow Per Share": {"2020-12-31": -0.6203, "2020-09-30": 2.5298, "2020-06-30": 1.98, "2020-03-31": "0.35780", "2019-12-31": -3.473, "2019-09-30": -1.2149, "2019-06-30": -1.2894, "2019-03-31": "-0.97400", "2018-12-31": -2.8976, "2018-09-30": -1.6133, "2018-06-30": -1.2066, "2018-03-31": "-0.60820", "2017-12-31": -1.1443, "2017-09-30": -1.0084, "2017-06-30": -1.3424, "2017-03-31": "-0.88980", "2016-12-31": -1.408, "2016-09-30": -1.1156, "2016-06-30": -0.541, "2016-03-31": "-0.54110", "2015-12-31": -0.5937, "2015-09-30": -0.5315, "2015-06-30": -0.4773, "2015-03-31": "-0.32370", "2014-12-31": -0.1249, "2014-09-30": -0.1356, "2014-06-30": 0.0838, "2014-03-31": "0.05340", "2013-12-31": 0.0433, "2013-09-30": 0.0559, "2013-06-30": 0.0614, "2013-03-31": "-0.05790", "2012-12-31": -0.0858, "2012-09-30": -0.0333, "2012-06-30": 0.0369, "2012-03-31": "0.03690", "2011-12-31": 0.1389, "2011-09-30": 0.0943, "2011-06-30": 0.2077, "2011-03-31": "0.26340", "2010-12-31": 0.2135, "2010-09-30": 0.0949, "2010-06-30": 0.145, "2010-03-31": "0.18470", "2009-12-31": 0.1999, "2009-09-30": 0.1776, "2009-06-30": 0.1661, "2009-03-31": "0.13900", "2008-12-31": 0.1892, "2008-09-30": 0.1236, "2008-06-30": 0.1196, "2008-03-31": "0.11380", "2007-12-31": 0.1233, "2007-09-30": 0.1529, "2007-06-30": 0.1162, "2007-03-31": "0.09100", "2006-12-31": 0.1624, "2006-09-30": 0.1112, "2006-06-30": 0.0987, "2006-03-31": "0.08450", "2005-12-31": 0.1073, "2005-09-30": 0.0582, "2005-06-30": 0.0565, "2005-03-31": "0.06110"}}, "revenue": {"Netflix Annual Revenue (Millions of US $)": {"2020": "$24,996", "2019": "$20,156", "2018": "$15,794", "2017": "$11,693", "2016": "$8,831", "2015": "$6,780", "2014": "$5,505", "2013": "$4,375", "2012": "$3,609", "2011": "$3,205", "2010": "$2,163", "2009": "$1,670", "2008": "$1,365", "2007": "$1,205", "2006": "$997", "2005": "$682"}, "Netflix Quarterly Revenue (Millions of US $)": {"2020-12-31": "$6,644", "2020-09-30": "$6,436", "2020-06-30": "$6,148", "2020-03-31": "$5,768", "2019-12-31": "$5,467", "2019-09-30": "$5,245", "2019-06-30": "$4,923", "2019-03-31": "$4,521", "2018-12-31": "$4,187", "2018-09-30": "$3,999", "2018-06-30": "$3,907", "2018-03-31": "$3,701", "2017-12-31": "$3,286", "2017-09-30": "$2,985", "2017-06-30": "$2,785", "2017-03-31": "$2,637", "2016-12-31": "$2,478", "2016-09-30": "$2,290", "2016-06-30": "$2,105", "2016-03-31": "$1,958", "2015-12-31": "$1,823", "2015-09-30": "$1,738", "2015-06-30": "$1,645", "2015-03-31": "$1,573", "2014-12-31": "$1,485", "2014-09-30": "$1,409", "2014-06-30": "$1,340", "2014-03-31": "$1,270", "2013-12-31": "$1,175", "2013-09-30": "$1,106", "2013-06-30": "$1,069", "2013-03-31": "$1,024", "2012-12-31": "$945", "2012-09-30": "$905", "2012-06-30": "$889", "2012-03-31": "$870", "2011-12-31": "$876", "2011-09-30": "$822", "2011-06-30": "$789", "2011-03-31": "$719", "2010-12-31": "$596", "2010-09-30": "$553", "2010-06-30": "$520", "2010-03-31": "$494", "2009-12-31": "$445", "2009-09-30": "$423", "2009-06-30": "$409", "2009-03-31": "$394", "2008-12-31": "$360", "2008-09-30": "$341", "2008-06-30": "$338", "2008-03-31": "$326", "2007-12-31": "$302", "2007-09-30": "$294", "2007-06-30": "$304", "2007-03-31": "$305", "2006-12-31": "$277", "2006-09-30": "$256", "2006-06-30": "$239", "2006-03-31": "$224", "2005-12-31": "$193", "2005-09-30": "$173", "2005-06-30": "$164", "2005-03-31": "$152"}}, "gross-profit": {"Netflix Annual Gross Profit (Millions of US $)": {"2020": "$9,720", "2019": "$7,716", "2018": "$5,827", "2017": "$3,660", "2016": "$2,573", "2015": "$2,188", "2014": "$1,752", "2013": "$1,257", "2012": "$957", "2011": "$1,165", "2010": "$805", "2009": "$591", "2008": "$454", "2007": "$419", "2006": "$370", "2005": "$216"}, "Netflix Quarterly Gross Profit (Millions of US $)": {"2020-12-31": "$2,479", "2020-09-30": "$2,568", "2020-06-30": "$2,505", "2020-03-31": "$2,168", "2019-12-31": "$2,001", "2019-09-30": "$2,147", "2019-06-30": "$1,917", "2019-03-31": "$1,650", "2018-12-31": "$1,453", "2018-09-30": "$1,468", "2018-06-30": "$1,505", "2018-03-31": "$1,400", "2017-12-31": "$805", "2017-09-30": "$992", "2017-06-30": "$883", "2017-03-31": "$980", "2016-12-31": "$596", "2016-09-30": "$757", "2016-06-30": "$632", "2016-03-31": "$588", "2015-12-31": "$574", "2015-09-30": "$564", "2015-06-30": "$523", "2015-03-31": "$527", "2014-12-31": "$470", "2014-09-30": "$455", "2014-06-30": "$426", "2014-03-31": "$401", "2013-12-31": "$355", "2013-09-30": "$307", "2013-06-30": "$309", "2013-03-31": "$287", "2012-12-31": "$223", "2012-09-30": "$242", "2012-06-30": "$246", "2012-03-31": "$246", "2011-12-31": "$300", "2011-09-30": "$285", "2011-06-30": "$299", "2011-03-31": "$280", "2010-12-31": "$205", "2010-09-30": "$209", "2010-06-30": "$205", "2010-03-31": "$187", "2009-12-31": "$169", "2009-09-30": "$148", "2009-06-30": "$139", "2009-03-31": "$135", "2008-12-31": "$127", "2008-09-30": "$117", "2008-06-30": "$108", "2008-03-31": "$103", "2007-12-31": "$102", "2007-09-30": "$100", "2007-06-30": "$107", "2007-03-31": "$110", "2006-12-31": "$108", "2006-09-30": "$97", "2006-06-30": "$89", "2006-03-31": "$76", "2005-12-31": "$72", "2005-09-30": "$57", "2005-06-30": "$46", "2005-03-31": "$41"}}, "operating-income": {"Netflix Annual Operating Income (Millions of US $)": {"2020": "$4,585", "2019": "$2,604", "2018": "$1,605", "2017": "$839", "2016": "$380", "2015": "$306", "2014": "$403", "2013": "$228", "2012": "$50", "2011": "$376", "2010": "$284", "2009": "$192", "2008": "$122", "2007": "$92", "2006": "$65", "2005": "$3"}, "Netflix Quarterly Operating Income (Millions of US $)": {"2020-12-31": "$954", "2020-09-30": "$1,315", "2020-06-30": "$1,358", "2020-03-31": "$958", "2019-12-31": "$459", "2019-09-30": "$980", "2019-06-30": "$706", "2019-03-31": "$459", "2018-12-31": "$216", "2018-09-30": "$481", "2018-06-30": "$462", "2018-03-31": "$447", "2017-12-31": "$245", "2017-09-30": "$209", "2017-06-30": "$128", "2017-03-31": "$257", "2016-12-31": "$154", "2016-09-30": "$106", "2016-06-30": "$70", "2016-03-31": "$49", "2015-12-31": "$60", "2015-09-30": "$74", "2015-06-30": "$75", "2015-03-31": "$97", "2014-12-31": "$65", "2014-09-30": "$110", "2014-06-30": "$130", "2014-03-31": "$98", "2013-12-31": "$82", "2013-09-30": "$57", "2013-06-30": "$57", "2013-03-31": "$32", "2012-12-31": "$20", "2012-09-30": "$16", "2012-06-30": "$16", "2012-03-31": "$-2", "2011-12-31": "$62", "2011-09-30": "$97", "2011-06-30": "$115", "2011-03-31": "$102", "2010-12-31": "$78", "2010-09-30": "$70", "2010-06-30": "$77", "2010-03-31": "$58", "2009-12-31": "$53", "2009-09-30": "$49", "2009-06-30": "$53", "2009-03-31": "$36", "2008-12-31": "$38", "2008-09-30": "$34", "2008-06-30": "$34", "2008-03-31": "$15", "2007-12-31": "$20", "2007-09-30": "$22", "2007-06-30": "$38", "2007-03-31": "$11", "2006-12-31": "$19", "2006-09-30": "$17", "2006-06-30": "$24", "2006-03-31": "$5", "2005-12-31": "$3", "2005-09-30": "$6", "2005-06-30": "$4", "2005-03-31": "$-10"}}, "ebitda": {"Netflix Annual EBITDA (Millions of US $)": {"2020": "$15,508", "2019": "$11,924", "2018": "$9,220", "2017": "$7,108", "2016": "$5,305", "2015": "$3,853", "2014": "$3,184", "2013": "$2,470", "2012": "$1,752", "2011": "$1,216", "2010": "$622", "2009": "$449", "2008": "$364", "2007": "$317", "2006": "$223", "2005": "$110"}, "Netflix Quarterly EBITDA (Millions of US $)": {"2020-12-31": "$3,969", "2020-09-30": "$4,077", "2020-06-30": "$3,992", "2020-03-31": "$3,470", "2019-12-31": "$3,066", "2019-09-30": "$3,287", "2019-06-30": "$2,964", "2019-03-31": "$2,607", "2018-12-31": "$2,260", "2018-09-30": "$2,424", "2018-06-30": "$2,311", "2018-03-31": "$2,226", "2017-12-31": "$1,930", "2017-09-30": "$1,869", "2017-06-30": "$1,714", "2017-03-31": "$1,596", "2016-12-31": "$1,518", "2016-09-30": "$1,364", "2016-06-30": "$1,280", "2016-03-31": "$1,143", "2015-12-31": "$1,056", "2015-09-30": "$980", "2015-06-30": "$934", "2015-03-31": "$883", "2014-12-31": "$830", "2014-09-30": "$829", "2014-06-30": "$799", "2014-03-31": "$727", "2013-12-31": "$686", "2013-09-30": "$640", "2013-06-30": "$597", "2013-03-31": "$548", "2012-12-31": "$512", "2012-09-30": "$451", "2012-06-30": "$420", "2012-03-31": "$369", "2011-12-31": "$378", "2011-09-30": "$319", "2011-06-30": "$294", "2011-03-31": "$225", "2010-12-31": "$184", "2010-09-30": "$155", "2010-06-30": "$152", "2010-03-31": "$131", "2009-12-31": "$123", "2009-09-30": "$116", "2009-06-30": "$115", "2009-03-31": "$95", "2008-12-31": "$95", "2008-09-30": "$90", "2008-06-30": "$100", "2008-03-31": "$80", "2007-12-31": "$81", "2007-09-30": "$76", "2007-06-30": "$95", "2007-03-31": "$65", "2006-12-31": "$70", "2006-09-30": "$57", "2006-06-30": "$60", "2006-03-31": "$36", "2005-12-31": "$30", "2005-09-30": "$33", "2005-06-30": "$33", "2005-03-31": "$15"}}, "net-income": {"Netflix Annual Net Income (Millions of US $)": {"2020": "$2,761", "2019": "$1,867", "2018": "$1,211", "2017": "$559", "2016": "$187", "2015": "$123", "2014": "$267", "2013": "$112", "2012": "$17", "2011": "$226", "2010": "$161", "2009": "$116", "2008": "$83", "2007": "$67", "2006": "$49", "2005": "$42"}, "Netflix Quarterly Net Income (Millions of US $)": {"2020-12-31": "$542", "2020-09-30": "$790", "2020-06-30": "$720", "2020-03-31": "$709", "2019-12-31": "$587", "2019-09-30": "$665", "2019-06-30": "$271", "2019-03-31": "$344", "2018-12-31": "$134", "2018-09-30": "$403", "2018-06-30": "$384", "2018-03-31": "$290", "2017-12-31": "$186", "2017-09-30": "$130", "2017-06-30": "$66", "2017-03-31": "$178", "2016-12-31": "$67", "2016-09-30": "$52", "2016-06-30": "$41", "2016-03-31": "$28", "2015-12-31": "$43", "2015-09-30": "$29", "2015-06-30": "$26", "2015-03-31": "$24", "2014-12-31": "$83", "2014-09-30": "$59", "2014-06-30": "$71", "2014-03-31": "$53", "2013-12-31": "$48", "2013-09-30": "$32", "2013-06-30": "$29", "2013-03-31": "$3", "2012-12-31": "$8", "2012-09-30": "$8", "2012-06-30": "$6", "2012-03-31": "$-5", "2011-12-31": "$35", "2011-09-30": "$62", "2011-06-30": "$68", "2011-03-31": "$60", "2010-12-31": "$47", "2010-09-30": "$38", "2010-06-30": "$44", "2010-03-31": "$32", "2009-12-31": "$31", "2009-09-30": "$30", "2009-06-30": "$32", "2009-03-31": "$22", "2008-12-31": "$23", "2008-09-30": "$20", "2008-06-30": "$27", "2008-03-31": "$13", "2007-12-31": "$16", "2007-09-30": "$16", "2007-06-30": "$25", "2007-03-31": "$10", "2006-12-31": "$15", "2006-09-30": "$13", "2006-06-30": "$17", "2006-03-31": "$4", "2005-12-31": "$38", "2005-09-30": "$7", "2005-06-30": "$6", "2005-03-31": "$-9"}}, "eps-earnings-per-share-diluted": {"Netflix Annual EPS": {"2020": "$6.08", "2019": "$4.13", "2018": "$2.68", "2017": "$1.25", "2016": "$0.43", "2015": "$0.28", "2014": "$0.62", "2013": "$0.26", "2012": "$0.04", "2011": "$0.59", "2010": "$0.42", "2009": "$0.28", "2008": "$0.19", "2007": "$0.14", "2006": "$0.10", "2005": "$0.09"}, "Netflix Quarterly EPS": {"2020-12-31": "$1.18", "2020-09-30": "$1.74", "2020-06-30": "$1.59", "2020-03-31": "$1.57", "2019-12-31": "$1.30", "2019-09-30": "$1.47", "2019-06-30": "$0.60", "2019-03-31": "$0.76", "2018-12-31": "$0.30", "2018-09-30": "$0.89", "2018-06-30": "$0.85", "2018-03-31": "$0.64", "2017-12-31": "$0.41", "2017-09-30": "$0.29", "2017-06-30": "$0.15", "2017-03-31": "$0.40", "2016-12-31": "$0.16", "2016-09-30": "$0.12", "2016-06-30": "$0.09", "2016-03-31": "$0.06", "2015-12-31": "$0.10", "2015-09-30": "$0.07", "2015-06-30": "$0.06", "2015-03-31": "$0.05", "2014-12-31": "$0.20", "2014-09-30": "$0.14", "2014-06-30": "$0.16", "2014-03-31": "$0.12", "2013-12-31": "$0.11", "2013-09-30": "$0.07", "2013-06-30": "$0.07", "2013-03-31": "$0.01", "2012-12-31": "$0.02", "2012-09-30": "$0.02", "2012-06-30": "$0.02", "2012-03-31": "$-0.01", "2011-12-31": "$0.09", "2011-09-30": "$0.17", "2011-06-30": "$0.18", "2011-03-31": "$0.16", "2010-12-31": "$0.12", "2010-09-30": "$0.10", "2010-06-30": "$0.11", "2010-03-31": "$0.08", "2009-12-31": "$0.08", "2009-09-30": "$0.07", "2009-06-30": "$0.08", "2009-03-31": "$0.05", "2008-12-31": "$0.05", "2008-09-30": "$0.05", "2008-06-30": "$0.06", "2008-03-31": "$0.03", "2007-12-31": "$0.03", "2007-09-30": "$0.03", "2007-06-30": "$0.05", "2007-03-31": "$0.02", "2006-12-31": "$0.03", "2006-09-30": "$0.03", "2006-06-30": "$0.04", "2006-03-31": "$0.01", "2005-12-31": "$0.09", "2005-09-30": "$0.02", "2005-06-30": "$0.01", "2005-03-31": "$-0.02"}}, "shares-outstanding": {"Netflix Annual Shares Outstanding (Millions of Shares)": {"2020": "454", "2019": "452", "2018": "451", "2017": "447", "2016": "439", "2015": "436", "2014": "432", "2013": "425", "2012": "412", "2011": "381", "2010": "380", "2009": "409", "2008": "440", "2007": "482", "2006": "484", "2005": "459"}, "Netflix Quarterly Shares Outstanding (Millions of Shares)": {"2020-12-31": "454", "2020-09-30": "455", "2020-06-30": "454", "2020-03-31": "452", "2019-12-31": "452", "2019-09-30": "452", "2019-06-30": "452", "2019-03-31": "452", "2018-12-31": "451", "2018-09-30": "452", "2018-06-30": "452", "2018-03-31": "450", "2017-12-31": "447", "2017-09-30": "447", "2017-06-30": "446", "2017-03-31": "445", "2016-12-31": "439", "2016-09-30": "438", "2016-06-30": "438", "2016-03-31": "438", "2015-12-31": "436", "2015-09-30": "438", "2015-06-30": "436", "2015-03-31": "434", "2014-12-31": "432", "2014-09-30": "433", "2014-06-30": "431", "2014-03-31": "431", "2013-12-31": "425", "2013-09-30": "427", "2013-06-30": "424", "2013-03-31": "421", "2012-12-31": "412", "2012-09-30": "411", "2012-06-30": "412", "2012-03-31": "388", "2011-12-31": "381", "2011-09-30": "377", "2011-06-30": "377", "2011-03-31": "380", "2010-12-31": "380", "2010-09-30": "378", "2010-06-30": "380", "2010-03-31": "383", "2009-12-31": "409", "2009-09-30": "406", "2009-06-30": "418", "2009-03-31": "425", "2008-12-31": "440", "2008-09-30": "436", "2008-06-30": "447", "2008-03-31": "454", "2007-12-31": "482", "2007-09-30": "477", "2007-06-30": "489", "2007-03-31": "495", "2006-12-31": "484", "2006-09-30": "492", "2006-06-30": "484", "2006-03-31": "465", "2005-12-31": "459", "2005-09-30": "462", "2005-06-30": "452", "2005-03-31": "370"}}, "total-assets": {"Netflix Annual Total Assets (Millions of US $)": {"2020": "$39,280", "2019": "$33,976", "2018": "$25,974", "2017": "$19,013", "2016": "$13,587", "2015": "$10,203", "2014": "$7,043", "2013": "$5,413", "2012": "$3,968", "2011": "$3,069", "2010": "$982", "2009": "$680", "2008": "$615", "2007": "$679", "2006": "$609", "2005": "$365"}, "Netflix Quarterly Total Assets (Millions of US $)": {"2020-12-31": "$39,280", "2020-09-30": "$38,623", "2020-06-30": "$37,175", "2020-03-31": "$35,060", "2019-12-31": "$33,976", "2019-09-30": "$30,942", "2019-06-30": "$30,171", "2019-03-31": "$27,219", "2018-12-31": "$25,974", "2018-09-30": "$23,366", "2018-06-30": "$22,664", "2018-03-31": "$20,153", "2017-12-31": "$19,013", "2017-09-30": "$16,952", "2017-06-30": "$16,517", "2017-03-31": "$14,359", "2016-12-31": "$13,587", "2016-09-30": "$12,347", "2016-06-30": "$11,594", "2016-03-31": "$11,262", "2015-12-31": "$10,203", "2015-09-30": "$9,916", "2015-06-30": "$9,655", "2015-03-31": "$9,241", "2014-12-31": "$7,043", "2014-09-30": "$6,778", "2014-06-30": "$6,326", "2014-03-31": "$6,048", "2013-12-31": "$5,413", "2013-09-30": "$4,901", "2013-06-30": "$4,481", "2013-03-31": "$4,363", "2012-12-31": "$3,968", "2012-09-30": "$3,809", "2012-06-30": "$3,478", "2012-03-31": "$3,480", "2011-12-31": "$3,069", "2011-09-30": "$1,962", "2011-06-30": "$1,571", "2011-03-31": "$1,090", "2010-12-31": "$982", "2010-09-30": "$770", "2010-06-30": "$694", "2010-03-31": "$648", "2009-12-31": "$680", "2009-09-30": "$492", "2009-06-30": "$592", "2009-03-31": "$629", "2008-12-31": "$615", "2008-09-30": "$583", "2008-06-30": "$646", "2008-03-31": "$586", "2007-12-31": "$679", "2007-09-30": "$624", "2007-06-30": "$612", "2007-03-31": "$625", "2006-12-31": "$609", "2006-09-30": "$551", "2006-06-30": "$513", "2006-03-31": "$393", "2005-12-31": "$365", "2005-09-30": "$278", "2005-06-30": "$269", "2005-03-31": "$254"}}, "cash-on-hand": {"Netflix Annual Cash on Hand (Millions of US $)": {"2020": "$8,206", "2019": "$5,018", "2018": "$3,794", "2017": "$2,823", "2016": "$1,734", "2015": "$2,311", "2014": "$1,608", "2013": "$1,200", "2012": "$748", "2011": "$798", "2010": "$350", "2009": "$320", "2008": "$297", "2007": "$385", "2006": "$400", "2005": "$212"}, "Netflix Quarterly Cash on Hand (Millions of US $)": {"2020-12-31": "$8,206", "2020-09-30": "$8,392", "2020-06-30": "$7,153", "2020-03-31": "$5,152", "2019-12-31": "$5,018", "2019-09-30": "$4,435", "2019-06-30": "$5,004", "2019-03-31": "$3,349", "2018-12-31": "$3,794", "2018-09-30": "$3,068", "2018-06-30": "$3,906", "2018-03-31": "$2,594", "2017-12-31": "$2,823", "2017-09-30": "$1,746", "2017-06-30": "$2,165", "2017-03-31": "$1,341", "2016-12-31": "$1,734", "2016-09-30": "$1,343", "2016-06-30": "$1,834", "2016-03-31": "$2,072", "2015-12-31": "$2,311", "2015-09-30": "$2,610", "2015-06-30": "$2,797", "2015-03-31": "$2,958", "2014-12-31": "$1,608", "2014-09-30": "$1,667", "2014-06-30": "$1,714", "2014-03-31": "$1,668", "2013-12-31": "$1,200", "2013-09-30": "$1,135", "2013-06-30": "$1,080", "2013-03-31": "$1,026", "2012-12-31": "$748", "2012-09-30": "$798", "2012-06-30": "$813", "2012-03-31": "$805", "2011-12-31": "$798", "2011-09-30": "$366", "2011-06-30": "$376", "2011-03-31": "$343", "2010-12-31": "$350", "2010-09-30": "$257", "2010-06-30": "$279", "2010-03-31": "$266", "2009-12-31": "$320", "2009-09-30": "$155", "2009-06-30": "$255", "2009-03-31": "$286", "2008-12-31": "$297", "2008-09-30": "$251", "2008-06-30": "$313", "2008-03-31": "$295", "2007-12-31": "$385", "2007-09-30": "$386", "2007-06-30": "$378", "2007-03-31": "$388", "2006-12-31": "$400", "2006-09-30": "$369", "2006-06-30": "$342", "2006-03-31": "$228", "2005-12-31": "$212", "2005-09-30": "$182", "2005-06-30": "$171", "2005-03-31": "$166"}}, "long-term-debt": {"Netflix Annual Long Term Debt (Millions of US $)": {"2020": "$15,809", "2019": "$14,759", "2018": "$10,360", "2017": "$6,499", "2016": "$3,364", "2015": "$2,371", "2014": "$886", "2013": "$500", "2012": "$400", "2011": "$400", "2010": "$200", "2009": "$237", "2008": "$38", "2007": "$36", "2006": "$", "2005": "$"}, "Netflix Quarterly Long Term Debt (Millions of US $)": {"2020-12-31": "$15,809", "2020-09-30": "$15,548", "2020-06-30": "$15,295", "2020-03-31": "$14,171", "2019-12-31": "$14,759", "2019-09-30": "$12,426", "2019-06-30": "$12,594", "2019-03-31": "$10,305", "2018-12-31": "$10,360", "2018-09-30": "$8,337", "2018-06-30": "$8,342", "2018-03-31": "$6,542", "2017-12-31": "$6,499", "2017-09-30": "$4,889", "2017-06-30": "$4,837", "2017-03-31": "$3,365", "2016-12-31": "$3,364", "2016-09-30": "$2,374", "2016-06-30": "$2,373", "2016-03-31": "$2,372", "2015-12-31": "$2,371", "2015-09-30": "$2,400", "2015-06-30": "$2,400", "2015-03-31": "$2,400", "2014-12-31": "$886", "2014-09-30": "$900", "2014-06-30": "$900", "2014-03-31": "$900", "2013-12-31": "$500", "2013-09-30": "$500", "2013-06-30": "$500", "2013-03-31": "$700", "2012-12-31": "$400", "2012-09-30": "$400", "2012-06-30": "$400", "2012-03-31": "$400", "2011-12-31": "$400", "2011-09-30": "$232", "2011-06-30": "$233", "2011-03-31": "$234", "2010-12-31": "$200", "2010-09-30": "$235", "2010-06-30": "$235", "2010-03-31": "$236", "2009-12-31": "$237", "2009-09-30": "$37", "2009-06-30": "$37", "2009-03-31": "$38", "2008-12-31": "$38", "2008-09-30": "$38", "2008-06-30": "$39", "2008-03-31": "", "2007-12-31": "$36", "2007-09-30": "", "2007-06-30": "", "2007-03-31": "", "2006-12-31": "", "2006-09-30": "", "2006-06-30": "", "2006-03-31": "", "2005-12-31": "", "2005-09-30": "", "2005-06-30": "", "2005-03-31": ""}}, "total-liabilities": {"Netflix Annual Total Liabilities (Millions of US $)": {"2020": "$28,215", "2019": "$26,394", "2018": "$20,736", "2017": "$15,431", "2016": "$10,907", "2015": "$7,979", "2014": "$5,185", "2013": "$4,079", "2012": "$3,223", "2011": "$2,426", "2010": "$692", "2009": "$481", "2008": "$268", "2007": "$249", "2006": "$195", "2005": "$138"}, "Netflix Quarterly Total Liabilities (Millions of US $)": {"2020-12-31": "$28,215", "2020-09-30": "$28,289", "2020-06-30": "$27,841", "2020-03-31": "$26,651", "2019-12-31": "$26,394", "2019-09-30": "$24,080", "2019-06-30": "$24,066", "2019-03-31": "$21,516", "2018-12-31": "$20,736", "2018-09-30": "$18,357", "2018-06-30": "$18,167", "2018-03-31": "$16,132", "2017-12-31": "$15,431", "2017-09-30": "$13,624", "2017-06-30": "$13,405", "2017-03-31": "$11,385", "2016-12-31": "$10,907", "2016-09-30": "$9,818", "2016-06-30": "$9,178", "2016-03-31": "$8,945", "2015-12-31": "$7,979", "2015-09-30": "$7,749", "2015-06-30": "$7,623", "2015-03-31": "$7,331", "2014-12-31": "$5,185", "2014-09-30": "$5,053", "2014-06-30": "$4,716", "2014-03-31": "$4,570", "2013-12-31": "$4,079", "2013-09-30": "$3,697", "2013-06-30": "$3,375", "2013-03-31": "$3,550", "2012-12-31": "$3,223", "2012-09-30": "$3,092", "2012-06-30": "$2,790", "2012-03-31": "$2,817", "2011-12-31": "$2,426", "2011-09-30": "$1,573", "2011-06-30": "$1,237", "2011-03-31": "$814", "2010-12-31": "$692", "2010-09-30": "$578", "2010-06-30": "$517", "2010-03-31": "$502", "2009-12-31": "$481", "2009-09-30": "$260", "2009-06-30": "$268", "2009-03-31": "$282", "2008-12-31": "$268", "2008-09-30": "$258", "2008-06-30": "$257", "2008-03-31": "$230", "2007-12-31": "$249", "2007-09-30": "$190", "2007-06-30": "$168", "2007-03-31": "$193", "2006-12-31": "$195", "2006-09-30": "$164", "2006-06-30": "$146", "2006-03-31": "$155", "2005-12-31": "$138", "2005-09-30": "$100", "2005-06-30": "$104", "2005-03-31": "$101"}}, "total-share-holder-equity": {"Netflix Annual Share Holder Equity (Millions of US $)": {"2020": "$11,065", "2019": "$7,582", "2018": "$5,239", "2017": "$3,582", "2016": "$2,680", "2015": "$2,223", "2014": "$1,858", "2013": "$1,334", "2012": "$745", "2011": "$643", "2010": "$290", "2009": "$199", "2008": "$347", "2007": "$430", "2006": "$414", "2005": "$226"}, "Netflix Quarterly Share Holder Equity (Millions of US $)": {"2020-12-31": "$11,065", "2020-09-30": "$10,333", "2020-06-30": "$9,335", "2020-03-31": "$8,409", "2019-12-31": "$7,582", "2019-09-30": "$6,862", "2019-06-30": "$6,106", "2019-03-31": "$5,703", "2018-12-31": "$5,239", "2018-09-30": "$5,010", "2018-06-30": "$4,497", "2018-03-31": "$4,021", "2017-12-31": "$3,582", "2017-09-30": "$3,327", "2017-06-30": "$3,113", "2017-03-31": "$2,974", "2016-12-31": "$2,680", "2016-09-30": "$2,529", "2016-06-30": "$2,416", "2016-03-31": "$2,317", "2015-12-31": "$2,223", "2015-09-30": "$2,167", "2015-06-30": "$2,032", "2015-03-31": "$1,909", "2014-12-31": "$1,858", "2014-09-30": "$1,725", "2014-06-30": "$1,610", "2014-03-31": "$1,478", "2013-12-31": "$1,334", "2013-09-30": "$1,204", "2013-06-30": "$1,106", "2013-03-31": "$813", "2012-12-31": "$745", "2012-09-30": "$717", "2012-06-30": "$688", "2012-03-31": "$663", "2011-12-31": "$643", "2011-09-30": "$388", "2011-06-30": "$334", "2011-03-31": "$276", "2010-12-31": "$290", "2010-09-30": "$192", "2010-06-30": "$177", "2010-03-31": "$147", "2009-12-31": "$199", "2009-09-30": "$232", "2009-06-30": "$324", "2009-03-31": "$346", "2008-12-31": "$347", "2008-09-30": "$325", "2008-06-30": "$389", "2008-03-31": "$355", "2007-12-31": "$430", "2007-09-30": "$434", "2007-06-30": "$444", "2007-03-31": "$432", "2006-12-31": "$414", "2006-09-30": "$387", "2006-06-30": "$366", "2006-03-31": "$238", "2005-12-31": "$226", "2005-09-30": "$179", "2005-06-30": "$165", "2005-03-31": "$152"}}, "profit-margins": {"current": "11.05%"}, "gross margin": {"2020-12-31": "38.89%", "2020-09-30": "38.80%", "2020-06-30": "38.98%", "2020-03-31": "38.47%", "2019-12-31": "38.28%", "2019-09-30": "37.97%", "2019-06-30": "36.80%", "2019-03-31": "36.57%", "2018-12-31": "36.89%", "2018-09-30": "34.77%", "2018-06-30": "33.88%", "2018-03-31": "31.98%", "2017-12-31": "31.30%", "2017-09-30": "31.70%", "2017-06-30": "31.56%", "2017-03-31": "31.18%", "2016-12-31": "29.14%", "2016-09-30": "31.20%", "2016-06-30": "30.93%", "2016-03-31": "31.39%", "2015-12-31": "32.28%", "2015-09-30": "32.36%", "2015-06-30": "32.31%", "2015-03-31": "32.34%", "2014-12-31": "31.83%", "2014-09-30": "31.52%", "2014-06-30": "30.44%", "2014-03-31": "29.70%", "2013-12-31": "28.76%", "2013-09-30": "27.17%", "2013-06-30": "26.91%", "2013-03-31": "26.52%", "2012-12-31": "26.52%", "2012-09-30": "29.21%", "2012-06-30": "31.15%", "2012-03-31": "33.66%", "2011-12-31": "36.31%", "2011-09-30": "36.53%", "2011-06-30": "37.37%", "2011-03-31": "37.65%", "2010-12-31": "37.26%", "2010-09-30": "38.27%", "2010-06-30": "37.67%", "2010-03-31": "36.31%", "2009-12-31": "35.37%", "2009-09-30": "34.62%", "2009-06-30": "34.44%", "2009-03-31": "33.98%", "2008-12-31": "33.33%", "2008-09-30": "32.90%", "2008-06-30": "32.78%", "2008-03-31": "33.61%", "2007-12-31": "34.77%", "2007-09-30": "36.02%", "2007-06-30": "36.95%", "2007-03-31": "37.51%", "2006-12-31": "37.15%", "2006-09-30": "36.62%", "2006-06-30": "35.46%", "2006-03-31": "33.29%", "2005-12-31": "31.67%"}, "operating margin": {"2020-12-31": "18.34%", "2020-09-30": "17.17%", "2020-06-30": "16.59%", "2020-03-31": "14.50%", "2019-12-31": "12.92%", "2019-09-30": "12.51%", "2019-06-30": "10.56%", "2019-03-31": "9.74%", "2018-12-31": "10.17%", "2018-09-30": "10.98%", "2018-06-30": "9.82%", "2018-03-31": "8.07%", "2017-12-31": "7.18%", "2017-09-30": "6.87%", "2017-06-30": "6.33%", "2017-03-31": "6.17%", "2016-12-31": "4.29%", "2016-09-30": "3.49%", "2016-06-30": "3.32%", "2016-03-31": "3.60%", "2015-12-31": "4.51%", "2015-09-30": "4.83%", "2015-06-30": "5.68%", "2015-03-31": "6.92%", "2014-12-31": "7.32%", "2014-09-30": "8.09%", "2014-06-30": "7.50%", "2014-03-31": "6.36%", "2013-12-31": "5.21%", "2013-09-30": "4.01%", "2013-06-30": "3.17%", "2013-03-31": "2.23%", "2012-12-31": "1.39%", "2012-09-30": "2.60%", "2012-06-30": "5.00%", "2012-03-31": "8.10%", "2011-12-31": "11.73%", "2011-09-30": "13.40%", "2011-06-30": "13.74%", "2011-03-31": "13.69%", "2010-12-31": "13.08%", "2010-09-30": "12.82%", "2010-06-30": "12.59%", "2010-03-31": "12.03%", "2009-12-31": "11.43%", "2009-09-30": "11.10%", "2009-06-30": "10.70%", "2009-03-31": "9.91%", "2008-12-31": "8.86%", "2008-09-30": "7.88%", "2008-06-30": "7.22%", "2008-03-31": "7.75%", "2007-12-31": "7.55%", "2007-09-30": "7.63%", "2007-06-30": "7.44%", "2007-03-31": "6.59%", "2006-12-31": "6.53%", "2006-09-30": "5.37%", "2006-06-30": "4.58%", "2006-03-31": "2.39%", "2005-12-31": "0.44%"}, "ebitda margin": {"2020-12-31": "62.04%", "2020-09-30": "61.32%", "2020-06-30": "61.05%", "2020-03-31": "59.74%", "2019-12-31": "59.16%", "2019-09-30": "58.90%", "2019-06-30": "58.17%", "2019-03-31": "57.79%", "2018-12-31": "58.38%", "2018-09-30": "59.70%", "2018-06-30": "60.06%", "2018-03-31": "60.66%", "2017-12-31": "60.80%", "2017-09-30": "61.53%", "2017-06-30": "60.77%", "2017-03-31": "60.55%", "2016-12-31": "60.07%", "2016-09-30": "59.23%", "2016-06-30": "58.49%", "2016-03-31": "57.41%", "2015-12-31": "56.84%", "2015-09-30": "56.31%", "2015-06-30": "56.87%", "2015-03-31": "57.53%", "2014-12-31": "57.87%", "2014-09-30": "58.55%", "2014-06-30": "58.31%", "2014-03-31": "57.36%", "2013-12-31": "56.49%", "2013-09-30": "55.43%", "2013-06-30": "53.46%", "2013-03-31": "51.32%", "2012-12-31": "48.55%", "2012-09-30": "45.71%", "2012-06-30": "42.99%", "2012-03-31": "40.51%", "2011-12-31": "37.93%", "2011-09-30": "34.93%", "2011-06-30": "32.29%", "2011-03-31": "29.98%", "2010-12-31": "28.76%", "2010-09-30": "27.88%", "2010-06-30": "27.74%", "2010-03-31": "27.39%", "2009-12-31": "26.87%", "2009-09-30": "26.54%", "2009-06-30": "26.26%", "2009-03-31": "26.52%", "2008-12-31": "26.74%", "2008-09-30": "26.86%", "2008-06-30": "26.75%", "2008-03-31": "27.08%", "2007-12-31": "26.31%", "2007-09-30": "25.93%", "2007-06-30": "25.13%", "2007-03-31": "23.40%", "2006-12-31": "22.39%", "2006-09-30": "20.07%", "2006-06-30": "19.18%", "2006-03-31": "17.51%", "2005-12-31": "16.28%"}, "pre tax profit margin": {"2020-12-31": "12.80%", "2020-09-30": "11.93%", "2020-06-30": "13.23%", "2020-03-31": "11.48%", "2019-12-31": "10.23%", "2019-09-30": "10.76%", "2019-06-30": "7.94%", "2019-03-31": "7.99%", "2018-12-31": "7.77%", "2018-09-30": "8.32%", "2018-06-30": "7.03%", "2018-03-31": "4.40%", "2017-12-31": "4.15%", "2017-09-30": "4.08%", "2017-06-30": "3.99%", "2017-03-31": "4.67%", "2016-12-31": "2.94%", "2016-09-30": "2.34%", "2016-06-30": "2.02%", "2016-03-31": "2.00%", "2015-12-31": "2.08%", "2015-09-30": "2.58%", "2015-06-30": "3.63%", "2015-03-31": "5.15%", "2014-12-31": "6.36%", "2014-09-30": "7.28%", "2014-06-30": "6.73%", "2014-03-31": "5.61%", "2013-12-31": "3.91%", "2013-09-30": "2.70%", "2013-06-30": "1.90%", "2013-03-31": "1.04%", "2012-12-31": "0.86%", "2012-09-30": "2.06%", "2012-06-30": "4.48%", "2012-03-31": "7.60%", "2011-12-31": "11.23%", "2011-09-30": "12.92%", "2011-06-30": "13.14%", "2011-03-31": "13.02%", "2010-12-31": "12.34%", "2010-09-30": "12.08%", "2010-06-30": "12.11%", "2010-03-31": "11.74%", "2009-12-31": "11.43%", "2009-09-30": "11.22%", "2009-06-30": "10.84%", "2009-03-31": "10.19%", "2008-12-31": "9.67%", "2008-09-30": "9.10%", "2008-06-30": "8.73%", "2008-03-31": "9.54%", "2007-12-31": "9.21%", "2007-09-30": "9.24%", "2007-06-30": "9.19%", "2007-03-31": "8.36%", "2006-12-31": "8.03%", "2006-09-30": "6.69%", "2006-06-30": "5.55%", "2006-03-31": "3.18%", "2005-12-31": "1.17%"}, "net profit margin": {"2020-12-31": "11.05%", "2020-09-30": "11.78%", "2020-06-30": "11.85%", "2020-03-31": "10.43%", "2019-12-31": "9.26%", "2019-09-30": "7.49%", "2019-06-30": "6.53%", "2019-03-31": "7.61%", "2018-12-31": "7.67%", "2018-09-30": "8.48%", "2018-06-30": "7.13%", "2018-03-31": "5.27%", "2017-12-31": "4.79%", "2017-09-30": "4.05%", "2017-06-30": "3.56%", "2017-03-31": "3.55%", "2016-12-31": "2.13%", "2016-09-30": "2.01%", "2016-06-30": "1.85%", "2016-03-31": "1.76%", "2015-12-31": "1.80%", "2015-09-30": "2.52%", "2015-06-30": "3.14%", "2015-03-31": "4.08%", "2014-12-31": "4.83%", "2014-09-30": "4.45%", "2014-06-30": "4.17%", "2014-03-31": "3.51%", "2013-12-31": "2.56%", "2013-09-30": "1.74%", "2013-06-30": "1.22%", "2013-03-31": "0.66%", "2012-12-31": "0.47%", "2012-09-30": "1.24%", "2012-06-30": "2.83%", "2012-03-31": "4.77%", "2011-12-31": "7.02%", "2011-09-30": "8.10%", "2011-06-30": "8.02%", "2011-03-31": "7.91%", "2010-12-31": "7.44%", "2010-09-30": "7.21%", "2010-06-30": "7.28%", "2010-03-31": "7.06%", "2009-12-31": "6.88%", "2009-09-30": "6.75%", "2009-06-30": "6.45%", "2009-03-31": "6.42%", "2008-12-31": "6.08%", "2008-09-30": "5.81%", "2008-06-30": "5.71%", "2008-03-31": "5.71%", "2007-12-31": "5.56%", "2007-09-30": "5.59%", "2007-06-30": "5.52%", "2007-03-31": "5.11%", "2006-12-31": "4.92%", "2006-09-30": "7.89%", "2006-06-30": "7.96%", "2006-03-31": "7.29%", "2005-12-31": "6.16%"}, "pe ratio": {"current": "90.44", "2021-02-05": "90.44", "2020-12-31": "88.79", "2020-09-30": "80.65", "2020-06-30": "76.74", "2020-03-31": "76.01", "2019-12-31": "78.35", "2019-09-30": "85.50", "2019-06-30": "144.05", "2019-03-31": "127.34", "2018-12-31": "99.87", "2018-09-30": "134.10", "2018-06-30": "178.74", "2018-03-31": "198.22", "2017-12-31": "153.57", "2017-09-30": "183.18", "2017-06-30": "182.21", "2017-03-31": "194.49", "2016-12-31": "294.76", "2016-09-30": "266.35", "2016-06-30": "285.88", "2016-03-31": "352.52", "2015-12-31": "402.32", "2015-09-30": "273.70", "2015-06-30": "211.23", "2015-03-31": "108.51", "2014-12-31": "79.07", "2014-09-30": "120.63", "2014-06-30": "133.50", "2014-03-31": "133.32", "2013-12-31": "201.21", "2013-09-30": "259.84", "2013-06-30": "263.83", "2013-03-31": "450.67", "2012-12-31": "318.73", "2012-09-30": "61.14", "2012-06-30": "35.67", "2012-03-31": "37.47", "2011-12-31": "16.26", "2011-09-30": "25.74", "2011-06-30": "66.67", "2011-03-31": "68.32", "2010-12-31": "59.35", "2010-09-30": "61.19", "2010-06-30": "43.98", "2010-03-31": "33.37", "2009-12-31": "27.68", "2009-09-30": "25.51", "2009-06-30": "25.52", "2009-03-31": "28.61", "2008-12-31": "22.31", "2008-09-30": "25.74", "2008-06-30": "23.69", "2008-03-31": "37.25", "2007-12-31": "30.94", "2007-09-30": "24.99", "2007-06-30": "24.87", "2007-03-31": "30.12", "2006-12-31": "36.94"}, "price sales": {"2021-02-05": "10.00", "2020-12-31": "9.82", "2020-09-30": "9.52", "2020-06-30": "9.10", "2020-03-31": "7.93", "2019-12-31": "7.25", "2019-09-30": "6.40", "2019-06-30": "9.41", "2019-03-31": "9.69", "2018-12-31": "7.65", "2018-09-30": "11.31", "2018-06-30": "12.67", "2018-03-31": "10.37", "2017-12-31": "7.33", "2017-09-30": "7.41", "2017-06-30": "6.49", "2017-03-31": "6.84", "2016-12-31": "6.14", "2016-09-30": "5.28", "2016-06-30": "5.25", "2016-03-31": "6.24", "2015-12-31": "7.36", "2015-09-30": "6.97", "2015-06-30": "6.66", "2015-03-31": "4.43", "2014-12-31": "3.83", "2014-09-30": "5.34", "2014-06-30": "5.52", "2014-03-31": "4.65", "2013-12-31": "5.10", "2013-09-30": "4.49", "2013-06-30": "3.19", "2013-03-31": "2.98", "2012-12-31": "1.49", "2012-09-30": "0.87", "2012-06-30": "1.10", "2012-03-31": "1.87", "2011-12-31": "1.17", "2011-09-30": "2.09", "2011-06-30": "5.35", "2011-03-31": "5.40", "2010-12-31": "4.41", "2010-09-30": "4.45", "2010-06-30": "3.24", "2010-03-31": "2.40", "2009-12-31": "1.95", "2009-09-30": "1.75", "2009-06-30": "1.68", "2009-03-31": "1.87", "2008-12-31": "1.39", "2008-09-30": "1.53", "2008-06-30": "1.37", "2008-03-31": "1.92", "2007-12-31": "1.53", "2007-09-30": "1.22", "2007-06-30": "1.19", "2007-03-31": "1.50", "2006-12-31": "1.79"}, "price book": {"current": "22.05", "2021-02-05": "22.05", "2020-12-31": "21.64", "2020-09-30": "21.38", "2020-06-30": "21.50", "2020-03-31": "19.64", "2019-12-31": "18.73", "2019-09-30": "17.09", "2019-06-30": "26.34", "2019-03-31": "27.33", "2018-12-31": "22.31", "2018-09-30": "32.57", "2018-06-30": "37.91", "2018-03-31": "31.93", "2017-12-31": "23.23", "2017-09-30": "23.59", "2017-06-30": "20.73", "2017-03-31": "21.42", "2016-12-31": "19.87", "2016-09-30": "16.72", "2016-06-30": "16.23", "2016-03-31": "18.90", "2015-12-31": "22.01", "2015-09-30": "20.36", "2015-06-30": "19.67", "2015-03-31": "13.23", "2014-12-31": "11.11", "2014-09-30": "15.76", "2014-06-30": "16.45", "2014-03-31": "14.27", "2013-12-31": "16.46", "2013-09-30": "15.21", "2013-06-30": "11.25", "2013-03-31": "13.07", "2012-12-31": "6.91", "2012-09-30": "4.22", "2012-06-30": "5.53", "2012-03-31": "9.63", "2011-12-31": "5.97", "2011-09-30": "15.31", "2011-06-30": "41.32", "2011-03-31": "45.29", "2010-12-31": "31.96", "2010-09-30": "44.14", "2010-06-30": "32.20", "2010-03-31": "26.26", "2009-12-31": "14.78", "2009-09-30": "10.86", "2009-06-30": "7.32", "2009-03-31": "7.25", "2008-12-31": "5.07", "2008-09-30": "5.62", "2008-06-30": "4.14", "2008-03-31": "6.00", "2007-12-31": "4.02", "2007-09-30": "3.14", "2007-06-30": "2.95", "2007-03-31": "3.69", "2006-12-31": "4.28", "2006-09-30": "4.01", "2006-06-30": "5.05", "2006-03-31": "6.77"}, "price fcf": {"2021-02-05": "", "2020-12-31": "$4.25", "2020-09-30": "$1.39", "2020-06-30": "$-2.35", "2020-03-31": "$-5.62", "2019-12-31": "$-6.95", "2019-09-30": "$-6.38", "2019-06-30": "$-6.77", "2019-03-31": "$-6.69", "2018-12-31": "$-6.33", "2018-09-30": "$-4.57", "2018-06-30": "$-3.97", "2018-03-31": "$-4.10", "2017-12-31": "$-4.38", "2017-09-30": "$-4.65", "2017-06-30": "$-4.76", "2017-03-31": "$-3.95", "2016-12-31": "$-3.61", "2016-09-30": "$-2.79", "2016-06-30": "$-2.21", "2016-03-31": "$-2.14", "2015-12-31": "$-1.93", "2015-09-30": "$-1.46", "2015-06-30": "$-1.06", "2015-03-31": "$-0.50", "2014-12-31": "$-0.12", "2014-09-30": "$0.04", "2014-06-30": "$0.24", "2014-03-31": "$0.21", "2013-12-31": "$0.10", "2013-09-30": "$-0.03", "2013-06-30": "$-0.12", "2013-03-31": "$-0.14", "2012-12-31": "$-0.05", "2012-09-30": "$0.18", "2012-06-30": "$0.31", "2012-03-31": "$0.48", "2011-12-31": "$0.70", "2011-09-30": "$0.78", "2011-06-30": "$0.78", "2011-03-31": "$0.72", "2010-12-31": "$0.64", "2010-09-30": "$0.62", "2010-06-30": "$0.71", "2010-03-31": "$0.73", "2009-12-31": "$0.68", "2009-09-30": "$0.67", "2009-06-30": "$0.62", "2009-03-31": "$0.57", "2008-12-31": "$0.55", "2008-09-30": "$0.48", "2008-06-30": "$0.51", "2008-03-31": "$0.51", "2007-12-31": "$0.48", "2007-09-30": "$0.52", "2007-06-30": "$0.48", "2007-03-31": "$0.46", "2006-12-31": "$0.46"}, "net worth": {"value": "$243.94B"}, "current ratio": {"current": "1.25", "2020-12-31": "1.25", "2020-09-30": "1.24", "2020-06-30": "1.12", "2020-03-31": "0.82", "2019-12-31": "0.90", "2019-09-30": "0.73", "2019-06-30": "0.85", "2019-03-31": "0.61", "2018-12-31": "1.49", "2018-09-30": "1.39", "2018-06-30": "1.54", "2018-03-31": "1.30", "2017-12-31": "1.40", "2017-09-30": "1.20", "2017-06-30": "1.31", "2017-03-31": "1.15", "2016-12-31": "1.25", "2016-09-30": "1.18", "2016-06-30": "1.33", "2016-03-31": "1.41", "2015-12-31": "1.54", "2015-09-30": "1.67", "2015-06-30": "1.74", "2015-03-31": "1.84", "2014-12-31": "1.48", "2014-09-30": "1.50", "2014-06-30": "1.57", "2014-03-31": "1.59", "2013-12-31": "1.42", "2013-09-30": "1.47", "2013-06-30": "1.54", "2013-03-31": "1.51", "2012-12-31": "1.34", "2012-09-30": "1.39", "2012-06-30": "1.43", "2012-03-31": "1.42", "2011-12-31": "1.50", "2011-09-30": "1.23", "2011-06-30": "1.33", "2011-03-31": "1.47", "2010-12-31": "1.64", "2010-09-30": "1.58", "2010-06-30": "1.71", "2010-03-31": "1.56", "2009-12-31": "1.81", "2009-09-30": "1.15", "2009-06-30": "1.62", "2009-03-31": "1.61", "2008-12-31": "1.66", "2008-09-30": "1.45", "2008-06-30": "1.75", "2008-03-31": "1.44", "2007-12-31": "2.07", "2007-09-30": "2.23", "2007-06-30": "2.46", "2007-03-31": "2.22", "2006-12-31": "2.22", "2006-09-30": "2.43", "2006-06-30": "2.55", "2006-03-31": "1.66", "2005-12-31": "1.77", "2005-09-30": "1.94", "2005-06-30": "1.76", "2005-03-31": "1.73"}, "quick ratio": {"2020-12-31": "0.00", "2020-09-30": "0.00", "2020-06-30": "0.00", "2020-03-31": "0.00", "2019-12-31": "0.00", "2019-09-30": "0.00", "2019-06-30": "0.00", "2019-03-31": "0.00", "2018-12-31": "0.00", "2018-09-30": "0.00", "2018-06-30": "0.00", "2018-03-31": "0.00", "2017-12-31": "0.00", "2017-09-30": "0.00", "2017-06-30": "0.00", "2017-03-31": "0.00", "2016-12-31": "0.00", "2016-09-30": "0.00", "2016-06-30": "0.00", "2016-03-31": "0.00", "2015-12-31": "0.00", "2015-09-30": "0.00", "2015-06-30": "0.00", "2015-03-31": "0.00", "2014-12-31": "0.00", "2014-09-30": "0.00", "2014-06-30": "0.00", "2014-03-31": "0.00", "2013-12-31": "0.00", "2013-09-30": "0.00", "2013-06-30": "0.00", "2013-03-31": "0.00", "2012-12-31": "0.00", "2012-09-30": "0.00", "2012-06-30": "0.00", "2012-03-31": "0.00", "2011-12-31": "0.00", "2011-09-30": "0.00", "2011-06-30": "0.00", "2011-03-31": "0.00", "2010-12-31": "0.00", "2010-09-30": "0.00", "2010-06-30": "0.00", "2010-03-31": "0.00", "2009-12-31": "0.00", "2009-09-30": "0.00", "2009-06-30": "0.00", "2009-03-31": "0.00", "2008-12-31": "0.00", "2008-09-30": "0.00", "2008-06-30": "0.00", "2008-03-31": "0.00", "2007-12-31": "0.00", "2007-09-30": "0.00", "2007-06-30": "0.00", "2007-03-31": "0.00", "2006-12-31": "0.00", "2006-09-30": "0.00", "2006-06-30": "0.00", "2006-03-31": "0.00", "2005-12-31": "0.00", "2005-09-30": "0.00", "2005-06-30": "0.00", "2005-03-31": "0.00"}, "debt equity ratio": {"current": "1.43", "2020-12-31": "2.55", "2020-09-30": "2.74", "2020-06-30": "2.98", "2020-03-31": "3.17", "2019-12-31": "3.48", "2019-09-30": "3.51", "2019-06-30": "3.94", "2019-03-31": "3.77", "2018-12-31": "3.96", "2018-09-30": "3.66", "2018-06-30": "4.04", "2018-03-31": "4.01", "2017-12-31": "4.31", "2017-09-30": "4.10", "2017-06-30": "4.31", "2017-03-31": "3.83", "2016-12-31": "4.07", "2016-09-30": "3.88", "2016-06-30": "3.80", "2016-03-31": "3.86", "2015-12-31": "3.59", "2015-09-30": "3.58", "2015-06-30": "3.75", "2015-03-31": "3.84", "2014-12-31": "2.79", "2014-09-30": "2.93", "2014-06-30": "2.93", "2014-03-31": "3.09", "2013-12-31": "3.06", "2013-09-30": "3.07", "2013-06-30": "3.05", "2013-03-31": "4.37", "2012-12-31": "4.33", "2012-09-30": "4.31", "2012-06-30": "4.05", "2012-03-31": "4.25", "2011-12-31": "3.78", "2011-09-30": "4.05", "2011-06-30": "3.70", "2011-03-31": "2.95", "2010-12-31": "2.39", "2010-09-30": "3.01", "2010-06-30": "2.93", "2010-03-31": "3.42", "2009-12-31": "2.41", "2009-09-30": "1.12", "2009-06-30": "0.83", "2009-03-31": "0.82", "2008-12-31": "0.77", "2008-09-30": "0.80", "2008-06-30": "0.66", "2008-03-31": "0.65", "2007-12-31": "0.58", "2007-09-30": "0.44", "2007-06-30": "0.38", "2007-03-31": "0.45", "2006-12-31": "0.47", "2006-09-30": "0.42", "2006-06-30": "0.40", "2006-03-31": "0.65", "2005-12-31": "0.61", "2005-09-30": "0.56", "2005-06-30": "0.63", "2005-03-31": "0.67"}, "return on equity": {"2020-12-31": "28.22%", "2020-09-30": "31.48%", "2020-06-30": "33.32%", "2020-03-31": "30.83%", "2019-12-31": "28.45%", "2019-09-30": "23.66%", "2019-06-30": "20.89%", "2019-03-31": "24.74%", "2018-12-31": "25.81%", "2018-09-30": "29.53%", "2018-06-30": "25.67%", "2018-03-31": "19.14%", "2017-12-31": "17.24%", "2017-09-30": "14.59%", "2017-06-30": "12.85%", "2017-03-31": "12.76%", "2016-12-31": "7.56%", "2016-09-30": "6.92%", "2016-06-30": "6.18%", "2016-03-31": "5.77%", "2015-12-31": "5.86%", "2015-09-30": "8.13%", "2015-06-30": "10.21%", "2015-03-31": "13.35%", "2014-12-31": "15.95%", "2014-09-30": "15.03%", "2014-06-30": "14.50%", "2014-03-31": "12.65%", "2013-12-31": "10.05%", "2013-09-30": "7.45%", "2013-06-30": "5.68%", "2013-03-31": "3.37%", "2012-12-31": "2.42%", "2012-09-30": "6.49%", "2012-06-30": "16.46%", "2012-03-31": "31.56%", "2011-12-31": "54.84%", "2011-09-30": "73.60%", "2011-06-30": "78.02%", "2011-03-31": "80.86%", "2010-12-31": "79.90%", "2010-09-30": "81.12%", "2010-06-30": "72.58%", "2010-03-31": "55.43%", "2009-12-31": "41.78%", "2009-09-30": "34.27%", "2009-06-30": "28.91%", "2009-03-31": "26.15%", "2008-12-31": "23.45%", "2008-09-30": "20.28%", "2008-06-30": "17.91%", "2008-03-31": "16.84%", "2007-12-31": "15.40%", "2007-09-30": "15.31%", "2007-06-30": "15.03%", "2007-03-31": "13.76%", "2006-12-31": "13.95%", "2006-09-30": "23.66%", "2006-06-30": "26.16%", "2006-03-31": "27.23%", "2005-12-31": "23.27%"}, "return on assets": {"2020-12-31": "7.36%", "2020-09-30": "7.75%", "2020-06-30": "7.82%", "2020-03-31": "6.86%", "2019-12-31": "6.11%", "2019-09-30": "4.95%", "2019-06-30": "4.32%", "2019-03-31": "5.10%", "2018-12-31": "5.26%", "2018-09-30": "5.93%", "2018-06-30": "5.03%", "2018-03-31": "3.70%", "2017-12-31": "3.35%", "2017-09-30": "2.87%", "2017-06-30": "2.56%", "2017-03-31": "2.61%", "2016-12-31": "1.54%", "2016-09-30": "1.44%", "2016-06-30": "1.31%", "2016-03-31": "1.23%", "2015-12-31": "1.25%", "2015-09-30": "1.81%", "2015-06-30": "2.35%", "2015-03-31": "3.23%", "2014-12-31": "4.06%", "2014-09-30": "3.76%", "2014-06-30": "3.60%", "2014-03-31": "3.11%", "2013-12-31": "2.34%", "2013-09-30": "1.63%", "2013-06-30": "1.16%", "2013-03-31": "0.64%", "2012-12-31": "0.46%", "2012-09-30": "1.27%", "2012-06-30": "3.27%", "2012-03-31": "6.35%", "2011-12-31": "11.70%", "2011-09-30": "16.91%", "2011-06-30": "19.31%", "2011-03-31": "21.38%", "2010-12-31": "20.81%", "2010-09-30": "20.77%", "2010-06-30": "21.80%", "2010-03-31": "20.73%", "2009-12-31": "19.22%", "2009-09-30": "18.38%", "2009-06-30": "16.04%", "2009-03-31": "14.88%", "2008-12-31": "13.66%", "2008-09-30": "12.19%", "2008-06-30": "11.36%", "2008-03-31": "11.20%", "2007-12-31": "10.55%", "2007-09-30": "10.69%", "2007-06-30": "10.51%", "2007-03-31": "9.57%", "2006-12-31": "9.49%", "2006-09-30": "15.81%", "2006-06-30": "17.04%", "2006-03-31": "16.86%", "2005-12-31": "14.41%"}, "return on investments": {"2020-12-31": "18.35%", "2020-09-30": "17.14%", "2020-06-30": "16.91%", "2020-03-31": "14.97%", "2019-12-31": "13.64%", "2019-09-30": "13.57%", "2019-06-30": "11.70%", "2019-03-31": "11.20%", "2018-12-31": "12.27%", "2018-09-30": "13.97%", "2018-06-30": "13.07%", "2018-03-31": "11.18%", "2017-12-31": "10.30%", "2017-09-30": "10.48%", "2017-06-30": "10.22%", "2017-03-31": "10.64%", "2016-12-31": "7.42%", "2016-09-30": "6.01%", "2016-06-30": "5.43%", "2016-03-31": "5.64%", "2015-12-31": "6.84%", "2015-09-30": "7.75%", "2015-06-30": "9.84%", "2015-03-31": "13.19%", "2014-12-31": "15.72%", "2014-09-30": "17.97%", "2014-06-30": "17.42%", "2014-03-31": "15.63%", "2013-12-31": "13.70%", "2013-09-30": "11.13%", "2013-06-30": "9.29%", "2013-03-31": "6.91%", "2012-12-31": "4.53%", "2012-09-30": "8.54%", "2012-06-30": "18.14%", "2012-03-31": "33.03%", "2011-12-31": "54.89%", "2011-09-30": "71.70%", "2011-06-30": "73.26%", "2011-03-31": "71.16%", "2010-12-31": "66.16%", "2010-09-30": "62.28%", "2010-06-30": "63.24%", "2010-03-31": "58.80%", "2009-12-31": "52.65%", "2009-09-30": "50.29%", "2009-06-30": "43.11%", "2009-03-31": "36.41%", "2008-12-31": "41.16%", "2008-09-30": "32.80%", "2008-06-30": "40.76%", "2008-03-31": "81.72%", "2007-12-31": "78.28%", "2007-09-30": "inf%", "2007-06-30": "inf%", "2007-03-31": "inf%", "2006-12-31": "inf%", "2006-09-30": "inf%", "2006-06-30": "inf%", "2006-03-31": "inf%", "2005-12-31": "inf%"}, "return on tangible equity": {"2020-12-31": "28.22%", "2020-09-30": "31.48%", "2020-06-30": "33.32%", "2020-03-31": "30.83%", "2019-12-31": "28.45%", "2019-09-30": "23.66%", "2019-06-30": "20.89%", "2019-03-31": "24.74%", "2018-12-31": "25.81%", "2018-09-30": "29.53%", "2018-06-30": "25.67%", "2018-03-31": "19.14%", "2017-12-31": "17.24%", "2017-09-30": "14.59%", "2017-06-30": "12.85%", "2017-03-31": "12.76%", "2016-12-31": "7.56%", "2016-09-30": "6.92%", "2016-06-30": "6.18%", "2016-03-31": "5.77%", "2015-12-31": "5.86%", "2015-09-30": "8.13%", "2015-06-30": "10.21%", "2015-03-31": "13.35%", "2014-12-31": "15.95%", "2014-09-30": "15.03%", "2014-06-30": "14.50%", "2014-03-31": "12.65%", "2013-12-31": "10.05%", "2013-09-30": "7.45%", "2013-06-30": "5.68%", "2013-03-31": "3.37%", "2012-12-31": "2.42%", "2012-09-30": "6.49%", "2012-06-30": "16.46%", "2012-03-31": "31.56%", "2011-12-31": "54.84%", "2011-09-30": "73.60%", "2011-06-30": "78.02%", "2011-03-31": "80.86%", "2010-12-31": "79.90%", "2010-09-30": "81.12%", "2010-06-30": "72.58%", "2010-03-31": "55.43%", "2009-12-31": "41.78%", "2009-09-30": "34.27%", "2009-06-30": "28.91%", "2009-03-31": "26.15%", "2008-12-31": "23.45%", "2008-09-30": "20.28%", "2008-06-30": "17.91%", "2008-03-31": "16.84%", "2007-12-31": "15.40%", "2007-09-30": "15.31%", "2007-06-30": "15.04%", "2007-03-31": "13.79%", "2006-12-31": "14.01%", "2006-09-30": "23.80%", "2006-06-30": "26.35%", "2006-03-31": "27.47%", "2005-12-31": "23.50%"}, "dividend yield history": {"last payout": "$0.00", "last yield": "0.00%"}}