{"ticker": "NBIX", "price": {"title": "Neurocrine Biosciences Historical Annual Stock Price Data", "value": 116.14, "historical": {"2021": {"Average Stock Price": "109.8213", "Year Open": "95.8700", "Year High": "119.4000", "Year Low": "95.8700", "Year Close": "116.1400", "Annual % Change": "21.17%"}, "2020": {"Average Stock Price": "105.1955", "Year Open": "108.3000", "Year High": "135.1500", "Year Low": "75.1100", "Year Close": "95.8500", "Annual % Change": "-10.83%"}, "2019": {"Average Stock Price": "91.0777", "Year Open": "70.0900", "Year High": "118.5700", "Year Low": "69.3100", "Year Close": "107.4900", "Annual % Change": "50.53%"}, "2018": {"Average Stock Price": "95.8713", "Year Open": "79.3000", "Year High": "125.8500", "Year Low": "68.3200", "Year Close": "71.4100", "Annual % Change": "-7.96%"}, "2017": {"Average Stock Price": "53.1216", "Year Open": "38.6600", "Year High": "77.5900", "Year Low": "38.6600", "Year Close": "77.5900", "Annual % Change": "100.49%"}, "2016": {"Average Stock Price": "45.2633", "Year Open": "52.3500", "Year High": "54.7700", "Year Low": "32.1900", "Year Close": "38.7000", "Annual % Change": "-31.59%"}, "2015": {"Average Stock Price": "44.4424", "Year Open": "22.8400", "Year High": "57.6300", "Year Low": "20.5300", "Year Close": "56.5700", "Annual % Change": "153.22%"}, "2014": {"Average Stock Price": "16.2759", "Year Open": "9.5500", "Year High": "24.4900", "Year Low": "9.5500", "Year Close": "22.3400", "Annual % Change": "139.19%"}, "2013": {"Average Stock Price": "11.5137", "Year Open": "8.1400", "Year High": "16.7000", "Year Low": "8.1400", "Year Close": "9.3400", "Annual % Change": "24.87%"}, "2012": {"Average Stock Price": "7.7242", "Year Open": "8.5500", "Year High": "9.7900", "Year Low": "6.4500", "Year Close": "7.4800", "Annual % Change": "-12.00%"}, "2011": {"Average Stock Price": "7.0633", "Year Open": "7.6700", "Year High": "8.5800", "Year Low": "5.5000", "Year Close": "8.5000", "Annual % Change": "11.26%"}, "2010": {"Average Stock Price": "4.9459", "Year Open": "2.6900", "Year High": "8.5300", "Year Low": "2.1700", "Year Close": "7.6400", "Annual % Change": "180.88%"}, "2009": {"Average Stock Price": "3.0984", "Year Open": "3.2700", "Year High": "4.0900", "Year Low": "2.0000", "Year Close": "2.7200", "Annual % Change": "-15.00%"}, "2008": {"Average Stock Price": "4.6286", "Year Open": "4.5200", "Year High": "5.9500", "Year Low": "2.2200", "Year Close": "3.2000", "Annual % Change": "-29.52%"}, "2007": {"Average Stock Price": "11.1339", "Year Open": "10.2700", "Year High": "14.4500", "Year Low": "4.1900", "Year Close": "4.5400", "Annual % Change": "-56.43%"}, "2006": {"Average Stock Price": "30.3170", "Year Open": "63.5700", "Year High": "71.6200", "Year Low": "7.7200", "Year Close": "10.4200", "Annual % Change": "-83.39%"}, "2005": {"Average Stock Price": "45.9682", "Year Open": "49.0200", "Year High": "64.2500", "Year Low": "34.0200", "Year Close": "62.7300", "Annual % Change": "27.24%"}, "2004": {"Average Stock Price": "52.3772", "Year Open": "55.5000", "Year High": "69.0200", "Year Low": "40.8500", "Year Close": "49.3000", "Annual % Change": "-9.61%"}, "2003": {"Average Stock Price": "48.7591", "Year Open": "45.4100", "Year High": "57.6400", "Year Low": "38.0600", "Year Close": "54.5400", "Annual % Change": "19.45%"}, "2002": {"Average Stock Price": "38.5281", "Year Open": "50.5700", "Year High": "51.2500", "Year Low": "24.5300", "Year Close": "45.6600", "Annual % Change": "-11.01%"}, "2001": {"Average Stock Price": "33.3476", "Year Open": "32.1900", "Year High": "53.4600", "Year Low": "15.3800", "Year Close": "51.3100", "Annual % Change": "54.87%"}, "2000": {"Average Stock Price": "31.9879", "Year Open": "25.1200", "Year High": "45.4400", "Year Low": "16.6300", "Year Close": "33.1300", "Annual % Change": "33.86%"}, "1999": {"Average Stock Price": "6.8999", "Year Open": "6.8750", "Year High": "28.2500", "Year Low": "3.9380", "Year Close": "24.7500", "Annual % Change": "260.00%"}, "1998": {"Average Stock Price": "7.2960", "Year Open": "8.3130", "Year High": "9.2500", "Year Low": "4.0000", "Year Close": "6.8750", "Annual % Change": "-12.70%"}, "1997": {"Average Stock Price": "9.4155", "Year Open": "9.5630", "Year High": "13.2500", "Year Low": "7.1250", "Year Close": "7.8750", "Annual % Change": "-21.25%"}}}, "market cap": {"value": "$10.85B"}, "income statement": {"Revenue": {"2019-12-31": "788.08700", "2018-12-31": "451.24000", "2017-12-31": "161.62600", "2016-12-31": "15.00000", "2015-12-31": "19.76900", "2014-12-31": "", "2013-12-31": "2.91900", "2012-12-31": "53.14000", "2011-12-31": "77.41300", "2010-12-31": "33.50100", "2009-12-31": "2.95300", "2008-12-31": "3.97500", "2007-12-31": "1.22400", "2006-12-31": "39.23400", "2005-12-31": "123.88900"}, "Cost Of Goods Sold": {"2019-12-31": "7.42800", "2018-12-31": "4.88900", "2017-12-31": "1.25400", "2016-12-31": "", "2015-12-31": "", "2014-12-31": "", "2013-12-31": "", "2012-12-31": "", "2011-12-31": "", "2010-12-31": "", "2009-12-31": "", "2008-12-31": "", "2007-12-31": "", "2006-12-31": "", "2005-12-31": ""}, "Gross Profit": {"2019-12-31": "780.65900", "2018-12-31": "446.35100", "2017-12-31": "160.37200", "2016-12-31": "15.00000", "2015-12-31": "19.76900", "2014-12-31": "", "2013-12-31": "2.91900", "2012-12-31": "53.14000", "2011-12-31": "77.41300", "2010-12-31": "33.50100", "2009-12-31": "2.95300", "2008-12-31": "3.97500", "2007-12-31": "1.22400", "2006-12-31": "39.23400", "2005-12-31": "123.88900"}, "Research And Development Expenses": {"2019-12-31": "200.04200", "2018-12-31": "155.77400", "2017-12-31": "91.82700", "2016-12-31": "94.29100", "2015-12-31": "81.49100", "2014-12-31": "46.42500", "2013-12-31": "39.24800", "2012-12-31": "37.16300", "2011-12-31": "30.95100", "2010-12-31": "31.15100", "2009-12-31": "33.72200", "2008-12-31": "55.54400", "2007-12-31": "81.98500", "2006-12-31": "97.67800", "2005-12-31": "106.62800"}, "SG&A Expenses": {"2019-12-31": "354.06200", "2018-12-31": "248.93200", "2017-12-31": "169.90600", "2016-12-31": "68.08100", "2015-12-31": "32.48000", "2014-12-31": "17.98600", "2013-12-31": "13.34900", "2012-12-31": "13.43700", "2011-12-31": "12.45800", "2010-12-31": "13.27300", "2009-12-31": "14.36000", "2008-12-31": "17.93600", "2007-12-31": "37.48100", "2006-12-31": "54.87300", "2005-12-31": "42.33300"}, "Other Operating Income Or Expenses": {"2019-12-31": "", "2018-12-31": "", "2017-12-31": "", "2016-12-31": "", "2015-12-31": "", "2014-12-31": "", "2013-12-31": "", "2012-12-31": "-1.09200", "2011-12-31": "-0.08200", "2010-12-31": "-2.79900", "2009-12-31": "-5.98400", "2008-12-31": "-15.74200", "2007-12-31": "-94.00000", "2006-12-31": "", "2005-12-31": ""}, "Operating Expenses": {"2019-12-31": "715.80400", "2018-12-31": "414.34500", "2017-12-31": "292.98700", "2016-12-31": "162.37200", "2015-12-31": "113.97100", "2014-12-31": "64.41100", "2013-12-31": "52.59700", "2012-12-31": "51.69200", "2011-12-31": "43.49100", "2010-12-31": "47.22300", "2009-12-31": "56.62300", "2008-12-31": "91.27300", "2007-12-31": "213.46600", "2006-12-31": "152.55100", "2005-12-31": "148.96100"}, "Operating Income": {"2019-12-31": "72.28300", "2018-12-31": "36.89500", "2017-12-31": "-131.36100", "2016-12-31": "-147.37200", "2015-12-31": "-94.20200", "2014-12-31": "-64.41100", "2013-12-31": "-49.67800", "2012-12-31": "1.44800", "2011-12-31": "33.92200", "2010-12-31": "-13.72200", "2009-12-31": "-53.67000", "2008-12-31": "-87.29800", "2007-12-31": "-212.24200", "2006-12-31": "-113.31700", "2005-12-31": "-25.07200"}, "Total Non-Operating Income/Expense": {"2019-12-31": "-25.74100", "2018-12-31": "-15.05400", "2017-12-31": "-11.18100", "2016-12-31": "6.28200", "2015-12-31": "5.27300", "2014-12-31": "3.86900", "2013-12-31": "3.58800", "2012-12-31": "3.57700", "2011-12-31": "3.64900", "2010-12-31": "5.75400", "2009-12-31": "2.63200", "2008-12-31": "-1.31500", "2007-12-31": "4.94300", "2006-12-31": "6.11200", "2005-12-31": "2.88100"}, "Pre-Tax Income": {"2019-12-31": "46.54200", "2018-12-31": "21.84100", "2017-12-31": "-142.54200", "2016-12-31": "-141.09000", "2015-12-31": "-88.92900", "2014-12-31": "-60.54200", "2013-12-31": "-46.09000", "2012-12-31": "5.02500", "2011-12-31": "37.57100", "2010-12-31": "-7.96800", "2009-12-31": "-51.03800", "2008-12-31": "-88.61300", "2007-12-31": "-207.29900", "2006-12-31": "-107.20500", "2005-12-31": "-22.19100"}, "Income Taxes": {"2019-12-31": "9.53000", "2018-12-31": "0.73000", "2017-12-31": "", "2016-12-31": "", "2015-12-31": "", "2014-12-31": "", "2013-12-31": "", "2012-12-31": "", "2011-12-31": "", "2010-12-31": "", "2009-12-31": "", "2008-12-31": "", "2007-12-31": "", "2006-12-31": "", "2005-12-31": ""}, "Income After Taxes": {"2019-12-31": "37.01200", "2018-12-31": "21.11100", "2017-12-31": "-142.54200", "2016-12-31": "-141.09000", "2015-12-31": "-88.92900", "2014-12-31": "-60.54200", "2013-12-31": "-46.09000", "2012-12-31": "5.02500", "2011-12-31": "37.57100", "2010-12-31": "-7.96800", "2009-12-31": "-51.03800", "2008-12-31": "-88.61300", "2007-12-31": "-207.29900", "2006-12-31": "-107.20500", "2005-12-31": "-22.19100"}, "Other Income": {"2019-12-31": "", "2018-12-31": "", "2017-12-31": "", "2016-12-31": "", "2015-12-31": "", "2014-12-31": "", "2013-12-31": "", "2012-12-31": "", "2011-12-31": "", "2010-12-31": "", "2009-12-31": "", "2008-12-31": "", "2007-12-31": "", "2006-12-31": "", "2005-12-31": ""}, "Income From Continuous Operations": {"2019-12-31": "37.01200", "2018-12-31": "21.11100", "2017-12-31": "-142.54200", "2016-12-31": "-141.09000", "2015-12-31": "-88.92900", "2014-12-31": "-60.54200", "2013-12-31": "-46.09000", "2012-12-31": "5.02500", "2011-12-31": "37.57100", "2010-12-31": "-7.96800", "2009-12-31": "-51.03800", "2008-12-31": "-88.61300", "2007-12-31": "-207.29900", "2006-12-31": "-107.20500", "2005-12-31": "-22.19100"}, "Income From Discontinued Operations": {"2019-12-31": "", "2018-12-31": "", "2017-12-31": "", "2016-12-31": "", "2015-12-31": "", "2014-12-31": "", "2013-12-31": "", "2012-12-31": "", "2011-12-31": "", "2010-12-31": "", "2009-12-31": "", "2008-12-31": "", "2007-12-31": "", "2006-12-31": "", "2005-12-31": ""}, "Net Income": {"2019-12-31": "37.01200", "2018-12-31": "21.11100", "2017-12-31": "-142.54200", "2016-12-31": "-141.09000", "2015-12-31": "-88.92900", "2014-12-31": "-60.54200", "2013-12-31": "-46.09000", "2012-12-31": "5.02500", "2011-12-31": "37.57100", "2010-12-31": "-7.96800", "2009-12-31": "-51.03800", "2008-12-31": "-88.61300", "2007-12-31": "-207.29900", "2006-12-31": "-107.20500", "2005-12-31": "-22.19100"}, "EBITDA": {"2019-12-31": "98.08100", "2018-12-31": "61.24600", "2017-12-31": "-115.42000", "2016-12-31": "-142.39900", "2015-12-31": "-87.16100", "2014-12-31": "-59.79200", "2013-12-31": "-46.16400", "2012-12-31": "5.24000", "2011-12-31": "36.95700", "2010-12-31": "-11.45300", "2009-12-31": "-50.49100", "2008-12-31": "-79.68800", "2007-12-31": "-202.83800", "2006-12-31": "-102.75100", "2005-12-31": "-14.97800"}, "EBIT": {"2019-12-31": "72.28300", "2018-12-31": "36.89500", "2017-12-31": "-131.36100", "2016-12-31": "-147.37200", "2015-12-31": "-94.20200", "2014-12-31": "-64.41100", "2013-12-31": "-49.67800", "2012-12-31": "1.44800", "2011-12-31": "33.92200", "2010-12-31": "-13.72200", "2009-12-31": "-53.67000", "2008-12-31": "-87.29800", "2007-12-31": "-212.24200", "2006-12-31": "-113.31700", "2005-12-31": "-25.07200"}, "Basic Shares Outstanding": {"2019-12-31": "91.62700", "2018-12-31": "90.23500", "2017-12-31": "88.08900", "2016-12-31": "86.71300", "2015-12-31": "84.49600", "2014-12-31": "74.57700", "2013-12-31": "66.98900", "2012-12-31": "65.61900", "2011-12-31": "55.17600", "2010-12-31": "52.82000", "2009-12-31": "39.13700", "2008-12-31": "38.44900", "2007-12-31": "38.00900", "2006-12-31": "37.72200", "2005-12-31": "36.76300"}, "Shares Outstanding": {"2019-12-31": "95.73200", "2018-12-31": "95.38600", "2017-12-31": "88.08900", "2016-12-31": "86.71300", "2015-12-31": "84.49600", "2014-12-31": "74.57700", "2013-12-31": "66.98900", "2012-12-31": "66.94600", "2011-12-31": "56.34700", "2010-12-31": "52.82000", "2009-12-31": "39.13700", "2008-12-31": "38.44900", "2007-12-31": "38.00900", "2006-12-31": "37.72200", "2005-12-31": "36.76300"}, "Basic EPS": {"2019-12-31": "0.40000", "2018-12-31": "0.23000", "2017-12-31": "-1.62000", "2016-12-31": "-1.63000", "2015-12-31": "-1.05000", "2014-12-31": "-0.81000", "2013-12-31": "-0.69000", "2012-12-31": "0.08000", "2011-12-31": "0.68000", "2010-12-31": "-0.15000", "2009-12-31": "-1.30000", "2008-12-31": "-2.30000", "2007-12-31": "-5.45000", "2006-12-31": "-2.84000", "2005-12-31": "-0.60000"}, "EPS - Earnings Per Share": {"2019-12-31": "0.39000", "2018-12-31": "0.22000", "2017-12-31": "-1.62000", "2016-12-31": "-1.63000", "2015-12-31": "-1.05000", "2014-12-31": "-0.81000", "2013-12-31": "-0.69000", "2012-12-31": "0.08000", "2011-12-31": "0.67000", "2010-12-31": "-0.15000", "2009-12-31": "-1.30000", "2008-12-31": "-2.30000", "2007-12-31": "-5.45000", "2006-12-31": "-2.84000", "2005-12-31": "-0.60000"}}, "income statement, quarterly": {"Revenue": {"2020-09-30": "258.50000", "2020-06-30": "302.40000", "2020-03-31": "237.10000", "2019-12-31": "244.08690", "2019-09-30": "222.10000", "2019-06-30": "183.50000", "2019-03-31": "138.40000", "2018-12-31": "131.49200", "2018-09-30": "151.75700", "2018-06-30": "96.90500", "2018-03-31": "71.08600", "2017-12-31": "94.51700", "2017-09-30": "60.77400", "2017-06-30": "6.33500", "2017-03-31": "", "2016-12-31": "", "2016-09-30": "", "2016-06-30": "", "2016-03-31": "15.00000", "2015-12-31": "", "2015-09-30": "", "2015-06-30": "", "2015-03-31": "19.76900", "2014-12-31": "", "2014-09-30": "", "2014-06-30": "", "2014-03-31": "", "2013-12-31": "0.73000", "2013-09-30": "0.72900", "2013-06-30": "0.73000", "2013-03-31": "0.73000", "2012-12-31": "21.94700", "2012-09-30": "9.35700", "2012-06-30": "10.56900", "2012-03-31": "11.26700", "2011-12-31": "11.11000", "2011-09-30": "41.63400", "2011-06-30": "12.15700", "2011-03-31": "12.51200", "2010-12-31": "13.65700", "2010-09-30": "14.44800", "2010-06-30": "4.64300", "2010-03-31": "0.75300", "2009-12-31": "0.74000", "2009-09-30": "0.73300", "2009-06-30": "0.73300", "2009-03-31": "0.74700", "2008-12-31": "0.72900", "2008-09-30": "0.76100", "2008-06-30": "0.73400", "2008-03-31": "1.75100", "2007-12-31": "0.53200", "2007-09-30": "0.54000", "2007-06-30": "0.04800", "2007-03-31": "0.10400", "2006-12-31": "9.44000", "2006-09-30": "1.07400", "2006-06-30": "9.24400", "2006-03-31": "19.47600", "2005-12-31": "14.11100", "2005-09-30": "64.74500", "2005-06-30": "33.16900", "2005-03-31": "11.86400"}, "Cost Of Goods Sold": {"2020-09-30": "2.70000", "2020-06-30": "2.40000", "2020-03-31": "2.10000", "2019-12-31": "2.52800", "2019-09-30": "2.20000", "2019-06-30": "1.60000", "2019-03-31": "1.10000", "2018-12-31": "1.53400", "2018-09-30": "1.55100", "2018-06-30": "0.85400", "2018-03-31": "0.95000", "2017-12-31": "0.76000", "2017-09-30": "0.43300", "2017-06-30": "0.06100", "2017-03-31": "", "2016-12-31": "", "2016-09-30": "", "2016-06-30": "", "2016-03-31": "", "2015-12-31": "", "2015-09-30": "", "2015-06-30": "", "2015-03-31": "", "2014-12-31": "", "2014-09-30": "", "2014-06-30": "", "2014-03-31": "", "2013-12-31": "", "2013-09-30": "", "2013-06-30": "", "2013-03-31": "", "2012-12-31": "", "2012-09-30": "", "2012-06-30": "", "2012-03-31": "", "2011-12-31": "", "2011-09-30": "", "2011-06-30": "", "2011-03-31": "", "2010-12-31": "", "2010-09-30": "", "2010-06-30": "", "2010-03-31": "", "2009-12-31": "", "2009-09-30": "", "2009-06-30": "", "2009-03-31": "", "2008-12-31": "", "2008-09-30": "", "2008-06-30": "", "2008-03-31": "", "2007-12-31": "", "2007-09-30": "", "2007-06-30": "", "2007-03-31": "", "2006-12-31": "", "2006-09-30": "", "2006-06-30": "", "2006-03-31": "", "2005-12-31": "", "2005-09-30": "", "2005-06-30": "", "2005-03-31": ""}, "Gross Profit": {"2020-09-30": "255.80000", "2020-06-30": "300.00000", "2020-03-31": "235.00000", "2019-12-31": "241.55890", "2019-09-30": "219.90000", "2019-06-30": "181.90000", "2019-03-31": "137.30000", "2018-12-31": "129.95800", "2018-09-30": "150.20600", "2018-06-30": "96.05100", "2018-03-31": "70.13600", "2017-12-31": "93.75700", "2017-09-30": "60.34100", "2017-06-30": "6.27400", "2017-03-31": "", "2016-12-31": "", "2016-09-30": "", "2016-06-30": "", "2016-03-31": "15.00000", "2015-12-31": "", "2015-09-30": "", "2015-06-30": "", "2015-03-31": "19.76900", "2014-12-31": "", "2014-09-30": "", "2014-06-30": "", "2014-03-31": "", "2013-12-31": "0.73000", "2013-09-30": "0.72900", "2013-06-30": "0.73000", "2013-03-31": "0.73000", "2012-12-31": "21.94700", "2012-09-30": "9.35700", "2012-06-30": "10.56900", "2012-03-31": "11.26700", "2011-12-31": "11.11000", "2011-09-30": "41.63400", "2011-06-30": "12.15700", "2011-03-31": "12.51200", "2010-12-31": "13.65700", "2010-09-30": "14.44800", "2010-06-30": "4.64300", "2010-03-31": "0.75300", "2009-12-31": "0.74000", "2009-09-30": "0.73300", "2009-06-30": "0.73300", "2009-03-31": "0.74700", "2008-12-31": "0.72900", "2008-09-30": "0.76100", "2008-06-30": "0.73400", "2008-03-31": "1.75100", "2007-12-31": "0.53200", "2007-09-30": "0.54000", "2007-06-30": "0.04800", "2007-03-31": "0.10400", "2006-12-31": "9.44000", "2006-09-30": "1.07400", "2006-06-30": "9.24400", "2006-03-31": "19.47600", "2005-12-31": "14.11100", "2005-09-30": "64.74500", "2005-06-30": "33.16900", "2005-03-31": "11.86400"}, "Research And Development Expenses": {"2020-09-30": "69.10000", "2020-06-30": "80.90000", "2020-03-31": "58.30000", "2019-12-31": "55.34200", "2019-09-30": "45.30000", "2019-06-30": "61.70000", "2019-03-31": "37.70000", "2018-12-31": "34.35700", "2018-09-30": "35.48200", "2018-06-30": "36.98800", "2018-03-31": "48.94700", "2017-12-31": "-4.38600", "2017-09-30": "22.46300", "2017-06-30": "21.86800", "2017-03-31": "51.88200", "2016-12-31": "22.58300", "2016-09-30": "20.94200", "2016-06-30": "26.86300", "2016-03-31": "23.90300", "2015-12-31": "21.80900", "2015-09-30": "24.38800", "2015-06-30": "18.71900", "2015-03-31": "16.57500", "2014-12-31": "15.49800", "2014-09-30": "12.19400", "2014-06-30": "10.16100", "2014-03-31": "8.57200", "2013-12-31": "8.91800", "2013-09-30": "9.49000", "2013-06-30": "10.52700", "2013-03-31": "10.31300", "2012-12-31": "9.09700", "2012-09-30": "9.86000", "2012-06-30": "8.81800", "2012-03-31": "9.38800", "2011-12-31": "8.00200", "2011-09-30": "7.45600", "2011-06-30": "8.17600", "2011-03-31": "7.31700", "2010-12-31": "8.06500", "2010-09-30": "8.22700", "2010-06-30": "7.28300", "2010-03-31": "7.57600", "2009-12-31": "4.66500", "2009-09-30": "7.40100", "2009-06-30": "10.80800", "2009-03-31": "10.84800", "2008-12-31": "12.13800", "2008-09-30": "12.99300", "2008-06-30": "16.18600", "2008-03-31": "14.22700", "2007-12-31": "24.34000", "2007-09-30": "19.79500", "2007-06-30": "18.78900", "2007-03-31": "19.06100", "2006-12-31": "18.60800", "2006-09-30": "25.22300", "2006-06-30": "26.11200", "2006-03-31": "27.73500", "2005-12-31": "24.76500", "2005-09-30": "26.62700", "2005-06-30": "29.63300", "2005-03-31": "25.60300"}, "SG&A Expenses": {"2020-09-30": "112.50000", "2020-06-30": "96.50000", "2020-03-31": "117.80000", "2019-12-31": "101.26200", "2019-09-30": "84.50000", "2019-06-30": "80.80000", "2019-03-31": "87.50000", "2018-12-31": "68.98000", "2018-09-30": "60.40100", "2018-06-30": "60.91500", "2018-03-31": "58.63600", "2017-12-31": "56.30900", "2017-09-30": "43.87300", "2017-06-30": "41.67400", "2017-03-31": "28.05000", "2016-12-31": "23.66800", "2016-09-30": "17.49400", "2016-06-30": "14.96500", "2016-03-31": "11.95400", "2015-12-31": "8.93900", "2015-09-30": "11.45600", "2015-06-30": "6.60300", "2015-03-31": "5.48200", "2014-12-31": "4.97000", "2014-09-30": "4.66300", "2014-06-30": "4.20000", "2014-03-31": "4.15300", "2013-12-31": "3.34200", "2013-09-30": "3.24500", "2013-06-30": "3.37000", "2013-03-31": "3.39200", "2012-12-31": "3.31100", "2012-09-30": "3.32400", "2012-06-30": "3.13100", "2012-03-31": "3.67100", "2011-12-31": "2.66800", "2011-09-30": "3.82500", "2011-06-30": "2.80900", "2011-03-31": "3.15600", "2010-12-31": "3.32300", "2010-09-30": "3.63500", "2010-06-30": "3.11600", "2010-03-31": "3.19900", "2009-12-31": "2.37200", "2009-09-30": "2.96600", "2009-06-30": "4.82700", "2009-03-31": "4.19500", "2008-12-31": "1.51300", "2008-09-30": "3.47200", "2008-06-30": "4.66500", "2008-03-31": "8.28600", "2007-12-31": "10.78600", "2007-09-30": "9.57100", "2007-06-30": "8.80700", "2007-03-31": "8.31700", "2006-12-31": "7.09500", "2006-09-30": "16.04700", "2006-06-30": "12.39600", "2006-03-31": "19.33500", "2005-12-31": "13.94000", "2005-09-30": "12.99700", "2005-06-30": "9.78800", "2005-03-31": "5.60800"}, "Other Operating Income Or Expenses": {"2020-09-30": "", "2020-06-30": "", "2020-03-31": "", "2019-12-31": "", "2019-09-30": "", "2019-06-30": "", "2019-03-31": "", "2018-12-31": "", "2018-09-30": "", "2018-06-30": "", "2018-03-31": "", "2017-12-31": "", "2017-09-30": "", "2017-06-30": "", "2017-03-31": "", "2016-12-31": "", "2016-09-30": "", "2016-06-30": "", "2016-03-31": "", "2015-12-31": "", "2015-09-30": "", "2015-06-30": "", "2015-03-31": "", "2014-12-31": "", "2014-09-30": "", "2014-06-30": "", "2014-03-31": "", "2013-12-31": "", "2013-09-30": "", "2013-06-30": "", "2013-03-31": "", "2012-12-31": "-0.95700", "2012-09-30": "-0.13500", "2012-06-30": "", "2012-03-31": "", "2011-12-31": "0.00700", "2011-09-30": "0.08700", "2011-06-30": "-0.07600", "2011-03-31": "-0.10000", "2010-12-31": "-2.39800", "2010-09-30": "-0.12000", "2010-06-30": "-0.13400", "2010-03-31": "-0.14700", "2009-12-31": "-0.12600", "2009-09-30": "-0.08900", "2009-06-30": "-0.94100", "2009-03-31": "-4.82800", "2008-12-31": "", "2008-09-30": "", "2008-06-30": "", "2008-03-31": "", "2007-12-31": "", "2007-09-30": "", "2007-06-30": "", "2007-03-31": "", "2006-12-31": "", "2006-09-30": "", "2006-06-30": "", "2006-03-31": "", "2005-12-31": "", "2005-09-30": "", "2005-06-30": "", "2005-03-31": ""}, "Operating Expenses": {"2020-09-30": "302.80000", "2020-06-30": "225.80000", "2020-03-31": "178.20000", "2019-12-31": "195.30400", "2019-09-30": "132.00000", "2019-06-30": "149.10000", "2019-03-31": "239.40000", "2018-12-31": "109.62100", "2018-09-30": "97.43400", "2018-06-30": "98.75700", "2018-03-31": "108.53300", "2017-12-31": "82.68300", "2017-09-30": "66.76900", "2017-06-30": "63.60300", "2017-03-31": "79.93200", "2016-12-31": "46.25100", "2016-09-30": "38.43600", "2016-06-30": "41.82800", "2016-03-31": "35.85700", "2015-12-31": "30.74800", "2015-09-30": "35.84400", "2015-06-30": "25.32200", "2015-03-31": "22.05700", "2014-12-31": "20.46800", "2014-09-30": "16.85700", "2014-06-30": "14.36100", "2014-03-31": "12.72500", "2013-12-31": "12.26000", "2013-09-30": "12.73500", "2013-06-30": "13.89700", "2013-03-31": "13.70500", "2012-12-31": "13.36500", "2012-09-30": "13.31900", "2012-06-30": "11.94900", "2012-03-31": "13.05900", "2011-12-31": "10.66300", "2011-09-30": "11.19400", "2011-06-30": "11.06100", "2011-03-31": "10.57300", "2010-12-31": "13.78600", "2010-09-30": "11.98200", "2010-06-30": "10.53300", "2010-03-31": "10.92200", "2009-12-31": "9.72000", "2009-09-30": "10.45600", "2009-06-30": "16.57600", "2009-03-31": "19.87100", "2008-12-31": "31.44400", "2008-09-30": "16.46500", "2008-06-30": "20.85100", "2008-03-31": "22.51300", "2007-12-31": "129.12600", "2007-09-30": "29.36600", "2007-06-30": "27.59600", "2007-03-31": "27.37800", "2006-12-31": "25.70300", "2006-09-30": "41.27000", "2006-06-30": "38.50800", "2006-03-31": "47.07000", "2005-12-31": "38.70500", "2005-09-30": "39.62400", "2005-06-30": "39.42100", "2005-03-31": "31.21100"}, "Operating Income": {"2020-09-30": "-44.30000", "2020-06-30": "76.60000", "2020-03-31": "58.90000", "2019-12-31": "48.78290", "2019-09-30": "90.10000", "2019-06-30": "34.40000", "2019-03-31": "-101.00000", "2018-12-31": "21.87100", "2018-09-30": "54.32300", "2018-06-30": "-1.85200", "2018-03-31": "-37.44700", "2017-12-31": "11.83400", "2017-09-30": "-5.99500", "2017-06-30": "-57.26800", "2017-03-31": "-79.93200", "2016-12-31": "-46.25100", "2016-09-30": "-38.43600", "2016-06-30": "-41.82800", "2016-03-31": "-20.85700", "2015-12-31": "-30.74800", "2015-09-30": "-35.84400", "2015-06-30": "-25.32200", "2015-03-31": "-2.28800", "2014-12-31": "-20.46800", "2014-09-30": "-16.85700", "2014-06-30": "-14.36100", "2014-03-31": "-12.72500", "2013-12-31": "-11.53000", "2013-09-30": "-12.00600", "2013-06-30": "-13.16700", "2013-03-31": "-12.97500", "2012-12-31": "8.58200", "2012-09-30": "-3.96200", "2012-06-30": "-1.38000", "2012-03-31": "-1.79200", "2011-12-31": "0.44700", "2011-09-30": "30.44000", "2011-06-30": "1.09600", "2011-03-31": "1.93900", "2010-12-31": "-0.12900", "2010-09-30": "2.46600", "2010-06-30": "-5.89000", "2010-03-31": "-10.16900", "2009-12-31": "-8.98000", "2009-09-30": "-9.72300", "2009-06-30": "-15.84300", "2009-03-31": "-19.12400", "2008-12-31": "-30.71500", "2008-09-30": "-15.70400", "2008-06-30": "-20.11700", "2008-03-31": "-20.76200", "2007-12-31": "-128.59400", "2007-09-30": "-28.82600", "2007-06-30": "-27.54800", "2007-03-31": "-27.27400", "2006-12-31": "-16.26300", "2006-09-30": "-40.19600", "2006-06-30": "-29.26400", "2006-03-31": "-27.59400", "2005-12-31": "-24.59400", "2005-09-30": "25.12100", "2005-06-30": "-6.25200", "2005-03-31": "-19.34700"}, "Total Non-Operating Income/Expense": {"2020-09-30": "-12.80000", "2020-06-30": "6.60000", "2020-03-31": "-20.00000", "2019-12-31": "-10.14100", "2019-09-30": "-31.70000", "2019-06-30": "17.70000", "2019-03-31": "-1.60000", "2018-12-31": "-3.06300", "2018-09-30": "-3.55900", "2018-06-30": "-4.06100", "2018-03-31": "-4.37100", "2017-12-31": "-4.94000", "2017-09-30": "-5.13000", "2017-06-30": "-2.71700", "2017-03-31": "1.60600", "2016-12-31": "1.59200", "2016-09-30": "1.54900", "2016-06-30": "1.54800", "2016-03-31": "1.59300", "2015-12-31": "1.43300", "2015-09-30": "1.40900", "2015-06-30": "1.33500", "2015-03-31": "1.09600", "2014-12-31": "1.02400", "2014-09-30": "0.98200", "2014-06-30": "0.98000", "2014-03-31": "0.88300", "2013-12-31": "0.88800", "2013-09-30": "0.87500", "2013-06-30": "0.92500", "2013-03-31": "0.90000", "2012-12-31": "0.90800", "2012-09-30": "0.88400", "2012-06-30": "0.87900", "2012-03-31": "0.90600", "2011-12-31": "0.88400", "2011-09-30": "0.94200", "2011-06-30": "0.88000", "2011-03-31": "0.94300", "2010-12-31": "2.61600", "2010-09-30": "0.86700", "2010-06-30": "0.73800", "2010-03-31": "1.53300", "2009-12-31": "1.06400", "2009-09-30": "1.54600", "2009-06-30": "0.56300", "2009-03-31": "-0.54100", "2008-12-31": "1.86100", "2008-09-30": "-2.00700", "2008-06-30": "-0.85400", "2008-03-31": "-0.31500", "2007-12-31": "0.61900", "2007-09-30": "1.58600", "2007-06-30": "1.18400", "2007-03-31": "1.55400", "2006-12-31": "1.55100", "2006-09-30": "1.05300", "2006-06-30": "1.81500", "2006-03-31": "1.69300", "2005-12-31": "0.68600", "2005-09-30": "1.03000", "2005-06-30": "0.64800", "2005-03-31": "0.51700"}, "Pre-Tax Income": {"2020-09-30": "-57.10000", "2020-06-30": "83.20000", "2020-03-31": "38.90000", "2019-12-31": "38.64200", "2019-09-30": "58.40000", "2019-06-30": "52.10000", "2019-03-31": "-102.60000", "2018-12-31": "18.80800", "2018-09-30": "50.76400", "2018-06-30": "-5.91300", "2018-03-31": "-41.81800", "2017-12-31": "6.89400", "2017-09-30": "-11.12500", "2017-06-30": "-59.98500", "2017-03-31": "-78.32600", "2016-12-31": "-44.65900", "2016-09-30": "-36.88700", "2016-06-30": "-40.28000", "2016-03-31": "-19.26400", "2015-12-31": "-29.31500", "2015-09-30": "-34.43500", "2015-06-30": "-23.98700", "2015-03-31": "-1.19200", "2014-12-31": "-19.44400", "2014-09-30": "-15.87500", "2014-06-30": "-13.38100", "2014-03-31": "-11.84200", "2013-12-31": "-10.64200", "2013-09-30": "-11.13100", "2013-06-30": "-12.24200", "2013-03-31": "-12.07500", "2012-12-31": "9.49000", "2012-09-30": "-3.07800", "2012-06-30": "-0.50100", "2012-03-31": "-0.88600", "2011-12-31": "1.33100", "2011-09-30": "31.38200", "2011-06-30": "1.97600", "2011-03-31": "2.88200", "2010-12-31": "2.48700", "2010-09-30": "3.33300", "2010-06-30": "-5.15200", "2010-03-31": "-8.63600", "2009-12-31": "-7.91600", "2009-09-30": "-8.17700", "2009-06-30": "-15.28000", "2009-03-31": "-19.66500", "2008-12-31": "-28.85400", "2008-09-30": "-17.71100", "2008-06-30": "-20.97100", "2008-03-31": "-21.07700", "2007-12-31": "-127.97500", "2007-09-30": "-27.24000", "2007-06-30": "-26.36400", "2007-03-31": "-25.72000", "2006-12-31": "-14.71200", "2006-09-30": "-39.14300", "2006-06-30": "-27.44900", "2006-03-31": "-25.90100", "2005-12-31": "-23.90800", "2005-09-30": "26.15100", "2005-06-30": "-5.60400", "2005-03-31": "-18.83000"}, "Income Taxes": {"2020-09-30": "0.50000", "2020-06-30": "3.60000", "2020-03-31": "1.50000", "2019-12-31": "4.63000", "2019-09-30": "4.60000", "2019-06-30": "0.80000", "2019-03-31": "-0.50000", "2018-12-31": "", "2018-09-30": "", "2018-06-30": "", "2018-03-31": "", "2017-12-31": "", "2017-09-30": "", "2017-06-30": "", "2017-03-31": "", "2016-12-31": "", "2016-09-30": "", "2016-06-30": "", "2016-03-31": "", "2015-12-31": "", "2015-09-30": "", "2015-06-30": "", "2015-03-31": "", "2014-12-31": "", "2014-09-30": "", "2014-06-30": "", "2014-03-31": "", "2013-12-31": "", "2013-09-30": "", "2013-06-30": "", "2013-03-31": "", "2012-12-31": "", "2012-09-30": "", "2012-06-30": "", "2012-03-31": "", "2011-12-31": "", "2011-09-30": "", "2011-06-30": "", "2011-03-31": "", "2010-12-31": "", "2010-09-30": "", "2010-06-30": "", "2010-03-31": "", "2009-12-31": "", "2009-09-30": "", "2009-06-30": "", "2009-03-31": "", "2008-12-31": "", "2008-09-30": "", "2008-06-30": "", "2008-03-31": "", "2007-12-31": "", "2007-09-30": "", "2007-06-30": "", "2007-03-31": "", "2006-12-31": "", "2006-09-30": "", "2006-06-30": "", "2006-03-31": "", "2005-12-31": "", "2005-09-30": "", "2005-06-30": "", "2005-03-31": ""}, "Income After Taxes": {"2020-09-30": "-57.60000", "2020-06-30": "79.60000", "2020-03-31": "37.40000", "2019-12-31": "34.01200", "2019-09-30": "53.80000", "2019-06-30": "51.30000", "2019-03-31": "-102.10000", "2018-12-31": "18.07800", "2018-09-30": "50.76400", "2018-06-30": "-5.91300", "2018-03-31": "-41.81800", "2017-12-31": "6.89400", "2017-09-30": "-11.12500", "2017-06-30": "-59.98500", "2017-03-31": "-78.32600", "2016-12-31": "-44.65900", "2016-09-30": "-36.88700", "2016-06-30": "-40.28000", "2016-03-31": "-19.26400", "2015-12-31": "-29.31500", "2015-09-30": "-34.43500", "2015-06-30": "-23.98700", "2015-03-31": "-1.19200", "2014-12-31": "-19.44400", "2014-09-30": "-15.87500", "2014-06-30": "-13.38100", "2014-03-31": "-11.84200", "2013-12-31": "-10.64200", "2013-09-30": "-11.13100", "2013-06-30": "-12.24200", "2013-03-31": "-12.07500", "2012-12-31": "9.49000", "2012-09-30": "-3.07800", "2012-06-30": "-0.50100", "2012-03-31": "-0.88600", "2011-12-31": "1.33100", "2011-09-30": "31.38200", "2011-06-30": "1.97600", "2011-03-31": "2.88200", "2010-12-31": "2.48700", "2010-09-30": "3.33300", "2010-06-30": "-5.15200", "2010-03-31": "-8.63600", "2009-12-31": "-7.91600", "2009-09-30": "-8.17700", "2009-06-30": "-15.28000", "2009-03-31": "-19.66500", "2008-12-31": "-28.85400", "2008-09-30": "-17.71100", "2008-06-30": "-20.97100", "2008-03-31": "-21.07700", "2007-12-31": "-127.97500", "2007-09-30": "-27.24000", "2007-06-30": "-26.36400", "2007-03-31": "-25.72000", "2006-12-31": "-14.71200", "2006-09-30": "-39.14300", "2006-06-30": "-27.44900", "2006-03-31": "-25.90100", "2005-12-31": "-23.90800", "2005-09-30": "26.15100", "2005-06-30": "-5.60400", "2005-03-31": "-18.83000"}, "Other Income": {"2020-09-30": "", "2020-06-30": "", "2020-03-31": "", "2019-12-31": "", "2019-09-30": "", "2019-06-30": "", "2019-03-31": "", "2018-12-31": "", "2018-09-30": "", "2018-06-30": "", "2018-03-31": "", "2017-12-31": "", "2017-09-30": "", "2017-06-30": "", "2017-03-31": "", "2016-12-31": "", "2016-09-30": "", "2016-06-30": "", "2016-03-31": "", "2015-12-31": "", "2015-09-30": "", "2015-06-30": "", "2015-03-31": "", "2014-12-31": "", "2014-09-30": "", "2014-06-30": "", "2014-03-31": "", "2013-12-31": "", "2013-09-30": "", "2013-06-30": "", "2013-03-31": "", "2012-12-31": "", "2012-09-30": "", "2012-06-30": "", "2012-03-31": "", "2011-12-31": "", "2011-09-30": "", "2011-06-30": "", "2011-03-31": "", "2010-12-31": "", "2010-09-30": "", "2010-06-30": "", "2010-03-31": "", "2009-12-31": "", "2009-09-30": "", "2009-06-30": "", "2009-03-31": "", "2008-12-31": "", "2008-09-30": "", "2008-06-30": "", "2008-03-31": "", "2007-12-31": "", "2007-09-30": "", "2007-06-30": "", "2007-03-31": "", "2006-12-31": "", "2006-09-30": "", "2006-06-30": "", "2006-03-31": "", "2005-12-31": "", "2005-09-30": "", "2005-06-30": "", "2005-03-31": ""}, "Income From Continuous Operations": {"2020-09-30": "-57.60000", "2020-06-30": "79.60000", "2020-03-31": "37.40000", "2019-12-31": "34.01200", "2019-09-30": "53.80000", "2019-06-30": "51.30000", "2019-03-31": "-102.10000", "2018-12-31": "18.07800", "2018-09-30": "50.76400", "2018-06-30": "-5.91300", "2018-03-31": "-41.81800", "2017-12-31": "6.89400", "2017-09-30": "-11.12500", "2017-06-30": "-59.98500", "2017-03-31": "-78.32600", "2016-12-31": "-44.65900", "2016-09-30": "-36.88700", "2016-06-30": "-40.28000", "2016-03-31": "-19.26400", "2015-12-31": "-29.31500", "2015-09-30": "-34.43500", "2015-06-30": "-23.98700", "2015-03-31": "-1.19200", "2014-12-31": "-19.44400", "2014-09-30": "-15.87500", "2014-06-30": "-13.38100", "2014-03-31": "-11.84200", "2013-12-31": "-10.64200", "2013-09-30": "-11.13100", "2013-06-30": "-12.24200", "2013-03-31": "-12.07500", "2012-12-31": "9.49000", "2012-09-30": "-3.07800", "2012-06-30": "-0.50100", "2012-03-31": "-0.88600", "2011-12-31": "1.33100", "2011-09-30": "31.38200", "2011-06-30": "1.97600", "2011-03-31": "2.88200", "2010-12-31": "2.48700", "2010-09-30": "3.33300", "2010-06-30": "-5.15200", "2010-03-31": "-8.63600", "2009-12-31": "-7.91600", "2009-09-30": "-8.17700", "2009-06-30": "-15.28000", "2009-03-31": "-19.66500", "2008-12-31": "-28.85400", "2008-09-30": "-17.71100", "2008-06-30": "-20.97100", "2008-03-31": "-21.07700", "2007-12-31": "-127.97500", "2007-09-30": "-27.24000", "2007-06-30": "-26.36400", "2007-03-31": "-25.72000", "2006-12-31": "-14.71200", "2006-09-30": "-39.14300", "2006-06-30": "-27.44900", "2006-03-31": "-25.90100", "2005-12-31": "-23.90800", "2005-09-30": "26.15100", "2005-06-30": "-5.60400", "2005-03-31": "-18.83000"}, "Income From Discontinued Operations": {"2020-09-30": "", "2020-06-30": "", "2020-03-31": "", "2019-12-31": "", "2019-09-30": "", "2019-06-30": "", "2019-03-31": "", "2018-12-31": "", "2018-09-30": "", "2018-06-30": "", "2018-03-31": "", "2017-12-31": "", "2017-09-30": "", "2017-06-30": "", "2017-03-31": "", "2016-12-31": "", "2016-09-30": "", "2016-06-30": "", "2016-03-31": "", "2015-12-31": "", "2015-09-30": "", "2015-06-30": "", "2015-03-31": "", "2014-12-31": "", "2014-09-30": "", "2014-06-30": "", "2014-03-31": "", "2013-12-31": "", "2013-09-30": "", "2013-06-30": "", "2013-03-31": "", "2012-12-31": "", "2012-09-30": "", "2012-06-30": "", "2012-03-31": "", "2011-12-31": "", "2011-09-30": "", "2011-06-30": "", "2011-03-31": "", "2010-12-31": "", "2010-09-30": "", "2010-06-30": "", "2010-03-31": "", "2009-12-31": "", "2009-09-30": "", "2009-06-30": "", "2009-03-31": "", "2008-12-31": "", "2008-09-30": "", "2008-06-30": "", "2008-03-31": "", "2007-12-31": "", "2007-09-30": "", "2007-06-30": "", "2007-03-31": "", "2006-12-31": "", "2006-09-30": "", "2006-06-30": "", "2006-03-31": "", "2005-12-31": "", "2005-09-30": "", "2005-06-30": "", "2005-03-31": ""}, "Net Income": {"2020-09-30": "-57.60000", "2020-06-30": "79.60000", "2020-03-31": "37.40000", "2019-12-31": "34.01200", "2019-09-30": "53.80000", "2019-06-30": "51.30000", "2019-03-31": "-102.10000", "2018-12-31": "18.07800", "2018-09-30": "50.76400", "2018-06-30": "-5.91300", "2018-03-31": "-41.81800", "2017-12-31": "6.89400", "2017-09-30": "-11.12500", "2017-06-30": "-59.98500", "2017-03-31": "-78.32600", "2016-12-31": "-44.65900", "2016-09-30": "-36.88700", "2016-06-30": "-40.28000", "2016-03-31": "-19.26400", "2015-12-31": "-29.31500", "2015-09-30": "-34.43500", "2015-06-30": "-23.98700", "2015-03-31": "-1.19200", "2014-12-31": "-19.44400", "2014-09-30": "-15.87500", "2014-06-30": "-13.38100", "2014-03-31": "-11.84200", "2013-12-31": "-10.64200", "2013-09-30": "-11.13100", "2013-06-30": "-12.24200", "2013-03-31": "-12.07500", "2012-12-31": "9.49000", "2012-09-30": "-3.07800", "2012-06-30": "-0.50100", "2012-03-31": "-0.88600", "2011-12-31": "1.33100", "2011-09-30": "31.38200", "2011-06-30": "1.97600", "2011-03-31": "2.88200", "2010-12-31": "2.48700", "2010-09-30": "3.33300", "2010-06-30": "-5.15200", "2010-03-31": "-8.63600", "2009-12-31": "-7.91600", "2009-09-30": "-8.17700", "2009-06-30": "-15.28000", "2009-03-31": "-19.66500", "2008-12-31": "-28.85400", "2008-09-30": "-17.71100", "2008-06-30": "-20.97100", "2008-03-31": "-21.07700", "2007-12-31": "-127.97500", "2007-09-30": "-27.24000", "2007-06-30": "-26.36400", "2007-03-31": "-25.72000", "2006-12-31": "-14.71200", "2006-09-30": "-39.14300", "2006-06-30": "-27.44900", "2006-03-31": "-25.90100", "2005-12-31": "-23.90800", "2005-09-30": "26.15100", "2005-06-30": "-5.60400", "2005-03-31": "-18.83000"}, "EBITDA": {"2020-09-30": "-36.60000", "2020-06-30": "84.10000", "2020-03-31": "66.30000", "2019-12-31": "54.08090", "2019-09-30": "97.20000", "2019-06-30": "41.30000", "2019-03-31": "-94.50000", "2018-12-31": "28.00800", "2018-09-30": "60.53700", "2018-06-30": "4.25900", "2018-03-31": "-31.55800", "2017-12-31": "17.59800", "2017-09-30": "-0.35000", "2017-06-30": "-53.49400", "2017-03-31": "-79.17400", "2016-12-31": "-45.43700", "2016-09-30": "-37.31700", "2016-06-30": "-40.46100", "2016-03-31": "-19.18400", "2015-12-31": "-28.75700", "2015-09-30": "-33.86800", "2015-06-30": "-23.50300", "2015-03-31": "-1.03300", "2014-12-31": "-19.19700", "2014-09-30": "-15.48900", "2014-06-30": "-13.17600", "2014-03-31": "-11.93000", "2013-12-31": "-10.63900", "2013-09-30": "-11.08800", "2013-06-30": "-12.27600", "2013-03-31": "-12.16100", "2012-12-31": "9.41300", "2012-09-30": "-2.80900", "2012-06-30": "-0.34700", "2012-03-31": "-1.01700", "2011-12-31": "1.15800", "2011-09-30": "31.19700", "2011-06-30": "1.92200", "2011-03-31": "2.68000", "2010-12-31": "0.55800", "2010-09-30": "3.06200", "2010-06-30": "-5.33200", "2010-03-31": "-9.74100", "2009-12-31": "-8.40700", "2009-09-30": "-8.96400", "2009-06-30": "-14.95500", "2009-03-31": "-18.16500", "2008-12-31": "-29.15700", "2008-09-30": "-13.73300", "2008-06-30": "-18.08900", "2008-03-31": "-18.70900", "2007-12-31": "-126.42800", "2007-09-30": "-26.61500", "2007-06-30": "-25.08200", "2007-03-31": "-24.71300", "2006-12-31": "-13.68400", "2006-09-30": "-37.56500", "2006-06-30": "-26.57400", "2006-03-31": "-24.92800", "2005-12-31": "-21.99100", "2005-09-30": "27.66500", "2005-06-30": "-3.74700", "2005-03-31": "-16.90500"}, "EBIT": {"2020-09-30": "-44.30000", "2020-06-30": "76.60000", "2020-03-31": "58.90000", "2019-12-31": "48.78300", "2019-09-30": "90.10000", "2019-06-30": "34.40000", "2019-03-31": "-101.00000", "2018-12-31": "21.87100", "2018-09-30": "54.32300", "2018-06-30": "-1.85200", "2018-03-31": "-37.44700", "2017-12-31": "11.83400", "2017-09-30": "-5.99500", "2017-06-30": "-57.26800", "2017-03-31": "-79.93200", "2016-12-31": "-46.25100", "2016-09-30": "-38.43600", "2016-06-30": "-41.82800", "2016-03-31": "-20.85700", "2015-12-31": "-30.74800", "2015-09-30": "-35.84400", "2015-06-30": "-25.32200", "2015-03-31": "-2.28800", "2014-12-31": "-20.46800", "2014-09-30": "-16.85700", "2014-06-30": "-14.36100", "2014-03-31": "-12.72500", "2013-12-31": "-11.53000", "2013-09-30": "-12.00600", "2013-06-30": "-13.16700", "2013-03-31": "-12.97500", "2012-12-31": "8.58200", "2012-09-30": "-3.96200", "2012-06-30": "-1.38000", "2012-03-31": "-1.79200", "2011-12-31": "0.44700", "2011-09-30": "30.44000", "2011-06-30": "1.09600", "2011-03-31": "1.93900", "2010-12-31": "-0.12900", "2010-09-30": "2.46600", "2010-06-30": "-5.89000", "2010-03-31": "-10.16900", "2009-12-31": "-8.98000", "2009-09-30": "-9.72300", "2009-06-30": "-15.84300", "2009-03-31": "-19.12400", "2008-12-31": "-30.71500", "2008-09-30": "-15.70400", "2008-06-30": "-20.11700", "2008-03-31": "-20.76200", "2007-12-31": "-128.59400", "2007-09-30": "-28.82600", "2007-06-30": "-27.54800", "2007-03-31": "-27.27400", "2006-12-31": "-16.26300", "2006-09-30": "-40.19600", "2006-06-30": "-29.26400", "2006-03-31": "-27.59400", "2005-12-31": "-24.59400", "2005-09-30": "25.12100", "2005-06-30": "-6.25200", "2005-03-31": "-19.34700"}, "Basic Shares Outstanding": {"2020-09-30": "93.30000", "2020-06-30": "93.00000", "2020-03-31": "92.60000", "2019-12-31": "91.62700", "2019-09-30": "91.90000", "2019-06-30": "91.40000", "2019-03-31": "91.10000", "2018-12-31": "90.23500", "2018-09-30": "90.55500", "2018-06-30": "90.10000", "2018-03-31": "89.52600", "2017-12-31": "88.08900", "2017-09-30": "88.32500", "2017-06-30": "88.06300", "2017-03-31": "87.28300", "2016-12-31": "86.71300", "2016-09-30": "86.78400", "2016-06-30": "86.69400", "2016-03-31": "86.49700", "2015-12-31": "84.49600", "2015-09-30": "85.85600", "2015-06-30": "85.51800", "2015-03-31": "80.34900", "2014-12-31": "74.57700", "2014-09-30": "75.94800", "2014-06-30": "75.87900", "2014-03-31": "70.26000", "2013-12-31": "66.98900", "2013-09-30": "67.19900", "2013-06-30": "66.79900", "2013-03-31": "66.60000", "2012-12-31": "65.61900", "2012-09-30": "66.34200", "2012-06-30": "66.30900", "2012-03-31": "63.40900", "2011-12-31": "55.17600", "2011-09-30": "55.24800", "2011-06-30": "55.20900", "2011-03-31": "54.98300", "2010-12-31": "52.82000", "2010-09-30": "54.84400", "2010-06-30": "54.83600", "2010-03-31": "46.61800", "2009-12-31": "39.13700", "2009-09-30": "39.09600", "2009-06-30": "39.04600", "2009-03-31": "38.66900", "2008-12-31": "38.44900", "2008-09-30": "38.44600", "2008-06-30": "38.42100", "2008-03-31": "38.33000", "2007-12-31": "38.00900", "2007-09-30": "37.99000", "2007-06-30": "37.96900", "2007-03-31": "37.90800", "2006-12-31": "37.72200", "2006-09-30": "37.86800", "2006-06-30": "37.76400", "2006-03-31": "37.35500", "2005-12-31": "36.76300", "2005-09-30": "36.70700", "2005-06-30": "36.64700", "2005-03-31": "36.59800"}, "Shares Outstanding": {"2020-09-30": "93.30000", "2020-06-30": "98.20000", "2020-03-31": "97.00000", "2019-12-31": "95.73200", "2019-09-30": "96.10000", "2019-06-30": "94.80000", "2019-03-31": "91.10000", "2018-12-31": "95.38600", "2018-09-30": "96.79800", "2018-06-30": "90.10000", "2018-03-31": "89.52600", "2017-12-31": "88.08900", "2017-09-30": "88.32500", "2017-06-30": "88.06300", "2017-03-31": "87.28300", "2016-12-31": "86.71300", "2016-09-30": "86.78400", "2016-06-30": "86.69400", "2016-03-31": "86.49700", "2015-12-31": "84.49600", "2015-09-30": "85.85600", "2015-06-30": "85.51800", "2015-03-31": "80.34900", "2014-12-31": "74.57700", "2014-09-30": "75.94800", "2014-06-30": "75.87900", "2014-03-31": "70.26000", "2013-12-31": "66.98900", "2013-09-30": "67.19900", "2013-06-30": "66.79900", "2013-03-31": "66.60000", "2012-12-31": "66.94600", "2012-09-30": "66.34200", "2012-06-30": "66.30900", "2012-03-31": "63.40900", "2011-12-31": "56.34700", "2011-09-30": "56.37800", "2011-06-30": "56.43400", "2011-03-31": "56.11400", "2010-12-31": "52.82000", "2010-09-30": "55.64800", "2010-06-30": "54.83600", "2010-03-31": "46.61800", "2009-12-31": "39.13700", "2009-09-30": "39.09600", "2009-06-30": "39.04600", "2009-03-31": "38.66900", "2008-12-31": "38.44900", "2008-09-30": "38.44600", "2008-06-30": "38.42100", "2008-03-31": "38.33000", "2007-12-31": "38.00900", "2007-09-30": "37.99000", "2007-06-30": "37.96900", "2007-03-31": "37.90800", "2006-12-31": "37.72200", "2006-09-30": "37.86800", "2006-06-30": "37.76400", "2006-03-31": "37.35500", "2005-12-31": "36.76300", "2005-09-30": "38.40600", "2005-06-30": "36.64700", "2005-03-31": "36.59800"}, "Basic EPS": {"2020-09-30": "-0.62000", "2020-06-30": "0.86000", "2020-03-31": "0.40000", "2019-12-31": "0.37000", "2019-09-30": "0.59000", "2019-06-30": "0.56000", "2019-03-31": "-1.12000", "2018-12-31": "0.21000", "2018-09-30": "0.56000", "2018-06-30": "-0.07000", "2018-03-31": "-0.47000", "2017-12-31": "0.09000", "2017-09-30": "-0.13000", "2017-06-30": "-0.68000", "2017-03-31": "-0.90000", "2016-12-31": "-0.52000", "2016-09-30": "-0.43000", "2016-06-30": "-0.46000", "2016-03-31": "-0.22000", "2015-12-31": "-0.36000", "2015-09-30": "-0.40000", "2015-06-30": "-0.28000", "2015-03-31": "-0.01000", "2014-12-31": "-0.25000", "2014-09-30": "-0.21000", "2014-06-30": "-0.18000", "2014-03-31": "-0.17000", "2013-12-31": "-0.16000", "2013-09-30": "-0.17000", "2013-06-30": "-0.18000", "2013-03-31": "-0.18000", "2012-12-31": "0.15000", "2012-09-30": "-0.05000", "2012-06-30": "-0.01000", "2012-03-31": "-0.01000", "2011-12-31": "0.02000", "2011-09-30": "0.57000", "2011-06-30": "0.04000", "2011-03-31": "0.05000", "2010-12-31": "0.07000", "2010-09-30": "0.06000", "2010-06-30": "-0.09000", "2010-03-31": "-0.19000", "2009-12-31": "-0.19000", "2009-09-30": "-0.21000", "2009-06-30": "-0.39000", "2009-03-31": "-0.51000", "2008-12-31": "-0.74000", "2008-09-30": "-0.46000", "2008-06-30": "-0.55000", "2008-03-31": "-0.55000", "2007-12-31": "-3.36000", "2007-09-30": "-0.72000", "2007-06-30": "-0.69000", "2007-03-31": "-0.68000", "2006-12-31": "-0.39000", "2006-09-30": "-1.03000", "2006-06-30": "-0.73000", "2006-03-31": "-0.69000", "2005-12-31": "-0.65000", "2005-09-30": "0.71000", "2005-06-30": "-0.15000", "2005-03-31": "-0.51000"}, "EPS - Earnings Per Share": {"2020-09-30": "-0.62000", "2020-06-30": "0.81000", "2020-03-31": "0.39000", "2019-12-31": "0.41000", "2019-09-30": "0.56000", "2019-06-30": "0.54000", "2019-03-31": "-1.12000", "2018-12-31": "0.24000", "2018-09-30": "0.52000", "2018-06-30": "-0.07000", "2018-03-31": "-0.47000", "2017-12-31": "0.09000", "2017-09-30": "-0.13000", "2017-06-30": "-0.68000", "2017-03-31": "-0.90000", "2016-12-31": "-0.52000", "2016-09-30": "-0.43000", "2016-06-30": "-0.46000", "2016-03-31": "-0.22000", "2015-12-31": "-0.36000", "2015-09-30": "-0.40000", "2015-06-30": "-0.28000", "2015-03-31": "-0.01000", "2014-12-31": "-0.25000", "2014-09-30": "-0.21000", "2014-06-30": "-0.18000", "2014-03-31": "-0.17000", "2013-12-31": "-0.16000", "2013-09-30": "-0.17000", "2013-06-30": "-0.18000", "2013-03-31": "-0.18000", "2012-12-31": "0.15000", "2012-09-30": "-0.05000", "2012-06-30": "-0.01000", "2012-03-31": "-0.01000", "2011-12-31": "0.02000", "2011-09-30": "0.56000", "2011-06-30": "0.04000", "2011-03-31": "0.05000", "2010-12-31": "0.07000", "2010-09-30": "0.06000", "2010-06-30": "-0.09000", "2010-03-31": "-0.19000", "2009-12-31": "-0.19000", "2009-09-30": "-0.21000", "2009-06-30": "-0.39000", "2009-03-31": "-0.51000", "2008-12-31": "-0.74000", "2008-09-30": "-0.46000", "2008-06-30": "-0.55000", "2008-03-31": "-0.55000", "2007-12-31": "-3.36000", "2007-09-30": "-0.72000", "2007-06-30": "-0.69000", "2007-03-31": "-0.68000", "2006-12-31": "-0.39000", "2006-09-30": "-1.03000", "2006-06-30": "-0.73000", "2006-03-31": "-0.69000", "2005-12-31": "-0.62000", "2005-09-30": "0.68000", "2005-06-30": "-0.15000", "2005-03-31": "-0.51000"}}, "balance sheet": {"Cash On Hand": {"2019-12-31": "670.52400", "2018-12-31": "650.91300", "2017-12-31": "515.92900", "2016-12-31": "307.35000", "2015-12-31": "379.19100", "2014-12-31": "193.80900", "2013-12-31": "145.73900", "2012-12-31": "173.01300", "2011-12-31": "129.10300", "2010-12-31": "126.86500", "2009-12-31": "53.46400", "2008-12-31": "80.47300", "2007-12-31": "179.38500", "2006-12-31": "182.60400", "2005-12-31": "273.06800"}, "Receivables": {"2019-12-31": "126.57500", "2018-12-31": "57.40600", "2017-12-31": "31.12700", "2016-12-31": "", "2015-12-31": "", "2014-12-31": "", "2013-12-31": "", "2012-12-31": "14.08900", "2011-12-31": "1.90300", "2010-12-31": "4.47000", "2009-12-31": "", "2008-12-31": "0.03900", "2007-12-31": "0.02700", "2006-12-31": "7.19100", "2005-12-31": "0.85800"}, "Inventory": {"2019-12-31": "17.28800", "2018-12-31": "10.86400", "2017-12-31": "1.02400", "2016-12-31": "", "2015-12-31": "", "2014-12-31": "", "2013-12-31": "", "2012-12-31": "", "2011-12-31": "", "2010-12-31": "", "2009-12-31": "", "2008-12-31": "", "2007-12-31": "", "2006-12-31": "", "2005-12-31": ""}, "Pre-Paid Expenses": {"2019-12-31": "", "2018-12-31": "", "2017-12-31": "", "2016-12-31": "", "2015-12-31": "", "2014-12-31": "", "2013-12-31": "", "2012-12-31": "", "2011-12-31": "", "2010-12-31": "", "2009-12-31": "", "2008-12-31": "", "2007-12-31": "", "2006-12-31": "", "2005-12-31": ""}, "Other Current Assets": {"2019-12-31": "16.64700", "2018-12-31": "18.59400", "2017-12-31": "6.83900", "2016-12-31": "3.09200", "2015-12-31": "4.88300", "2014-12-31": "4.39400", "2013-12-31": "2.72300", "2012-12-31": "2.16200", "2011-12-31": "1.47000", "2010-12-31": "1.71600", "2009-12-31": "1.92300", "2008-12-31": "0.91100", "2007-12-31": "3.53600", "2006-12-31": "3.86300", "2005-12-31": "5.38400"}, "Total Current Assets": {"2019-12-31": "831.03400", "2018-12-31": "737.77700", "2017-12-31": "554.91900", "2016-12-31": "310.44200", "2015-12-31": "384.07400", "2014-12-31": "198.20300", "2013-12-31": "148.46200", "2012-12-31": "189.26400", "2011-12-31": "132.47600", "2010-12-31": "133.05100", "2009-12-31": "55.38700", "2008-12-31": "81.42300", "2007-12-31": "182.94800", "2006-12-31": "193.65800", "2005-12-31": "279.31000"}, "Property, Plant, And Equipment": {"2019-12-31": "41.91400", "2018-12-31": "33.86900", "2017-12-31": "10.81100", "2016-12-31": "6.27100", "2015-12-31": "3.43200", "2014-12-31": "2.50700", "2013-12-31": "1.77100", "2012-12-31": "1.90000", "2011-12-31": "1.58600", "2010-12-31": "1.53200", "2009-12-31": "2.69500", "2008-12-31": "6.19100", "2007-12-31": "82.59800", "2006-12-31": "91.37800", "2005-12-31": "99.30700"}, "Long-Term Investments": {"2019-12-31": "299.65400", "2018-12-31": "216.02800", "2017-12-31": "247.36100", "2016-12-31": "43.49000", "2015-12-31": "82.48800", "2014-12-31": "37.49200", "2013-12-31": "", "2012-12-31": "0.48000", "2011-12-31": "", "2010-12-31": "3.73900", "2009-12-31": "6.41100", "2008-12-31": "21.05700", "2007-12-31": "", "2006-12-31": "", "2005-12-31": ""}, "Goodwill And Intangible Assets": {"2019-12-31": "", "2018-12-31": "", "2017-12-31": "", "2016-12-31": "", "2015-12-31": "", "2014-12-31": "", "2013-12-31": "", "2012-12-31": "", "2011-12-31": "", "2010-12-31": "", "2009-12-31": "", "2008-12-31": "", "2007-12-31": "", "2006-12-31": "", "2005-12-31": ""}, "Other Long-Term Assets": {"2019-12-31": "59.07400", "2018-12-31": "5.47700", "2017-12-31": "4.50000", "2016-12-31": "4.88300", "2015-12-31": "4.79100", "2014-12-31": "4.83100", "2013-12-31": "4.44300", "2012-12-31": "4.33500", "2011-12-31": "4.30600", "2010-12-31": "6.10200", "2009-12-31": "6.32500", "2008-12-31": "9.51100", "2007-12-31": "11.10800", "2006-12-31": "104.64100", "2005-12-31": "104.50600"}, "Total Long-Term Assets": {"2019-12-31": "475.00600", "2018-12-31": "255.37400", "2017-12-31": "262.67200", "2016-12-31": "54.64400", "2015-12-31": "90.71100", "2014-12-31": "44.83000", "2013-12-31": "6.21400", "2012-12-31": "6.71500", "2011-12-31": "5.89200", "2010-12-31": "11.37300", "2009-12-31": "15.43100", "2008-12-31": "36.75900", "2007-12-31": "93.70600", "2006-12-31": "196.01900", "2005-12-31": "203.81300"}, "Total Assets": {"2019-12-31": "1306.04000", "2018-12-31": "993.15100", "2017-12-31": "817.59100", "2016-12-31": "365.08600", "2015-12-31": "474.78500", "2014-12-31": "243.03300", "2013-12-31": "154.67600", "2012-12-31": "195.97900", "2011-12-31": "138.36800", "2010-12-31": "144.42400", "2009-12-31": "70.81800", "2008-12-31": "118.18200", "2007-12-31": "276.65400", "2006-12-31": "389.67700", "2005-12-31": "483.12300"}, "Total Current Liabilities": {"2019-12-31": "565.28700", "2018-12-31": "88.23300", "2017-12-31": "54.42600", "2016-12-31": "30.41400", "2015-12-31": "25.71500", "2014-12-31": "15.66400", "2013-12-31": "11.69900", "2012-12-31": "15.64600", "2011-12-31": "47.11000", "2010-12-31": "52.77700", "2009-12-31": "19.96100", "2008-12-31": "26.09400", "2007-12-31": "29.90700", "2006-12-31": "20.11600", "2005-12-31": "33.69300"}, "Long Term Debt": {"2019-12-31": "", "2018-12-31": "388.49600", "2017-12-31": "369.61800", "2016-12-31": "0.61700", "2015-12-31": "1.55500", "2014-12-31": "2.21100", "2013-12-31": "2.68000", "2012-12-31": "3.09700", "2011-12-31": "2.32800", "2010-12-31": "6.58000", "2009-12-31": "7.24100", "2008-12-31": "7.52700", "2007-12-31": "108.74500", "2006-12-31": "49.15200", "2005-12-31": "53.59000"}, "Other Non-Current Liabilities": {"2019-12-31": "17.07400", "2018-12-31": "35.65700", "2017-12-31": "3.13500", "2016-12-31": "1.57500", "2015-12-31": "1.93200", "2014-12-31": "2.13700", "2013-12-31": "2.24200", "2012-12-31": "1.99200", "2011-12-31": "1.92500", "2010-12-31": "1.51400", "2009-12-31": "0.90600", "2008-12-31": "3.24400", "2007-12-31": "4.71000", "2006-12-31": "5.69300", "2005-12-31": "5.73600"}, "Total Long Term Liabilities": {"2019-12-31": "103.83000", "2018-12-31": "424.15300", "2017-12-31": "391.02700", "2016-12-31": "19.79500", "2015-12-31": "24.61600", "2014-12-31": "18.67000", "2013-12-31": "22.56700", "2012-12-31": "25.96100", "2011-12-31": "31.17700", "2010-12-31": "72.30200", "2009-12-31": "46.90300", "2008-12-31": "55.31400", "2007-12-31": "128.05000", "2006-12-31": "54.84500", "2005-12-31": "59.32600"}, "Total Liabilities": {"2019-12-31": "669.11700", "2018-12-31": "512.38600", "2017-12-31": "445.45300", "2016-12-31": "50.20900", "2015-12-31": "50.33100", "2014-12-31": "34.33400", "2013-12-31": "34.26600", "2012-12-31": "41.60700", "2011-12-31": "78.28700", "2010-12-31": "125.07900", "2009-12-31": "66.86400", "2008-12-31": "81.40800", "2007-12-31": "157.95700", "2006-12-31": "74.96100", "2005-12-31": "93.01900"}, "Common Stock Net": {"2019-12-31": "0.09200", "2018-12-31": "0.09100", "2017-12-31": "0.08900", "2016-12-31": "0.08700", "2015-12-31": "0.08600", "2014-12-31": "0.07600", "2013-12-31": "0.06700", "2012-12-31": "0.06600", "2011-12-31": "0.05500", "2010-12-31": "0.05500", "2009-12-31": "0.04400", "2008-12-31": "0.03900", "2007-12-31": "0.03800", "2006-12-31": "0.03800", "2005-12-31": "0.03700"}, "Retained Earnings (Accumulated Deficit)": {"2019-12-31": "-1132.70000", "2018-12-31": "-1177.75500", "2017-12-31": "-1198.86600", "2016-12-31": "-1056.32400", "2015-12-31": "-915.23400", "2014-12-31": "-826.30500", "2013-12-31": "-765.76300", "2012-12-31": "-719.67300", "2011-12-31": "-724.69800", "2010-12-31": "-762.26900", "2009-12-31": "-754.30100", "2008-12-31": "-703.26300", "2007-12-31": "-614.65000", "2006-12-31": "-407.35100", "2005-12-31": "-300.14600"}, "Comprehensive Income": {"2019-12-31": "1.41300", "2018-12-31": "-1.93200", "2017-12-31": "-1.85000", "2016-12-31": "-0.31800", "2015-12-31": "-0.97700", "2014-12-31": "-0.27700", "2013-12-31": "0.00500", "2012-12-31": "-0.00200", "2011-12-31": "-0.08700", "2010-12-31": "-0.04800", "2009-12-31": "1.20900", "2008-12-31": "-1.57000", "2007-12-31": "-0.23300", "2006-12-31": "0.09900", "2005-12-31": "-1.50400"}, "Other Share Holders Equity": {"2019-12-31": "", "2018-12-31": "", "2017-12-31": "", "2016-12-31": "", "2015-12-31": "", "2014-12-31": "", "2013-12-31": "", "2012-12-31": "", "2011-12-31": "", "2010-12-31": "", "2009-12-31": "", "2008-12-31": "", "2007-12-31": "", "2006-12-31": "", "2005-12-31": ""}, "Share Holder Equity": {"2019-12-31": "636.92300", "2018-12-31": "480.76500", "2017-12-31": "372.13800", "2016-12-31": "314.87700", "2015-12-31": "424.45400", "2014-12-31": "208.69900", "2013-12-31": "120.41000", "2012-12-31": "154.37200", "2011-12-31": "60.08100", "2010-12-31": "19.34500", "2009-12-31": "3.95400", "2008-12-31": "36.77400", "2007-12-31": "118.69700", "2006-12-31": "314.71600", "2005-12-31": "390.10400"}, "Total Liabilities And Share Holders Equity": {"2019-12-31": "1306.04000", "2018-12-31": "993.15100", "2017-12-31": "817.59100", "2016-12-31": "365.08600", "2015-12-31": "474.78500", "2014-12-31": "243.03300", "2013-12-31": "154.67600", "2012-12-31": "195.97900", "2011-12-31": "138.36800", "2010-12-31": "144.42400", "2009-12-31": "70.81800", "2008-12-31": "118.18200", "2007-12-31": "276.65400", "2006-12-31": "389.67700", "2005-12-31": "483.12300"}}, "balance sheet, quarterly": {"Cash On Hand": {"2020-09-30": "944.70000", "2020-06-30": "948.30000", "2020-03-31": "771.70000", "2019-12-31": "670.50000", "2019-09-30": "670.16200", "2019-06-30": "619.97800", "2019-03-31": "524.06800", "2018-12-31": "650.91300", "2018-09-30": "635.34300", "2018-06-30": "508.74000", "2018-03-31": "460.47900", "2017-12-31": "515.92900", "2017-09-30": "511.01800", "2017-06-30": "525.02000", "2017-03-31": "235.58000", "2016-12-31": "307.35000", "2016-09-30": "353.04200", "2016-06-30": "387.39800", "2016-03-31": "381.52400", "2015-12-31": "379.19100", "2015-09-30": "376.84500", "2015-06-30": "384.72000", "2015-03-31": "370.00700", "2014-12-31": "193.80900", "2014-09-30": "179.67400", "2014-06-30": "194.65600", "2014-03-31": "219.86200", "2013-12-31": "145.73900", "2013-09-30": "156.91100", "2013-06-30": "153.69600", "2013-03-31": "158.23400", "2012-12-31": "173.01300", "2012-09-30": "173.96100", "2012-06-30": "177.54000", "2012-03-31": "181.08600", "2011-12-31": "129.10300", "2011-09-30": "111.63100", "2011-06-30": "115.16000", "2011-03-31": "121.63900", "2010-12-31": "126.86500", "2010-09-30": "124.97100", "2010-06-30": "131.38800", "2010-03-31": "66.19900", "2009-12-31": "53.46400", "2009-09-30": "57.11800", "2009-06-30": "52.76700", "2009-03-31": "66.37500", "2008-12-31": "80.47300", "2008-09-30": "96.94900", "2008-06-30": "111.90100", "2008-03-31": "149.74500", "2007-12-31": "179.38500", "2007-09-30": "124.83300", "2007-06-30": "147.29700", "2007-03-31": "166.79100", "2006-12-31": "182.60400", "2006-09-30": "199.77800", "2006-06-30": "234.31900", "2006-03-31": "264.48900", "2005-12-31": "273.06800", "2005-09-30": "290.83800", "2005-06-30": "243.26800", "2005-03-31": "270.90700"}, "Receivables": {"2020-09-30": "156.90000", "2020-06-30": "148.40000", "2020-03-31": "148.60000", "2019-12-31": "126.60000", "2019-09-30": "115.31800", "2019-06-30": "95.35700", "2019-03-31": "71.96400", "2018-12-31": "57.40600", "2018-09-30": "54.09700", "2018-06-30": "42.64600", "2018-03-31": "44.62400", "2017-12-31": "31.12700", "2017-09-30": "29.81800", "2017-06-30": "6.07400", "2017-03-31": "", "2016-12-31": "", "2016-09-30": "", "2016-06-30": "", "2016-03-31": "15.08300", "2015-12-31": "", "2015-09-30": "", "2015-06-30": "", "2015-03-31": "30.03000", "2014-12-31": "", "2014-09-30": "", "2014-06-30": "2.91900", "2014-03-31": "1.87300", "2013-12-31": "", "2013-09-30": "0.07500", "2013-06-30": "0.03800", "2013-03-31": "0.00800", "2012-12-31": "14.08900", "2012-09-30": "1.36900", "2012-06-30": "1.53900", "2012-03-31": "1.80900", "2011-12-31": "1.90300", "2011-09-30": "22.39700", "2011-06-30": "2.91200", "2011-03-31": "3.28100", "2010-12-31": "4.47000", "2010-09-30": "5.21900", "2010-06-30": "11.28000", "2010-03-31": "", "2009-12-31": "", "2009-09-30": "0.01200", "2009-06-30": "0.00300", "2009-03-31": "0.01000", "2008-12-31": "0.03900", "2008-09-30": "0.16300", "2008-06-30": "0.00200", "2008-03-31": "0.01200", "2007-12-31": "0.02700", "2007-09-30": "0.01800", "2007-06-30": "0.03500", "2007-03-31": "0.27400", "2006-12-31": "7.19100", "2006-09-30": "0.43100", "2006-06-30": "0.40600", "2006-03-31": "5.93000", "2005-12-31": "0.85800", "2005-09-30": "1.53800", "2005-06-30": "22.83200", "2005-03-31": "4.22800"}, "Inventory": {"2020-09-30": "20.60000", "2020-06-30": "22.00000", "2020-03-31": "21.20000", "2019-12-31": "17.30000", "2019-09-30": "10.79800", "2019-06-30": "12.01800", "2019-03-31": "13.01000", "2018-12-31": "10.86400", "2018-09-30": "6.05400", "2018-06-30": "", "2018-03-31": "", "2017-12-31": "1.02400", "2017-09-30": "0.24200", "2017-06-30": "0.12800", "2017-03-31": "", "2016-12-31": "", "2016-09-30": "", "2016-06-30": "", "2016-03-31": "", "2015-12-31": "", "2015-09-30": "", "2015-06-30": "", "2015-03-31": "", "2014-12-31": "", "2014-09-30": "", "2014-06-30": "", "2014-03-31": "", "2013-12-31": "", "2013-09-30": "", "2013-06-30": "", "2013-03-31": "", "2012-12-31": "", "2012-09-30": "", "2012-06-30": "", "2012-03-31": "", "2011-12-31": "", "2011-09-30": "", "2011-06-30": "", "2011-03-31": "", "2010-12-31": "", "2010-09-30": "", "2010-06-30": "", "2010-03-31": "", "2009-12-31": "", "2009-09-30": "", "2009-06-30": "", "2009-03-31": "", "2008-12-31": "", "2008-09-30": "", "2008-06-30": "", "2008-03-31": "", "2007-12-31": "", "2007-09-30": "", "2007-06-30": "", "2007-03-31": "", "2006-12-31": "", "2006-09-30": "", "2006-06-30": "", "2006-03-31": "", "2005-12-31": "", "2005-09-30": "", "2005-06-30": "", "2005-03-31": ""}, "Pre-Paid Expenses": {"2020-09-30": "", "2020-06-30": "", "2020-03-31": "", "2019-12-31": "", "2019-09-30": "", "2019-06-30": "", "2019-03-31": "", "2018-12-31": "", "2018-09-30": "", "2018-06-30": "", "2018-03-31": "", "2017-12-31": "", "2017-09-30": "", "2017-06-30": "", "2017-03-31": "", "2016-12-31": "", "2016-09-30": "", "2016-06-30": "", "2016-03-31": "", "2015-12-31": "", "2015-09-30": "", "2015-06-30": "", "2015-03-31": "", "2014-12-31": "", "2014-09-30": "", "2014-06-30": "", "2014-03-31": "", "2013-12-31": "", "2013-09-30": "", "2013-06-30": "", "2013-03-31": "", "2012-12-31": "", "2012-09-30": "", "2012-06-30": "", "2012-03-31": "", "2011-12-31": "", "2011-09-30": "", "2011-06-30": "", "2011-03-31": "", "2010-12-31": "", "2010-09-30": "", "2010-06-30": "", "2010-03-31": "", "2009-12-31": "", "2009-09-30": "", "2009-06-30": "", "2009-03-31": "", "2008-12-31": "", "2008-09-30": "", "2008-06-30": "", "2008-03-31": "", "2007-12-31": "", "2007-09-30": "", "2007-06-30": "", "2007-03-31": "", "2006-12-31": "", "2006-09-30": "", "2006-06-30": "", "2006-03-31": "", "2005-12-31": "", "2005-09-30": "", "2005-06-30": "", "2005-03-31": ""}, "Other Current Assets": {"2020-09-30": "34.70000", "2020-06-30": "27.50000", "2020-03-31": "26.70000", "2019-12-31": "16.60000", "2019-09-30": "22.95400", "2019-06-30": "21.45500", "2019-03-31": "24.15000", "2018-12-31": "18.59400", "2018-09-30": "18.90000", "2018-06-30": "16.29100", "2018-03-31": "8.61300", "2017-12-31": "6.83900", "2017-09-30": "7.40700", "2017-06-30": "5.52900", "2017-03-31": "3.87100", "2016-12-31": "3.09200", "2016-09-30": "4.84900", "2016-06-30": "4.56800", "2016-03-31": "4.37700", "2015-12-31": "4.88300", "2015-09-30": "5.94000", "2015-06-30": "4.69600", "2015-03-31": "4.91600", "2014-12-31": "4.39400", "2014-09-30": "4.19400", "2014-06-30": "", "2014-03-31": "", "2013-12-31": "2.72300", "2013-09-30": "2.23200", "2013-06-30": "2.11900", "2013-03-31": "2.15300", "2012-12-31": "2.16200", "2012-09-30": "2.68800", "2012-06-30": "2.17900", "2012-03-31": "2.07900", "2011-12-31": "1.47000", "2011-09-30": "2.09800", "2011-06-30": "1.96600", "2011-03-31": "1.66400", "2010-12-31": "1.71600", "2010-09-30": "1.40200", "2010-06-30": "1.09300", "2010-03-31": "2.13300", "2009-12-31": "1.92300", "2009-09-30": "1.06000", "2009-06-30": "1.01400", "2009-03-31": "0.81900", "2008-12-31": "0.91100", "2008-09-30": "1.69800", "2008-06-30": "1.72600", "2008-03-31": "2.44600", "2007-12-31": "3.53600", "2007-09-30": "3.32900", "2007-06-30": "3.26300", "2007-03-31": "3.24800", "2006-12-31": "3.86300", "2006-09-30": "4.57100", "2006-06-30": "5.90200", "2006-03-31": "4.30300", "2005-12-31": "5.38400", "2005-09-30": "5.25200", "2005-06-30": "5.42500", "2005-03-31": "5.89900"}, "Total Current Assets": {"2020-09-30": "1156.90000", "2020-06-30": "1146.20000", "2020-03-31": "968.20000", "2019-12-31": "831.00000", "2019-09-30": "819.23200", "2019-06-30": "748.80800", "2019-03-31": "633.19200", "2018-12-31": "737.77700", "2018-09-30": "714.39400", "2018-06-30": "567.67700", "2018-03-31": "513.71600", "2017-12-31": "554.91900", "2017-09-30": "548.48500", "2017-06-30": "536.75100", "2017-03-31": "239.45100", "2016-12-31": "310.44200", "2016-09-30": "357.89100", "2016-06-30": "391.96600", "2016-03-31": "400.98400", "2015-12-31": "384.07400", "2015-09-30": "382.78500", "2015-06-30": "389.41600", "2015-03-31": "404.95300", "2014-12-31": "198.20300", "2014-09-30": "183.86800", "2014-06-30": "197.57500", "2014-03-31": "221.73500", "2013-12-31": "148.46200", "2013-09-30": "159.21800", "2013-06-30": "155.85300", "2013-03-31": "160.39500", "2012-12-31": "189.26400", "2012-09-30": "178.01800", "2012-06-30": "181.25800", "2012-03-31": "184.97400", "2011-12-31": "132.47600", "2011-09-30": "136.12600", "2011-06-30": "120.03800", "2011-03-31": "126.58400", "2010-12-31": "133.05100", "2010-09-30": "131.59200", "2010-06-30": "143.76100", "2010-03-31": "68.33200", "2009-12-31": "55.38700", "2009-09-30": "58.19000", "2009-06-30": "53.78400", "2009-03-31": "67.20400", "2008-12-31": "81.42300", "2008-09-30": "98.81000", "2008-06-30": "113.62900", "2008-03-31": "152.20300", "2007-12-31": "182.94800", "2007-09-30": "128.18000", "2007-06-30": "150.59500", "2007-03-31": "170.31300", "2006-12-31": "193.65800", "2006-09-30": "204.78000", "2006-06-30": "240.62700", "2006-03-31": "274.72200", "2005-12-31": "279.31000", "2005-09-30": "297.62800", "2005-06-30": "271.52500", "2005-03-31": "281.03400"}, "Property, Plant, And Equipment": {"2020-09-30": "43.00000", "2020-06-30": "44.60000", "2020-03-31": "41.90000", "2019-12-31": "41.90000", "2019-09-30": "40.30200", "2019-06-30": "39.62300", "2019-03-31": "36.66100", "2018-12-31": "33.86900", "2018-09-30": "28.61800", "2018-06-30": "18.77500", "2018-03-31": "11.82500", "2017-12-31": "10.81100", "2017-09-30": "9.14000", "2017-06-30": "6.95400", "2017-03-31": "7.14400", "2016-12-31": "6.27100", "2016-09-30": "6.18000", "2016-06-30": "5.81100", "2016-03-31": "3.89700", "2015-12-31": "3.43200", "2015-09-30": "2.87400", "2015-06-30": "2.80200", "2015-03-31": "2.54300", "2014-12-31": "2.50700", "2014-09-30": "2.29200", "2014-06-30": "2.23900", "2014-03-31": "1.79800", "2013-12-31": "1.77100", "2013-09-30": "1.73900", "2013-06-30": "1.87600", "2013-03-31": "1.78400", "2012-12-31": "1.90000", "2012-09-30": "2.03400", "2012-06-30": "1.86100", "2012-03-31": "1.83700", "2011-12-31": "1.58600", "2011-09-30": "1.68700", "2011-06-30": "1.26300", "2011-03-31": "1.30900", "2010-12-31": "1.53200", "2010-09-30": "1.82700", "2010-06-30": "2.08500", "2010-03-31": "2.23600", "2009-12-31": "2.69500", "2009-09-30": "3.39500", "2009-06-30": "4.18300", "2009-03-31": "5.07500", "2008-12-31": "6.19100", "2008-09-30": "77.30900", "2008-06-30": "79.43400", "2008-03-31": "80.67200", "2007-12-31": "82.59800", "2007-09-30": "84.63100", "2007-06-30": "86.52400", "2007-03-31": "88.88200", "2006-12-31": "91.37800", "2006-09-30": "93.86800", "2006-06-30": "96.69300", "2006-03-31": "97.36300", "2005-12-31": "99.30700", "2005-09-30": "98.93700", "2005-06-30": "99.81100", "2005-03-31": "101.23800"}, "Long-Term Investments": {"2020-09-30": "225.10000", "2020-06-30": "245.90000", "2020-03-31": "275.30000", "2019-12-31": "355.60000", "2019-09-30": "253.70800", "2019-06-30": "223.86800", "2019-03-31": "233.08900", "2018-12-31": "216.02800", "2018-09-30": "185.25700", "2018-06-30": "249.38800", "2018-03-31": "276.31900", "2017-12-31": "247.36100", "2017-09-30": "210.25800", "2017-06-30": "205.76800", "2017-03-31": "37.68600", "2016-12-31": "43.49000", "2016-09-30": "30.20700", "2016-06-30": "27.17800", "2016-03-31": "49.46000", "2015-12-31": "82.48800", "2015-09-30": "101.98600", "2015-06-30": "114.17200", "2015-03-31": "115.45200", "2014-12-31": "37.49200", "2014-09-30": "67.14800", "2014-06-30": "65.28200", "2014-03-31": "51.32000", "2013-12-31": "", "2013-09-30": "0.67500", "2013-06-30": "12.74900", "2013-03-31": "17.41000", "2012-12-31": "0.48000", "2012-09-30": "8.86500", "2012-06-30": "14.63400", "2012-03-31": "19.02400", "2011-12-31": "", "2011-09-30": "5.08700", "2011-06-30": "", "2011-03-31": "", "2010-12-31": "3.73900", "2010-09-30": "10.18100", "2010-06-30": "2.86900", "2010-03-31": "2.98800", "2009-12-31": "6.41100", "2009-09-30": "6.60200", "2009-06-30": "21.24200", "2009-03-31": "19.60900", "2008-12-31": "21.05700", "2008-09-30": "21.25500", "2008-06-30": "21.59300", "2008-03-31": "", "2007-12-31": "", "2007-09-30": "", "2007-06-30": "", "2007-03-31": "", "2006-12-31": "", "2006-09-30": "", "2006-06-30": "", "2006-03-31": "", "2005-12-31": "", "2005-09-30": "", "2005-06-30": "", "2005-03-31": ""}, "Goodwill And Intangible Assets": {"2020-09-30": "", "2020-06-30": "", "2020-03-31": "", "2019-12-31": "", "2019-09-30": "", "2019-06-30": "", "2019-03-31": "", "2018-12-31": "", "2018-09-30": "", "2018-06-30": "", "2018-03-31": "", "2017-12-31": "", "2017-09-30": "", "2017-06-30": "", "2017-03-31": "", "2016-12-31": "", "2016-09-30": "", "2016-06-30": "", "2016-03-31": "", "2015-12-31": "", "2015-09-30": "", "2015-06-30": "", "2015-03-31": "", "2014-12-31": "", "2014-09-30": "", "2014-06-30": "", "2014-03-31": "", "2013-12-31": "", "2013-09-30": "", "2013-06-30": "", "2013-03-31": "", "2012-12-31": "", "2012-09-30": "", "2012-06-30": "", "2012-03-31": "", "2011-12-31": "", "2011-09-30": "", "2011-06-30": "", "2011-03-31": "", "2010-12-31": "", "2010-09-30": "", "2010-06-30": "", "2010-03-31": "", "2009-12-31": "", "2009-09-30": "", "2009-06-30": "", "2009-03-31": "", "2008-12-31": "", "2008-09-30": "", "2008-06-30": "", "2008-03-31": "", "2007-12-31": "", "2007-09-30": "", "2007-06-30": "", "2007-03-31": "", "2006-12-31": "", "2006-09-30": "", "2006-06-30": "", "2006-03-31": "", "2005-12-31": "", "2005-09-30": "", "2005-06-30": "", "2005-03-31": ""}, "Other Long-Term Assets": {"2020-09-30": "6.60000", "2020-06-30": "6.80000", "2020-03-31": "3.20000", "2019-12-31": "3.20000", "2019-09-30": "4.70600", "2019-06-30": "5.47700", "2019-03-31": "5.47700", "2018-12-31": "5.47700", "2018-09-30": "5.47700", "2018-06-30": "5.47700", "2018-03-31": "4.50000", "2017-12-31": "4.50000", "2017-09-30": "4.61300", "2017-06-30": "4.61300", "2017-03-31": "5.08300", "2016-12-31": "4.88300", "2016-09-30": "4.88300", "2016-06-30": "4.88300", "2016-03-31": "4.99100", "2015-12-31": "4.79100", "2015-09-30": "4.79100", "2015-06-30": "4.81500", "2015-03-31": "4.83100", "2014-12-31": "4.83100", "2014-09-30": "4.44300", "2014-06-30": "4.44300", "2014-03-31": "4.44300", "2013-12-31": "4.44300", "2013-09-30": "4.33500", "2013-06-30": "4.33500", "2013-03-31": "4.33500", "2012-12-31": "4.33500", "2012-09-30": "4.33400", "2012-06-30": "4.33400", "2012-03-31": "4.30600", "2011-12-31": "4.30600", "2011-09-30": "6.12800", "2011-06-30": "6.10400", "2011-03-31": "6.10400", "2010-12-31": "6.10200", "2010-09-30": "6.33300", "2010-06-30": "6.32900", "2010-03-31": "6.32700", "2009-12-31": "6.32500", "2009-09-30": "7.72100", "2009-06-30": "7.66000", "2009-03-31": "9.14000", "2008-12-31": "9.51100", "2008-09-30": "10.35900", "2008-06-30": "11.01400", "2008-03-31": "11.00900", "2007-12-31": "11.10800", "2007-09-30": "104.68700", "2007-06-30": "104.74500", "2007-03-31": "104.52000", "2006-12-31": "104.64100", "2006-09-30": "105.48300", "2006-06-30": "105.22300", "2006-03-31": "105.31800", "2005-12-31": "104.50600", "2005-09-30": "104.40400", "2005-06-30": "104.17600", "2005-03-31": "104.09600"}, "Total Long-Term Assets": {"2020-09-30": "345.70000", "2020-06-30": "369.40000", "2020-03-31": "393.70000", "2019-12-31": "475.00000", "2019-09-30": "360.70300", "2019-06-30": "318.05300", "2019-03-31": "324.53100", "2018-12-31": "255.37400", "2018-09-30": "219.35200", "2018-06-30": "273.64000", "2018-03-31": "292.64400", "2017-12-31": "262.67200", "2017-09-30": "224.01100", "2017-06-30": "217.33500", "2017-03-31": "49.91300", "2016-12-31": "54.64400", "2016-09-30": "41.27000", "2016-06-30": "37.87200", "2016-03-31": "58.34800", "2015-12-31": "90.71100", "2015-09-30": "109.65100", "2015-06-30": "121.78900", "2015-03-31": "122.82600", "2014-12-31": "44.83000", "2014-09-30": "73.88300", "2014-06-30": "71.96400", "2014-03-31": "57.56100", "2013-12-31": "6.21400", "2013-09-30": "6.74900", "2013-06-30": "18.96000", "2013-03-31": "23.52900", "2012-12-31": "6.71500", "2012-09-30": "15.23300", "2012-06-30": "20.82900", "2012-03-31": "25.16700", "2011-12-31": "5.89200", "2011-09-30": "12.90200", "2011-06-30": "7.36700", "2011-03-31": "7.41300", "2010-12-31": "11.37300", "2010-09-30": "18.34100", "2010-06-30": "11.28300", "2010-03-31": "11.55100", "2009-12-31": "15.43100", "2009-09-30": "17.71800", "2009-06-30": "33.08500", "2009-03-31": "33.82400", "2008-12-31": "36.75900", "2008-09-30": "108.92300", "2008-06-30": "112.04100", "2008-03-31": "91.68100", "2007-12-31": "93.70600", "2007-09-30": "189.31800", "2007-06-30": "191.26900", "2007-03-31": "193.40200", "2006-12-31": "196.01900", "2006-09-30": "199.35100", "2006-06-30": "201.91600", "2006-03-31": "202.68100", "2005-12-31": "203.81300", "2005-09-30": "203.34100", "2005-06-30": "203.98700", "2005-03-31": "205.33400"}, "Total Assets": {"2020-09-30": "1502.60000", "2020-06-30": "1515.60000", "2020-03-31": "1361.90000", "2019-12-31": "1306.00000", "2019-09-30": "1179.93500", "2019-06-30": "1066.86100", "2019-03-31": "957.72300", "2018-12-31": "993.15100", "2018-09-30": "933.74600", "2018-06-30": "841.31700", "2018-03-31": "806.36000", "2017-12-31": "817.59100", "2017-09-30": "772.49600", "2017-06-30": "754.08600", "2017-03-31": "289.36400", "2016-12-31": "365.08600", "2016-09-30": "399.16100", "2016-06-30": "429.83800", "2016-03-31": "459.33200", "2015-12-31": "474.78500", "2015-09-30": "492.43600", "2015-06-30": "511.20500", "2015-03-31": "527.77900", "2014-12-31": "243.03300", "2014-09-30": "257.75100", "2014-06-30": "269.53900", "2014-03-31": "279.29600", "2013-12-31": "154.67600", "2013-09-30": "165.96700", "2013-06-30": "174.81300", "2013-03-31": "183.92400", "2012-12-31": "195.97900", "2012-09-30": "193.25100", "2012-06-30": "202.08700", "2012-03-31": "210.14100", "2011-12-31": "138.36800", "2011-09-30": "149.02800", "2011-06-30": "127.40500", "2011-03-31": "133.99700", "2010-12-31": "144.42400", "2010-09-30": "149.93300", "2010-06-30": "155.04400", "2010-03-31": "79.88300", "2009-12-31": "70.81800", "2009-09-30": "75.90800", "2009-06-30": "86.86900", "2009-03-31": "101.02800", "2008-12-31": "118.18200", "2008-09-30": "207.73300", "2008-06-30": "225.67000", "2008-03-31": "243.88400", "2007-12-31": "276.65400", "2007-09-30": "317.49800", "2007-06-30": "341.86400", "2007-03-31": "363.71500", "2006-12-31": "389.67700", "2006-09-30": "404.13100", "2006-06-30": "442.54300", "2006-03-31": "477.40300", "2005-12-31": "483.12300", "2005-09-30": "500.96900", "2005-06-30": "475.51200", "2005-03-31": "486.36800"}, "Total Current Liabilities": {"2020-09-30": "611.00000", "2020-06-30": "573.00000", "2020-03-31": "140.30000", "2019-12-31": "565.30000", "2019-09-30": "115.65200", "2019-06-30": "100.58900", "2019-03-31": "72.00300", "2018-12-31": "88.23300", "2018-09-30": "456.40000", "2018-06-30": "61.76200", "2018-03-31": "46.46600", "2017-12-31": "54.42600", "2017-09-30": "38.14100", "2017-06-30": "27.72100", "2017-03-31": "23.56300", "2016-12-31": "30.41400", "2016-09-30": "26.66600", "2016-06-30": "26.89900", "2016-03-31": "23.27600", "2015-12-31": "25.71500", "2015-09-30": "19.82200", "2015-06-30": "17.55300", "2015-03-31": "15.18700", "2014-12-31": "15.66400", "2014-09-30": "14.04500", "2014-06-30": "12.05300", "2014-03-31": "10.60800", "2013-12-31": "11.69900", "2013-09-30": "13.32100", "2013-06-30": "14.57300", "2013-03-31": "13.87800", "2012-12-31": "15.64600", "2012-09-30": "23.11300", "2012-06-30": "29.15200", "2012-03-31": "36.63100", "2011-12-31": "47.11000", "2011-09-30": "48.44400", "2011-06-30": "49.99000", "2011-03-31": "49.02800", "2010-12-31": "52.77700", "2010-09-30": "53.18400", "2010-06-30": "52.12300", "2010-03-31": "18.63000", "2009-12-31": "19.96100", "2009-09-30": "24.04400", "2009-06-30": "33.01700", "2009-03-31": "32.53600", "2008-12-31": "26.09400", "2008-09-30": "18.97500", "2008-06-30": "19.49400", "2008-03-31": "17.97200", "2007-12-31": "29.90700", "2007-09-30": "20.02100", "2007-06-30": "18.94300", "2007-03-31": "17.82300", "2006-12-31": "20.11600", "2006-09-30": "21.26700", "2006-06-30": "23.93200", "2006-03-31": "32.75700", "2005-12-31": "33.69300", "2005-09-30": "35.03900", "2005-06-30": "40.29400", "2005-03-31": "47.18200"}, "Long Term Debt": {"2020-09-30": "", "2020-06-30": "", "2020-03-31": "414.10000", "2019-12-31": "", "2019-09-30": "403.58900", "2019-06-30": "398.46600", "2019-03-31": "393.43500", "2018-12-31": "388.49600", "2018-09-30": "", "2018-06-30": "378.88500", "2018-03-31": "374.20900", "2017-12-31": "369.61800", "2017-09-30": "365.11000", "2017-06-30": "360.68100", "2017-03-31": "0.54400", "2016-12-31": "0.61700", "2016-09-30": "0.64900", "2016-06-30": "0.71300", "2016-03-31": "0.80900", "2015-12-31": "1.55500", "2015-09-30": "1.67000", "2015-06-30": "1.77000", "2015-03-31": "2.08600", "2014-12-31": "2.21100", "2014-09-30": "2.33400", "2014-06-30": "2.45100", "2014-03-31": "2.56600", "2013-12-31": "2.68000", "2013-09-30": "2.78900", "2013-06-30": "2.89300", "2013-03-31": "2.99600", "2012-12-31": "3.09700", "2012-09-30": "2.26900", "2012-06-30": "2.19000", "2012-03-31": "2.25900", "2011-12-31": "2.32800", "2011-09-30": "5.33500", "2011-06-30": "5.70400", "2011-03-31": "6.15000", "2010-12-31": "6.58000", "2010-09-30": "4.48700", "2010-06-30": "5.09300", "2010-03-31": "6.16300", "2009-12-31": "7.24100", "2009-09-30": "8.37800", "2009-06-30": "2.75000", "2009-03-31": "3.01600", "2008-12-31": "7.52700", "2008-09-30": "108.74500", "2008-06-30": "108.74500", "2008-03-31": "108.74500", "2007-12-31": "108.74500", "2007-09-30": "47.43800", "2007-06-30": "47.93300", "2007-03-31": "48.52600", "2006-12-31": "49.15200", "2006-09-30": "50.12900", "2006-06-30": "51.20500", "2006-03-31": "52.40300", "2005-12-31": "53.59000", "2005-09-30": "54.94100", "2005-06-30": "56.40000", "2005-03-31": "57.95000"}, "Other Non-Current Liabilities": {"2020-09-30": "4.30000", "2020-06-30": "27.10000", "2020-03-31": "21.60000", "2019-12-31": "17.10000", "2019-09-30": "11.69700", "2019-06-30": "17.91500", "2019-03-31": "15.86300", "2018-12-31": "35.65700", "2018-09-30": "12.10700", "2018-06-30": "5.32600", "2018-03-31": "3.10700", "2017-12-31": "3.13500", "2017-09-30": "3.27600", "2017-06-30": "1.80600", "2017-03-31": "1.41800", "2016-12-31": "1.57500", "2016-09-30": "1.70300", "2016-06-30": "1.81700", "2016-03-31": "2.03800", "2015-12-31": "1.93200", "2015-09-30": "2.00900", "2015-06-30": "2.09700", "2015-03-31": "2.07700", "2014-12-31": "2.13700", "2014-09-30": "2.17600", "2014-06-30": "2.20200", "2014-03-31": "2.24800", "2013-12-31": "2.24200", "2013-09-30": "2.10700", "2013-06-30": "2.06800", "2013-03-31": "2.03000", "2012-12-31": "1.99200", "2012-09-30": "2.17500", "2012-06-30": "2.11000", "2012-03-31": "2.00400", "2011-12-31": "1.92500", "2011-09-30": "1.82200", "2011-06-30": "1.72900", "2011-03-31": "1.61300", "2010-12-31": "1.51400", "2010-09-30": "1.42500", "2010-06-30": "1.25200", "2010-03-31": "1.07900", "2009-12-31": "0.90600", "2009-09-30": "2.20400", "2009-06-30": "2.10200", "2009-03-31": "3.26800", "2008-12-31": "3.24400", "2008-09-30": "3.96100", "2008-06-30": "4.45500", "2008-03-31": "4.63600", "2007-12-31": "4.71000", "2007-09-30": "5.08500", "2007-06-30": "5.93900", "2007-03-31": "5.66300", "2006-12-31": "5.69300", "2006-09-30": "6.25900", "2006-06-30": "5.63400", "2006-03-31": "8.41300", "2005-12-31": "5.73600", "2005-09-30": "5.24900", "2005-06-30": "4.79900", "2005-03-31": "4.51600"}, "Total Long Term Liabilities": {"2020-09-30": "87.30000", "2020-06-30": "111.40000", "2020-03-31": "521.30000", "2019-12-31": "103.80000", "2019-09-30": "489.76800", "2019-06-30": "482.56600", "2019-03-31": "476.44500", "2018-12-31": "424.15300", "2018-09-30": "29.83300", "2018-06-30": "402.11900", "2018-03-31": "395.40700", "2017-12-31": "391.02700", "2017-09-30": "386.84300", "2017-06-30": "381.12700", "2017-03-31": "18.66000", "2016-12-31": "19.79500", "2016-09-30": "20.84400", "2016-06-30": "21.90100", "2016-03-31": "23.09700", "2015-12-31": "24.61600", "2015-09-30": "25.67100", "2015-06-30": "26.71200", "2015-03-31": "27.86200", "2014-12-31": "18.67000", "2014-09-30": "19.66900", "2014-06-30": "20.64100", "2014-03-31": "21.63100", "2013-12-31": "22.56700", "2013-09-30": "23.35400", "2013-06-30": "24.22400", "2013-03-31": "25.09300", "2012-12-31": "25.96100", "2012-09-30": "26.83300", "2012-06-30": "28.20200", "2012-03-31": "29.67600", "2011-12-31": "31.17700", "2011-09-30": "42.83500", "2011-06-30": "51.85700", "2011-03-31": "61.97500", "2010-12-31": "72.30200", "2010-09-30": "80.10200", "2010-06-30": "90.50900", "2010-03-31": "44.53200", "2009-12-31": "46.90300", "2009-09-30": "50.78900", "2009-06-30": "46.50400", "2009-03-31": "49.38100", "2008-12-31": "55.31400", "2008-09-30": "125.11100", "2008-06-30": "126.33500", "2008-03-31": "127.24600", "2007-12-31": "128.05000", "2007-09-30": "52.52300", "2007-06-30": "53.87200", "2007-03-31": "54.18900", "2006-12-31": "54.84500", "2006-09-30": "56.38800", "2006-06-30": "56.83900", "2006-03-31": "60.81600", "2005-12-31": "59.32600", "2005-09-30": "62.19000", "2005-06-30": "63.19900", "2005-03-31": "64.46600"}, "Total Liabilities": {"2020-09-30": "698.30000", "2020-06-30": "684.40000", "2020-03-31": "661.60000", "2019-12-31": "669.10000", "2019-09-30": "605.42000", "2019-06-30": "583.15500", "2019-03-31": "548.44800", "2018-12-31": "512.38600", "2018-09-30": "486.23300", "2018-06-30": "463.88100", "2018-03-31": "441.87300", "2017-12-31": "445.45300", "2017-09-30": "424.98400", "2017-06-30": "408.84800", "2017-03-31": "42.22300", "2016-12-31": "50.20900", "2016-09-30": "47.51000", "2016-06-30": "48.80000", "2016-03-31": "46.37300", "2015-12-31": "50.33100", "2015-09-30": "45.49300", "2015-06-30": "44.26500", "2015-03-31": "43.04900", "2014-12-31": "34.33400", "2014-09-30": "33.71400", "2014-06-30": "32.69400", "2014-03-31": "32.23900", "2013-12-31": "34.26600", "2013-09-30": "36.67500", "2013-06-30": "38.79700", "2013-03-31": "38.97100", "2012-12-31": "41.60700", "2012-09-30": "49.94600", "2012-06-30": "57.35400", "2012-03-31": "66.30700", "2011-12-31": "78.28700", "2011-09-30": "91.27900", "2011-06-30": "101.84700", "2011-03-31": "111.00300", "2010-12-31": "125.07900", "2010-09-30": "133.28600", "2010-06-30": "142.63200", "2010-03-31": "63.16200", "2009-12-31": "66.86400", "2009-09-30": "74.83300", "2009-06-30": "79.52100", "2009-03-31": "81.91700", "2008-12-31": "81.40800", "2008-09-30": "144.08600", "2008-06-30": "145.82900", "2008-03-31": "145.21800", "2007-12-31": "157.95700", "2007-09-30": "72.54400", "2007-06-30": "72.81500", "2007-03-31": "72.01200", "2006-12-31": "74.96100", "2006-09-30": "77.65500", "2006-06-30": "80.77100", "2006-03-31": "93.57300", "2005-12-31": "93.01900", "2005-09-30": "97.22900", "2005-06-30": "103.49300", "2005-03-31": "111.64800"}, "Common Stock Net": {"2020-09-30": "0.10000", "2020-06-30": "0.10000", "2020-03-31": "0.10000", "2019-12-31": "0.10000", "2019-09-30": "0.09200", "2019-06-30": "0.09200", "2019-03-31": "0.09100", "2018-12-31": "0.09100", "2018-09-30": "0.09100", "2018-06-30": "0.09000", "2018-03-31": "0.09000", "2017-12-31": "0.08900", "2017-09-30": "0.08800", "2017-06-30": "0.08800", "2017-03-31": "0.08800", "2016-12-31": "0.08700", "2016-09-30": "0.08700", "2016-06-30": "0.08700", "2016-03-31": "0.08700", "2015-12-31": "0.08600", "2015-09-30": "0.08600", "2015-06-30": "0.08600", "2015-03-31": "0.08500", "2014-12-31": "0.07600", "2014-09-30": "0.07600", "2014-06-30": "0.07600", "2014-03-31": "0.07600", "2013-12-31": "0.06700", "2013-09-30": "0.06700", "2013-06-30": "0.06700", "2013-03-31": "0.06700", "2012-12-31": "0.06600", "2012-09-30": "0.06600", "2012-06-30": "0.06600", "2012-03-31": "0.06600", "2011-12-31": "0.05500", "2011-09-30": "0.05500", "2011-06-30": "0.05500", "2011-03-31": "0.05500", "2010-12-31": "0.05500", "2010-09-30": "0.05500", "2010-06-30": "0.05500", "2010-03-31": "0.05500", "2009-12-31": "0.04400", "2009-09-30": "0.03900", "2009-06-30": "0.03900", "2009-03-31": "0.03900", "2008-12-31": "0.03900", "2008-09-30": "0.03900", "2008-06-30": "0.03800", "2008-03-31": "0.03800", "2007-12-31": "0.03800", "2007-09-30": "0.03800", "2007-06-30": "0.03800", "2007-03-31": "0.03800", "2006-12-31": "0.03800", "2006-09-30": "0.03800", "2006-06-30": "0.03800", "2006-03-31": "0.03800", "2005-12-31": "0.03700", "2005-09-30": "0.03700", "2005-06-30": "0.03700", "2005-03-31": "0.03700"}, "Retained Earnings (Accumulated Deficit)": {"2020-09-30": "-1073.30000", "2020-06-30": "-1015.70000", "2020-03-31": "-1095.30000", "2019-12-31": "-1132.70000", "2019-09-30": "-1166.70000", "2019-06-30": "-1220.48900", "2019-03-31": "-1271.82700", "2018-12-31": "-1177.75500", "2018-09-30": "-1195.83300", "2018-06-30": "-1246.59700", "2018-03-31": "-1240.68400", "2017-12-31": "-1198.86600", "2017-09-30": "-1205.76000", "2017-06-30": "-1194.63500", "2017-03-31": "-1134.65000", "2016-12-31": "-1056.32400", "2016-09-30": "-1011.66500", "2016-06-30": "-974.77800", "2016-03-31": "-934.49800", "2015-12-31": "-915.23400", "2015-09-30": "-885.91900", "2015-06-30": "-851.48400", "2015-03-31": "-827.49700", "2014-12-31": "-826.30500", "2014-09-30": "-806.86100", "2014-06-30": "-790.98600", "2014-03-31": "-777.60500", "2013-12-31": "-765.76300", "2013-09-30": "-755.12100", "2013-06-30": "-743.99000", "2013-03-31": "-731.74800", "2012-12-31": "-719.67300", "2012-09-30": "-729.16300", "2012-06-30": "-726.08500", "2012-03-31": "-725.58400", "2011-12-31": "-724.69800", "2011-09-30": "-726.02900", "2011-06-30": "-757.41100", "2011-03-31": "-759.38700", "2010-12-31": "-762.26900", "2010-09-30": "-764.75600", "2010-06-30": "-768.08900", "2010-03-31": "-762.93700", "2009-12-31": "-754.30100", "2009-09-30": "-746.38500", "2009-06-30": "-738.20800", "2009-03-31": "-722.92800", "2008-12-31": "-703.26300", "2008-09-30": "-674.40900", "2008-06-30": "-656.69800", "2008-03-31": "-635.72700", "2007-12-31": "-614.65000", "2007-09-30": "-486.67500", "2007-06-30": "-459.43500", "2007-03-31": "-433.07100", "2006-12-31": "-407.35100", "2006-09-30": "-392.63900", "2006-06-30": "-353.49600", "2006-03-31": "-326.04700", "2005-12-31": "-300.14600", "2005-09-30": "-276.23800", "2005-06-30": "-302.38900", "2005-03-31": "-296.78500"}, "Comprehensive Income": {"2020-09-30": "3.20000", "2020-06-30": "4.60000", "2020-03-31": "-1.40000", "2019-12-31": "1.40000", "2019-09-30": "1.60600", "2019-06-30": "0.64500", "2019-03-31": "-0.23300", "2018-12-31": "-1.93200", "2018-09-30": "-2.05600", "2018-06-30": "-2.80900", "2018-03-31": "-3.69700", "2017-12-31": "-1.85000", "2017-09-30": "-0.53400", "2017-06-30": "-0.71300", "2017-03-31": "-0.23500", "2016-12-31": "-0.31800", "2016-09-30": "-0.18700", "2016-06-30": "-0.03900", "2016-03-31": "-0.18800", "2015-12-31": "-0.97700", "2015-09-30": "-0.60900", "2015-06-30": "-0.40400", "2015-03-31": "-0.17900", "2014-12-31": "-0.27700", "2014-09-30": "-0.20700", "2014-06-30": "-0.12600", "2014-03-31": "-0.19400", "2013-12-31": "0.00500", "2013-09-30": "-0.00900", "2013-06-30": "-0.04400", "2013-03-31": "-0.04400", "2012-12-31": "-0.00200", "2012-09-30": "0.01900", "2012-06-30": "-0.14300", "2012-03-31": "-0.12700", "2011-12-31": "-0.08700", "2011-09-30": "-0.15900", "2011-06-30": "-0.01900", "2011-03-31": "-0.05000", "2010-12-31": "-0.04800", "2010-09-30": "0.69600", "2010-06-30": "0.69100", "2010-03-31": "0.69400", "2009-12-31": "1.20900", "2009-09-30": "1.24300", "2009-06-30": "1.03800", "2009-03-31": "-1.43800", "2008-12-31": "-1.57000", "2008-09-30": "-1.74400", "2008-06-30": "-1.51000", "2008-03-31": "-1.37600", "2007-12-31": "-0.23300", "2007-09-30": "0.27200", "2007-06-30": "0.63400", "2007-03-31": "0.32400", "2006-12-31": "0.09900", "2006-09-30": "-0.32800", "2006-06-30": "-1.31000", "2006-03-31": "-1.18400", "2005-12-31": "-1.50400", "2005-09-30": "-2.32900", "2005-06-30": "-2.14700", "2005-03-31": "-3.19000"}, "Other Share Holders Equity": {"2020-09-30": "", "2020-06-30": "", "2020-03-31": "", "2019-12-31": "", "2019-09-30": "", "2019-06-30": "", "2019-03-31": "", "2018-12-31": "", "2018-09-30": "", "2018-06-30": "", "2018-03-31": "", "2017-12-31": "", "2017-09-30": "", "2017-06-30": "", "2017-03-31": "", "2016-12-31": "", "2016-09-30": "", "2016-06-30": "", "2016-03-31": "", "2015-12-31": "", "2015-09-30": "", "2015-06-30": "", "2015-03-31": "", "2014-12-31": "", "2014-09-30": "", "2014-06-30": "", "2014-03-31": "", "2013-12-31": "", "2013-09-30": "", "2013-06-30": "", "2013-03-31": "", "2012-12-31": "", "2012-09-30": "", "2012-06-30": "", "2012-03-31": "", "2011-12-31": "", "2011-09-30": "", "2011-06-30": "", "2011-03-31": "", "2010-12-31": "", "2010-09-30": "", "2010-06-30": "", "2010-03-31": "", "2009-12-31": "", "2009-09-30": "", "2009-06-30": "", "2009-03-31": "", "2008-12-31": "", "2008-09-30": "", "2008-06-30": "", "2008-03-31": "", "2007-12-31": "", "2007-09-30": "0.93300", "2007-06-30": "", "2007-03-31": "", "2006-12-31": "", "2006-09-30": "", "2006-06-30": "", "2006-03-31": "", "2005-12-31": "", "2005-09-30": "-0.06900", "2005-06-30": "-0.06900", "2005-03-31": "-0.06900"}, "Share Holder Equity": {"2020-09-30": "804.30000", "2020-06-30": "831.20000", "2020-03-31": "700.30000", "2019-12-31": "636.90000", "2019-09-30": "574.51500", "2019-06-30": "483.70600", "2019-03-31": "409.27500", "2018-12-31": "480.76500", "2018-09-30": "447.51300", "2018-06-30": "377.43600", "2018-03-31": "364.48700", "2017-12-31": "372.13800", "2017-09-30": "347.51200", "2017-06-30": "345.23800", "2017-03-31": "247.14100", "2016-12-31": "314.87700", "2016-09-30": "351.65100", "2016-06-30": "381.03800", "2016-03-31": "412.95900", "2015-12-31": "424.45400", "2015-09-30": "446.94300", "2015-06-30": "466.94000", "2015-03-31": "484.73000", "2014-12-31": "208.69900", "2014-09-30": "224.03700", "2014-06-30": "236.84500", "2014-03-31": "247.05700", "2013-12-31": "120.41000", "2013-09-30": "129.29200", "2013-06-30": "136.01600", "2013-03-31": "144.95300", "2012-12-31": "154.37200", "2012-09-30": "143.30500", "2012-06-30": "144.73300", "2012-03-31": "143.83400", "2011-12-31": "60.08100", "2011-09-30": "57.74900", "2011-06-30": "25.55800", "2011-03-31": "22.99400", "2010-12-31": "19.34500", "2010-09-30": "16.64700", "2010-06-30": "12.41200", "2010-03-31": "16.72100", "2009-12-31": "3.95400", "2009-09-30": "1.07500", "2009-06-30": "7.34800", "2009-03-31": "19.11100", "2008-12-31": "36.77400", "2008-09-30": "63.64700", "2008-06-30": "79.84100", "2008-03-31": "98.66600", "2007-12-31": "118.69700", "2007-09-30": "244.95400", "2007-06-30": "269.04900", "2007-03-31": "291.70300", "2006-12-31": "314.71600", "2006-09-30": "326.47600", "2006-06-30": "361.77200", "2006-03-31": "383.83000", "2005-12-31": "390.10400", "2005-09-30": "403.74000", "2005-06-30": "372.01900", "2005-03-31": "374.72000"}, "Total Liabilities And Share Holders Equity": {"2020-09-30": "1502.60000", "2020-06-30": "1515.60000", "2020-03-31": "1361.90000", "2019-12-31": "1306.00000", "2019-09-30": "1179.93500", "2019-06-30": "1066.86100", "2019-03-31": "957.72300", "2018-12-31": "993.15100", "2018-09-30": "933.74600", "2018-06-30": "841.31700", "2018-03-31": "806.36000", "2017-12-31": "817.59100", "2017-09-30": "772.49600", "2017-06-30": "754.08600", "2017-03-31": "289.36400", "2016-12-31": "365.08600", "2016-09-30": "399.16100", "2016-06-30": "429.83800", "2016-03-31": "459.33200", "2015-12-31": "474.78500", "2015-09-30": "492.43600", "2015-06-30": "511.20500", "2015-03-31": "527.77900", "2014-12-31": "243.03300", "2014-09-30": "257.75100", "2014-06-30": "269.53900", "2014-03-31": "279.29600", "2013-12-31": "154.67600", "2013-09-30": "165.96700", "2013-06-30": "174.81300", "2013-03-31": "183.92400", "2012-12-31": "195.97900", "2012-09-30": "193.25100", "2012-06-30": "202.08700", "2012-03-31": "210.14100", "2011-12-31": "138.36800", "2011-09-30": "149.02800", "2011-06-30": "127.40500", "2011-03-31": "133.99700", "2010-12-31": "144.42400", "2010-09-30": "149.93300", "2010-06-30": "155.04400", "2010-03-31": "79.88300", "2009-12-31": "70.81800", "2009-09-30": "75.90800", "2009-06-30": "86.86900", "2009-03-31": "101.02800", "2008-12-31": "118.18200", "2008-09-30": "207.73300", "2008-06-30": "225.67000", "2008-03-31": "243.88400", "2007-12-31": "276.65400", "2007-09-30": "317.49800", "2007-06-30": "341.86400", "2007-03-31": "363.71500", "2006-12-31": "389.67700", "2006-09-30": "404.13100", "2006-06-30": "442.54300", "2006-03-31": "477.40300", "2005-12-31": "483.12300", "2005-09-30": "500.96900", "2005-06-30": "475.51200", "2005-03-31": "486.36800"}}, "cash flow statement": {"Net Income/Loss": {"2019-12-31": "37.01200", "2018-12-31": "21.11100", "2017-12-31": "-142.54200", "2016-12-31": "-141.09000", "2015-12-31": "-88.92900", "2014-12-31": "-60.54200", "2013-12-31": "-46.09000", "2012-12-31": "5.02500", "2011-12-31": "37.57100", "2010-12-31": "-7.96800", "2009-12-31": "-51.03800", "2008-12-31": "-88.61300", "2007-12-31": "-207.29900", "2006-12-31": "-107.20500", "2005-12-31": "-22.19100"}, "Total Depreciation And Amortization - Cash Flow": {"2019-12-31": "25.79800", "2018-12-31": "24.35100", "2017-12-31": "15.94100", "2016-12-31": "4.97300", "2015-12-31": "7.04100", "2014-12-31": "4.61900", "2013-12-31": "3.51400", "2012-12-31": "3.79200", "2011-12-31": "3.03500", "2010-12-31": "2.26900", "2009-12-31": "3.17900", "2008-12-31": "7.61000", "2007-12-31": "9.40400", "2006-12-31": "10.56600", "2005-12-31": "10.09400"}, "Other Non-Cash Items": {"2019-12-31": "88.24900", "2018-12-31": "58.06800", "2017-12-31": "42.52200", "2016-12-31": "24.15500", "2015-12-31": "35.18800", "2014-12-31": "7.17400", "2013-12-31": "0.87200", "2012-12-31": "-30.44000", "2011-12-31": "-37.22200", "2010-12-31": "64.12700", "2009-12-31": "7.14400", "2008-12-31": "19.21000", "2007-12-31": "120.87000", "2006-12-31": "8.38300", "2005-12-31": "-21.99300"}, "Total Non-Cash Items": {"2019-12-31": "114.04700", "2018-12-31": "82.41900", "2017-12-31": "58.46300", "2016-12-31": "29.12800", "2015-12-31": "42.22900", "2014-12-31": "11.79300", "2013-12-31": "4.38600", "2012-12-31": "-26.64800", "2011-12-31": "-34.18700", "2010-12-31": "66.39600", "2009-12-31": "10.32300", "2008-12-31": "26.82000", "2007-12-31": "130.27400", "2006-12-31": "18.94900", "2005-12-31": "-11.89900"}, "Change In Accounts Receivable": {"2019-12-31": "-69.16900", "2018-12-31": "-25.11300", "2017-12-31": "-31.12700", "2016-12-31": "", "2015-12-31": "", "2014-12-31": "-1.67100", "2013-12-31": "13.52800", "2012-12-31": "-12.87800", "2011-12-31": "2.81300", "2010-12-31": "-4.27800", "2009-12-31": "2.44900", "2008-12-31": "2.42800", "2007-12-31": "7.76900", "2006-12-31": "-4.81200", "2005-12-31": "6.44400"}, "Change In Inventories": {"2019-12-31": "-6.42400", "2018-12-31": "-3.52400", "2017-12-31": "-1.02400", "2016-12-31": "", "2015-12-31": "", "2014-12-31": "", "2013-12-31": "", "2012-12-31": "", "2011-12-31": "", "2010-12-31": "", "2009-12-31": "", "2008-12-31": "", "2007-12-31": "", "2006-12-31": "", "2005-12-31": ""}, "Change In Accounts Payable": {"2019-12-31": "", "2018-12-31": "", "2017-12-31": "", "2016-12-31": "", "2015-12-31": "", "2014-12-31": "", "2013-12-31": "", "2012-12-31": "", "2011-12-31": "", "2010-12-31": "", "2009-12-31": "", "2008-12-31": "", "2007-12-31": "", "2006-12-31": "", "2005-12-31": ""}, "Change In Assets/Liabilities": {"2019-12-31": "21.87900", "2018-12-31": "2.65700", "2017-12-31": "-3.99400", "2016-12-31": "1.38300", "2015-12-31": "-1.13800", "2014-12-31": "-0.41800", "2013-12-31": "-0.48200", "2012-12-31": "-0.23600", "2011-12-31": "-7.04400", "2010-12-31": "-5.19200", "2009-12-31": "-10.75300", "2008-12-31": "-1.81100", "2007-12-31": "0.05600", "2006-12-31": "-0.55100", "2005-12-31": "0.74700"}, "Total Change In Assets/Liabilities": {"2019-12-31": "0.24100", "2018-12-31": "-1.75700", "2017-12-31": "-8.80700", "2016-12-31": "5.78100", "2015-12-31": "8.70300", "2014-12-31": "1.60900", "2013-12-31": "12.09700", "2012-12-31": "-13.67100", "2011-12-31": "-4.08200", "2010-12-31": "-8.48500", "2009-12-31": "-12.38000", "2008-12-31": "-12.37200", "2007-12-31": "17.69100", "2006-12-31": "-11.07800", "2005-12-31": "3.29600"}, "Cash Flow From Operating Activities": {"2019-12-31": "152.05400", "2018-12-31": "101.36400", "2017-12-31": "-94.33100", "2016-12-31": "-106.18100", "2015-12-31": "-37.99700", "2014-12-31": "-47.14000", "2013-12-31": "-29.60700", "2012-12-31": "-35.29400", "2011-12-31": "-0.69800", "2010-12-31": "49.94300", "2009-12-31": "-53.09500", "2008-12-31": "-74.16500", "2007-12-31": "-59.33400", "2006-12-31": "-99.33400", "2005-12-31": "-30.79400"}, "Net Change In Property, Plant, And Equipment": {"2019-12-31": "-14.74000", "2018-12-31": "-24.77800", "2017-12-31": "-6.93300", "2016-12-31": "-4.09500", "2015-12-31": "-1.92500", "2014-12-31": "-1.56700", "2013-12-31": "-0.50500", "2012-12-31": "-0.93900", "2011-12-31": "-0.50500", "2010-12-31": "0.02100", "2009-12-31": "1.15800", "2008-12-31": "-0.72700", "2007-12-31": "-0.49500", "2006-12-31": "-3.11000", "2005-12-31": "-7.23500"}, "Net Change In Intangible Assets": {"2019-12-31": "", "2018-12-31": "", "2017-12-31": "", "2016-12-31": "", "2015-12-31": "", "2014-12-31": "", "2013-12-31": "", "2012-12-31": "", "2011-12-31": "", "2010-12-31": "", "2009-12-31": "", "2008-12-31": "", "2007-12-31": "", "2006-12-31": "", "2005-12-31": ""}, "Net Acquisitions/Divestitures": {"2019-12-31": "", "2018-12-31": "", "2017-12-31": "", "2016-12-31": "", "2015-12-31": "", "2014-12-31": "", "2013-12-31": "", "2012-12-31": "", "2011-12-31": "", "2010-12-31": "", "2009-12-31": "", "2008-12-31": "", "2007-12-31": "", "2006-12-31": "", "2005-12-31": ""}, "Net Change In Short-term Investments": {"2019-12-31": "-196.33300", "2018-12-31": "-218.13700", "2017-12-31": "-244.32000", "2016-12-31": "117.05000", "2015-12-31": "-193.92900", "2014-12-31": "-103.41100", "2013-12-31": "5.95300", "2012-12-31": "-33.79300", "2011-12-31": "-4.82300", "2010-12-31": "-54.94800", "2009-12-31": "10.81500", "2008-12-31": "45.14600", "2007-12-31": "22.49200", "2006-12-31": "122.86600", "2005-12-31": "17.14200"}, "Net Change In Long-Term Investments": {"2019-12-31": "", "2018-12-31": "", "2017-12-31": "", "2016-12-31": "", "2015-12-31": "", "2014-12-31": "", "2013-12-31": "", "2012-12-31": "", "2011-12-31": "", "2010-12-31": "", "2009-12-31": "", "2008-12-31": "", "2007-12-31": "", "2006-12-31": "", "2005-12-31": ""}, "Net Change In Investments - Total": {"2019-12-31": "-196.33300", "2018-12-31": "-218.13700", "2017-12-31": "-244.32000", "2016-12-31": "117.05000", "2015-12-31": "-193.92900", "2014-12-31": "-103.41100", "2013-12-31": "5.95300", "2012-12-31": "-33.79300", "2011-12-31": "-4.82300", "2010-12-31": "-54.94800", "2009-12-31": "10.81500", "2008-12-31": "45.14600", "2007-12-31": "22.49200", "2006-12-31": "122.86600", "2005-12-31": "17.14200"}, "Investing Activities - Other": {"2019-12-31": "", "2018-12-31": "", "2017-12-31": "", "2016-12-31": "", "2015-12-31": "0.04000", "2014-12-31": "-0.38800", "2013-12-31": "-0.10800", "2012-12-31": "-0.02900", "2011-12-31": "1.79600", "2010-12-31": "0.22300", "2009-12-31": "0.08400", "2008-12-31": "0.00100", "2007-12-31": "-1.16100", "2006-12-31": "0.52500", "2005-12-31": "-0.52500"}, "Cash Flow From Investing Activities": {"2019-12-31": "-211.07300", "2018-12-31": "-242.91500", "2017-12-31": "-251.25300", "2016-12-31": "112.95500", "2015-12-31": "-195.81400", "2014-12-31": "-105.36600", "2013-12-31": "5.34000", "2012-12-31": "-34.76100", "2011-12-31": "-3.53200", "2010-12-31": "-54.70400", "2009-12-31": "12.05700", "2008-12-31": "44.42000", "2007-12-31": "20.83600", "2006-12-31": "120.28100", "2005-12-31": "9.38200"}, "Net Long-Term Debt": {"2019-12-31": "", "2018-12-31": "", "2017-12-31": "502.78100", "2016-12-31": "", "2015-12-31": "", "2014-12-31": "", "2013-12-31": "", "2012-12-31": "", "2011-12-31": "", "2010-12-31": "", "2009-12-31": "", "2008-12-31": "-1.48600", "2007-12-31": "56.59000", "2006-12-31": "-5.76300", "2005-12-31": "-6.72200"}, "Net Current Debt": {"2019-12-31": "", "2018-12-31": "", "2017-12-31": "", "2016-12-31": "", "2015-12-31": "", "2014-12-31": "", "2013-12-31": "", "2012-12-31": "", "2011-12-31": "", "2010-12-31": "", "2009-12-31": "", "2008-12-31": "", "2007-12-31": "", "2006-12-31": "", "2005-12-31": ""}, "Debt Issuance/Retirement Net - Total": {"2019-12-31": "", "2018-12-31": "", "2017-12-31": "502.78100", "2016-12-31": "", "2015-12-31": "", "2014-12-31": "", "2013-12-31": "", "2012-12-31": "", "2011-12-31": "", "2010-12-31": "", "2009-12-31": "", "2008-12-31": "-1.48600", "2007-12-31": "56.59000", "2006-12-31": "-5.76300", "2005-12-31": "-6.72200"}, "Net Common Equity Issued/Repurchased": {"2019-12-31": "27.31300", "2018-12-31": "29.53000", "2017-12-31": "13.86500", "2016-12-31": "2.39000", "2015-12-31": "276.99200", "2014-12-31": "138.73100", "2013-12-31": "5.30200", "2012-12-31": "83.70200", "2011-12-31": "0.28600", "2010-12-31": "21.48300", "2009-12-31": "9.90000", "2008-12-31": "0.03400", "2007-12-31": "0.59100", "2006-12-31": "15.84900", "2005-12-31": "16.97000"}, "Net Total Equity Issued/Repurchased": {"2019-12-31": "27.31300", "2018-12-31": "29.53000", "2017-12-31": "13.86500", "2016-12-31": "2.39000", "2015-12-31": "276.99200", "2014-12-31": "138.73100", "2013-12-31": "5.30200", "2012-12-31": "83.70200", "2011-12-31": "0.28600", "2010-12-31": "21.48300", "2009-12-31": "9.90000", "2008-12-31": "0.03400", "2007-12-31": "0.59100", "2006-12-31": "15.84900", "2005-12-31": "16.97000"}, "Total Common And Preferred Stock Dividends Paid": {"2019-12-31": "", "2018-12-31": "", "2017-12-31": "", "2016-12-31": "", "2015-12-31": "", "2014-12-31": "", "2013-12-31": "", "2012-12-31": "", "2011-12-31": "", "2010-12-31": "", "2009-12-31": "", "2008-12-31": "", "2007-12-31": "", "2006-12-31": "", "2005-12-31": ""}, "Financial Activities - Other": {"2019-12-31": "", "2018-12-31": "", "2017-12-31": "", "2016-12-31": "", "2015-12-31": "", "2014-12-31": "", "2013-12-31": "", "2012-12-31": "", "2011-12-31": "", "2010-12-31": "", "2009-12-31": "", "2008-12-31": "", "2007-12-31": "", "2006-12-31": "", "2005-12-31": "0.08500"}, "Cash Flow From Financial Activities": {"2019-12-31": "27.31300", "2018-12-31": "29.53000", "2017-12-31": "516.64600", "2016-12-31": "2.39000", "2015-12-31": "276.99200", "2014-12-31": "138.73100", "2013-12-31": "5.30200", "2012-12-31": "83.70200", "2011-12-31": "0.28600", "2010-12-31": "21.48300", "2009-12-31": "9.90000", "2008-12-31": "-1.45200", "2007-12-31": "57.18100", "2006-12-31": "10.08600", "2005-12-31": "10.33300"}, "Net Cash Flow": {"2019-12-31": "-31.70600", "2018-12-31": "-112.02100", "2017-12-31": "171.06200", "2016-12-31": "9.16400", "2015-12-31": "43.18100", "2014-12-31": "-13.77500", "2013-12-31": "-18.96500", "2012-12-31": "13.64700", "2011-12-31": "-3.94400", "2010-12-31": "16.72200", "2009-12-31": "-31.13800", "2008-12-31": "-31.19700", "2007-12-31": "18.68300", "2006-12-31": "31.03300", "2005-12-31": "-11.07900"}, "Stock-Based Compensation": {"2019-12-31": "75.26200", "2018-12-31": "58.06800", "2017-12-31": "42.52200", "2016-12-31": "28.46400", "2015-12-31": "28.39200", "2014-12-31": "10.38200", "2013-12-31": "6.81900", "2012-12-31": "5.47900", "2011-12-31": "2.91800", "2010-12-31": "3.13300", "2009-12-31": "5.53900", "2008-12-31": "7.99300", "2007-12-31": "9.98300", "2006-12-31": "14.36500", "2005-12-31": "1.02500"}, "Common Stock Dividends Paid": {"2019-12-31": "", "2018-12-31": "", "2017-12-31": "", "2016-12-31": "", "2015-12-31": "", "2014-12-31": "", "2013-12-31": "", "2012-12-31": "", "2011-12-31": "", "2010-12-31": "", "2009-12-31": "", "2008-12-31": "", "2007-12-31": "", "2006-12-31": "", "2005-12-31": ""}}, "cash flow statement, quarterly": {"Net Income/Loss": {"2020-09-30": -57.6, "2020-06-30": 79.6, "2020-03-31": "37.40000", "2019-12-31": 34.012, "2019-09-30": 53.8, "2019-06-30": 51.3, "2019-03-31": "-102.10000", "2018-12-31": 18.078, "2018-09-30": 50.764, "2018-06-30": -5.913, "2018-03-31": "-41.81800", "2017-12-31": 6.894, "2017-09-30": -11.125, "2017-06-30": -59.985, "2017-03-31": "-78.32600", "2016-12-31": -44.659, "2016-09-30": -36.887, "2016-06-30": -40.28, "2016-03-31": "-19.26400", "2015-12-31": -29.315, "2015-09-30": -34.435, "2015-06-30": -23.987, "2015-03-31": "-1.19200", "2014-12-31": -19.444, "2014-09-30": -15.875, "2014-06-30": -13.381, "2014-03-31": "-11.84200", "2013-12-31": -10.642, "2013-09-30": -11.131, "2013-06-30": -12.242, "2013-03-31": "-12.07500", "2012-12-31": 9.49, "2012-09-30": -3.078, "2012-06-30": -0.501, "2012-03-31": "-0.88600", "2011-12-31": 1.331, "2011-09-30": 31.382, "2011-06-30": 1.976, "2011-03-31": "2.88200", "2010-12-31": 2.487, "2010-09-30": 3.333, "2010-06-30": -5.152, "2010-03-31": "-8.63600", "2009-12-31": -7.916, "2009-09-30": -8.177, "2009-06-30": -15.28, "2009-03-31": "-19.66500", "2008-12-31": -28.854, "2008-09-30": -17.711, "2008-06-30": -20.971, "2008-03-31": "-21.07700", "2007-12-31": -127.975, "2007-09-30": -27.24, "2007-06-30": -26.364, "2007-03-31": "-25.72000", "2006-12-31": -14.712, "2006-09-30": -39.143, "2006-06-30": -27.449, "2006-03-31": "-25.90100", "2005-12-31": -23.908, "2005-09-30": 26.151, "2005-06-30": -5.604, "2005-03-31": "-18.83000"}, "Total Depreciation And Amortization - Cash Flow": {"2020-09-30": 7.7, "2020-06-30": 7.5, "2020-03-31": "7.40000", "2019-12-31": 5.298, "2019-09-30": 7.1, "2019-06-30": 6.9, "2019-03-31": "6.50000", "2018-12-31": 6.137, "2018-09-30": 6.214, "2018-06-30": 6.111, "2018-03-31": "5.88900", "2017-12-31": 5.764, "2017-09-30": 5.645, "2017-06-30": 3.774, "2017-03-31": "0.75800", "2016-12-31": 0.814, "2016-09-30": 1.119, "2016-06-30": 1.367, "2016-03-31": "1.67300", "2015-12-31": 1.991, "2015-09-30": 1.976, "2015-06-30": 1.819, "2015-03-31": "1.25500", "2014-12-31": 1.271, "2014-09-30": 1.368, "2014-06-30": 1.185, "2014-03-31": "0.79500", "2013-12-31": 0.891, "2013-09-30": 0.918, "2013-06-30": 0.891, "2013-03-31": "0.81400", "2012-12-31": 0.831, "2012-09-30": 1.153, "2012-06-30": 1.033, "2012-03-31": "0.77500", "2011-12-31": 0.711, "2011-09-30": 0.757, "2011-06-30": 0.826, "2011-03-31": "0.74100", "2010-12-31": 0.687, "2010-09-30": 0.596, "2010-06-30": 0.558, "2010-03-31": "0.42800", "2009-12-31": 0.573, "2009-09-30": 0.759, "2009-06-30": 0.888, "2009-03-31": "0.95900", "2008-12-31": 1.558, "2008-09-30": 1.971, "2008-06-30": 2.028, "2008-03-31": "2.05300", "2007-12-31": 2.166, "2007-09-30": 2.211, "2007-06-30": 2.466, "2007-03-31": "2.56100", "2006-12-31": 2.579, "2006-09-30": 2.631, "2006-06-30": 2.69, "2006-03-31": "2.66600", "2005-12-31": 2.603, "2005-09-30": 2.544, "2005-06-30": 2.505, "2005-03-31": "2.44200"}, "Other Non-Cash Items": {"2020-09-30": 33.7, "2020-06-30": 18.2, "2020-03-31": "39.30000", "2019-12-31": 28.449, "2019-09-30": 48.8, "2019-06-30": -3.1, "2019-03-31": "14.10000", "2018-12-31": 13.268, "2018-09-30": 13.07, "2018-06-30": 11.851, "2018-03-31": "19.87900", "2017-12-31": 14.713, "2017-09-30": 11.486, "2017-06-30": 8.34, "2017-03-31": "7.98300", "2016-12-31": 7.004, "2016-09-30": 5.267, "2016-06-30": 6.47, "2016-03-31": "5.41400", "2015-12-31": 5.262, "2015-09-30": 13.047, "2015-06-30": 3.914, "2015-03-31": "12.96500", "2014-12-31": 1.627, "2014-09-30": 1.865, "2014-06-30": 2.023, "2014-03-31": "1.65900", "2013-12-31": 0.205, "2013-09-30": 0.234, "2013-06-30": 0.188, "2013-03-31": "0.24500", "2012-12-31": -6.425, "2012-09-30": -7.165, "2012-06-30": -8.336, "2012-03-31": "-8.51400", "2011-12-31": -9.141, "2011-09-30": -9.243, "2011-06-30": -9.528, "2011-03-31": "-9.31000", "2010-12-31": -7.426, "2010-09-30": 0.982, "2010-06-30": 71.996, "2010-03-31": "-1.42500", "2009-12-31": -0.531, "2009-09-30": -0.262, "2009-06-30": 1.051, "2009-03-31": "6.88600", "2008-12-31": 14.414, "2008-09-30": 2.175, "2008-06-30": 1.205, "2008-03-31": "1.41600", "2007-12-31": 113.203, "2007-09-30": 2.455, "2007-06-30": 2.767, "2007-03-31": "2.44500", "2006-12-31": 0.752, "2006-09-30": 3.187, "2006-06-30": 2.014, "2006-03-31": "2.43000", "2005-12-31": -5.686, "2005-09-30": -5.341, "2005-06-30": -5.492, "2005-03-31": "-5.47400"}, "Total Non-Cash Items": {"2020-09-30": 41.4, "2020-06-30": 25.7, "2020-03-31": "46.70000", "2019-12-31": 33.747, "2019-09-30": 55.9, "2019-06-30": 3.8, "2019-03-31": "20.60000", "2018-12-31": 19.405, "2018-09-30": 19.284, "2018-06-30": 17.962, "2018-03-31": "25.76800", "2017-12-31": 20.477, "2017-09-30": 17.131, "2017-06-30": 12.114, "2017-03-31": "8.74100", "2016-12-31": 7.818, "2016-09-30": 6.386, "2016-06-30": 7.837, "2016-03-31": "7.08700", "2015-12-31": 7.253, "2015-09-30": 15.023, "2015-06-30": 5.733, "2015-03-31": "14.22000", "2014-12-31": 2.898, "2014-09-30": 3.233, "2014-06-30": 3.208, "2014-03-31": "2.45400", "2013-12-31": 1.096, "2013-09-30": 1.152, "2013-06-30": 1.079, "2013-03-31": "1.05900", "2012-12-31": -5.594, "2012-09-30": -6.012, "2012-06-30": -7.303, "2012-03-31": "-7.73900", "2011-12-31": -8.43, "2011-09-30": -8.486, "2011-06-30": -8.702, "2011-03-31": "-8.56900", "2010-12-31": -6.739, "2010-09-30": 1.578, "2010-06-30": 72.554, "2010-03-31": "-0.99700", "2009-12-31": 0.042, "2009-09-30": 0.497, "2009-06-30": 1.939, "2009-03-31": "7.84500", "2008-12-31": 15.972, "2008-09-30": 4.146, "2008-06-30": 3.233, "2008-03-31": "3.46900", "2007-12-31": 115.369, "2007-09-30": 4.666, "2007-06-30": 5.233, "2007-03-31": "5.00600", "2006-12-31": 3.331, "2006-09-30": 5.818, "2006-06-30": 4.704, "2006-03-31": "5.09600", "2005-12-31": -3.083, "2005-09-30": -2.797, "2005-06-30": -2.987, "2005-03-31": "-3.03200"}, "Change In Accounts Receivable": {"2020-09-30": -8.5, "2020-06-30": 0.3, "2020-03-31": "-22.10000", "2019-12-31": -11.269, "2019-09-30": -18.8, "2019-06-30": -23.4, "2019-03-31": "-15.70000", "2018-12-31": -1.677, "2018-09-30": -11.917, "2018-06-30": 1.978, "2018-03-31": "-13.49700", "2017-12-31": -1.309, "2017-09-30": -23.744, "2017-06-30": -5.295, "2017-03-31": "-0.77900", "2016-12-31": 0, "2016-09-30": 0, "2016-06-30": 14.577, "2016-03-31": "-14.57700", "2015-12-31": 0, "2015-09-30": 0, "2015-06-30": 30.552, "2015-03-31": "-30.55200", "2014-12-31": -0.2, "2014-09-30": -1.471, "2014-06-30": -0.85, "2014-03-31": "0.85000", "2013-12-31": -0.416, "2013-09-30": -0.15, "2013-06-30": 0.004, "2013-03-31": "14.09000", "2012-12-31": -12.878, "2012-09-30": 0, "2012-06-30": 0, "2012-03-31": "", "2011-12-31": 2.813, "2011-09-30": 0, "2011-06-30": -1.241, "2011-03-31": "1.24100", "2010-12-31": 0.435, "2010-09-30": -4.248, "2010-06-30": -0.298, "2010-03-31": "-0.16700", "2009-12-31": 2.571, "2009-09-30": -0.055, "2009-06-30": -0.188, "2009-03-31": "0.12100", "2008-12-31": 0.726, "2008-09-30": -0.133, "2008-06-30": 0.73, "2008-03-31": "1.10500", "2007-12-31": 0.062, "2007-09-30": -0.049, "2007-06-30": 0.224, "2007-03-31": "7.53200", "2006-12-31": -6.052, "2006-09-30": 1.306, "2006-06-30": 3.925, "2006-03-31": "-3.99100", "2005-12-31": 0.548, "2005-09-30": 21.467, "2005-06-30": -18.13, "2005-03-31": "2.55900"}, "Change In Inventories": {"2020-09-30": 1.3, "2020-06-30": -0.8, "2020-03-31": "-3.90000", "2019-12-31": -6.524, "2019-09-30": 1.3, "2019-06-30": 0.6, "2019-03-31": "-1.80000", "2018-12-31": 0.383, "2018-09-30": -0.636, "2018-06-30": -2.962, "2018-03-31": "-0.30900", "2017-12-31": -0.782, "2017-09-30": -0.114, "2017-06-30": -0.128, "2017-03-31": "", "2016-12-31": 0, "2016-09-30": 0, "2016-06-30": 0, "2016-03-31": "", "2015-12-31": 0, "2015-09-30": 0, "2015-06-30": 0, "2015-03-31": "", "2014-12-31": 0, "2014-09-30": 0, "2014-06-30": 0, "2014-03-31": "", "2013-12-31": 0, "2013-09-30": 0, "2013-06-30": 0, "2013-03-31": "", "2012-12-31": 0, "2012-09-30": 0, "2012-06-30": 0, "2012-03-31": "", "2011-12-31": 0, "2011-09-30": 0, "2011-06-30": 0, "2011-03-31": "", "2010-12-31": 0, "2010-09-30": 0, "2010-06-30": 0, "2010-03-31": "", "2009-12-31": 0, "2009-09-30": 0, "2009-06-30": 0, "2009-03-31": "", "2008-12-31": 0, "2008-09-30": 0, "2008-06-30": 0, "2008-03-31": "", "2007-12-31": 0, "2007-09-30": 0, "2007-06-30": 0, "2007-03-31": "", "2006-12-31": 0, "2006-09-30": 0, "2006-06-30": 0, "2006-03-31": "", "2005-12-31": 0, "2005-09-30": 0, "2005-06-30": 0, "2005-03-31": ""}, "Change In Accounts Payable": {"2020-09-30": 0, "2020-06-30": 0, "2020-03-31": "", "2019-12-31": 0, "2019-09-30": 0, "2019-06-30": 0, "2019-03-31": "", "2018-12-31": 0, "2018-09-30": 0, "2018-06-30": 0, "2018-03-31": "", "2017-12-31": 0, "2017-09-30": 0, "2017-06-30": 0, "2017-03-31": "", "2016-12-31": 0, "2016-09-30": 0, "2016-06-30": 0, "2016-03-31": "", "2015-12-31": 0, "2015-09-30": 0, "2015-06-30": 0, "2015-03-31": "", "2014-12-31": 0, "2014-09-30": 0, "2014-06-30": 0, "2014-03-31": "", "2013-12-31": 0, "2013-09-30": 0, "2013-06-30": 0, "2013-03-31": "", "2012-12-31": 0, "2012-09-30": 0, "2012-06-30": 0, "2012-03-31": "", "2011-12-31": 0, "2011-09-30": 0, "2011-06-30": 0, "2011-03-31": "", "2010-12-31": 0, "2010-09-30": 0, "2010-06-30": 0, "2010-03-31": "", "2009-12-31": 0, "2009-09-30": 0, "2009-06-30": 0, "2009-03-31": "", "2008-12-31": 0, "2008-09-30": 0, "2008-06-30": 0, "2008-03-31": "", "2007-12-31": 0, "2007-09-30": 0, "2007-06-30": 0, "2007-03-31": "", "2006-12-31": 0, "2006-09-30": 0, "2006-06-30": 0, "2006-03-31": "", "2005-12-31": 0, "2005-09-30": 0, "2005-06-30": 0, "2005-03-31": ""}, "Change In Assets/Liabilities": {"2020-09-30": -28.3, "2020-06-30": 2.7, "2020-03-31": "-4.10000", "2019-12-31": 9.479, "2019-09-30": 1.1, "2019-06-30": 8, "2019-03-31": "3.30000", "2018-12-31": 5.546, "2018-09-30": 0.18, "2018-06-30": -2.309, "2018-03-31": "-0.76000", "2017-12-31": 0.509, "2017-09-30": -1.938, "2017-06-30": -2.499, "2017-03-31": "-0.06600", "2016-12-31": 1.696, "2016-09-30": -0.203, "2016-06-30": 0, "2016-03-31": "-0.11000", "2015-12-31": 0.975, "2015-09-30": -1.444, "2015-06-30": -0.556, "2015-03-31": "-0.11300", "2014-12-31": -0.11, "2014-09-30": 0.092, "2014-06-30": -0.298, "2014-03-31": "-0.10200", "2013-12-31": 0.006, "2013-09-30": -0.097, "2013-06-30": -0.197, "2013-03-31": "-0.19400", "2012-12-31": 0.614, "2012-09-30": -0.402, "2012-06-30": 0.132, "2012-03-31": "-0.58000", "2011-12-31": 14.072, "2011-09-30": -20.206, "2011-06-30": 0.205, "2011-03-31": "-1.11500", "2010-12-31": -0.878, "2010-09-30": -0.956, "2010-06-30": -2.431, "2010-03-31": "-0.92700", "2009-12-31": -7.727, "2009-09-30": -0.881, "2009-06-30": -0.351, "2009-03-31": "-1.79400", "2008-12-31": -0.897, "2008-09-30": -0.78, "2008-06-30": 0.079, "2008-03-31": "-0.21300", "2007-12-31": 0.119, "2007-09-30": -0.509, "2007-06-30": 0.4, "2007-03-31": "0.04600", "2006-12-31": 0.435, "2006-09-30": 0.082, "2006-06-30": -10.065, "2006-03-31": "8.99700", "2005-12-31": 0.288, "2005-09-30": 0.401, "2005-06-30": 0.23, "2005-03-31": "-0.17200"}, "Total Change In Assets/Liabilities": {"2020-09-30": -2.3, "2020-06-30": 13.3, "2020-03-31": "-46.30000", "2019-12-31": 33.341, "2019-09-30": -11.8, "2019-06-30": 9.5, "2019-03-31": "-30.80000", "2018-12-31": 12.898, "2018-09-30": -1.069, "2018-06-30": 8.85, "2018-03-31": "-22.43600", "2017-12-31": 14.649, "2017-09-30": -15.316, "2017-06-30": -0.368, "2017-03-31": "-7.77200", "2016-12-31": 5.216, "2016-09-30": -0.509, "2016-06-30": 18.108, "2016-03-31": "-17.03400", "2015-12-31": 6.859, "2015-09-30": 0.84, "2015-06-30": 32.215, "2015-03-31": "-31.21100", "2014-12-31": 1.237, "2014-09-30": 0.543, "2014-06-30": 0.208, "2014-03-31": "-0.37900", "2013-12-31": -1.333, "2013-09-30": -0.801, "2013-06-30": 1.303, "2013-03-31": "12.92800", "2012-12-31": -12.805, "2012-09-30": 0.787, "2012-06-30": 0.926, "2012-03-31": "-2.57900", "2011-12-31": 18.119, "2011-09-30": -20.124, "2011-06-30": 0.816, "2011-03-31": "-2.89300", "2010-12-31": -0.276, "2010-09-30": -3.77, "2010-06-30": -1.884, "2010-03-31": "-2.55500", "2009-12-31": -6.099, "2009-09-30": -3.421, "2009-06-30": -0.29, "2009-03-31": "-2.57000", "2008-12-31": -3.44, "2008-09-30": -1.114, "2008-06-30": 2.755, "2008-03-31": "-10.57300", "2007-12-31": 8.38, "2007-09-30": 1.073, "2007-06-30": 2.377, "2007-03-31": "5.86100", "2006-12-31": -5.418, "2006-09-30": -0.417, "2006-06-30": -5.698, "2006-03-31": "0.45500", "2005-12-31": 4.087, "2005-09-30": 22.243, "2005-06-30": -18.917, "2005-03-31": "-4.11700"}, "Cash Flow From Operating Activities": {"2020-09-30": -17.5, "2020-06-30": 118.9, "2020-03-31": "38.20000", "2019-12-31": 102.554, "2019-09-30": 97.8, "2019-06-30": 64.2, "2019-03-31": "-112.50000", "2018-12-31": 50.454, "2018-09-30": 68.917, "2018-06-30": 20.479, "2018-03-31": "-38.48600", "2017-12-31": 40.575, "2017-09-30": -9.31, "2017-06-30": -48.239, "2017-03-31": "-77.35700", "2016-12-31": -31.625, "2016-09-30": -31.01, "2016-06-30": -14.335, "2016-03-31": "-29.21100", "2015-12-31": -15.203, "2015-09-30": -18.572, "2015-06-30": 13.961, "2015-03-31": "-18.18300", "2014-12-31": -15.309, "2014-09-30": -12.099, "2014-06-30": -9.965, "2014-03-31": "-9.76700", "2013-12-31": -10.879, "2013-09-30": -10.78, "2013-06-30": -9.86, "2013-03-31": "1.91200", "2012-12-31": -8.909, "2012-09-30": -8.303, "2012-06-30": -6.878, "2012-03-31": "-11.20400", "2011-12-31": 11.02, "2011-09-30": 2.772, "2011-06-30": -5.91, "2011-03-31": "-8.58000", "2010-12-31": -4.528, "2010-09-30": 1.141, "2010-06-30": 65.518, "2010-03-31": "-12.18800", "2009-12-31": -13.973, "2009-09-30": -11.101, "2009-06-30": -13.631, "2009-03-31": "-14.39000", "2008-12-31": -16.322, "2008-09-30": -14.679, "2008-06-30": -14.983, "2008-03-31": "-28.18100", "2007-12-31": -4.226, "2007-09-30": -21.501, "2007-06-30": -18.754, "2007-03-31": "-14.85300", "2006-12-31": -16.799, "2006-09-30": -33.742, "2006-06-30": -28.443, "2006-03-31": "-20.35000", "2005-12-31": -22.904, "2005-09-30": 45.597, "2005-06-30": -27.508, "2005-03-31": "-25.97900"}, "Net Change In Property, Plant, And Equipment": {"2020-09-30": -0.4, "2020-06-30": -4.7, "2020-03-31": "-1.30000", "2019-12-31": -2.84, "2019-09-30": -3.5, "2019-06-30": -4.5, "2019-03-31": "-3.90000", "2018-12-31": -6.006, "2018-09-30": -12.359, "2018-06-30": -4.631, "2018-03-31": "-1.78200", "2017-12-31": -2.377, "2017-09-30": -2.797, "2017-06-30": -0.397, "2017-03-31": "-1.36200", "2016-12-31": -0.347, "2016-09-30": -0.764, "2016-06-30": -2.246, "2016-03-31": "-0.73800", "2015-12-31": -0.828, "2015-09-30": -0.316, "2015-06-30": -0.51, "2015-03-31": "-0.27100", "2014-12-31": -0.439, "2014-09-30": -0.269, "2014-06-30": -0.644, "2014-03-31": "-0.21500", "2013-12-31": -0.189, "2013-09-30": 0.007, "2013-06-30": -0.277, "2013-03-31": "-0.04600", "2012-12-31": -0.035, "2012-09-30": -0.282, "2012-06-30": -0.243, "2012-03-31": "-0.37900", "2011-12-31": 0.018, "2011-09-30": -0.476, "2011-06-30": -0.11, "2011-03-31": "0.06300", "2010-12-31": 0.082, "2010-09-30": -0.051, "2010-06-30": -0.156, "2010-03-31": "0.14600", "2009-12-31": 0.239, "2009-09-30": 0.599, "2009-06-30": 0.032, "2009-03-31": "0.28800", "2008-12-31": -0.063, "2008-09-30": 0.041, "2008-06-30": -0.598, "2008-03-31": "-0.10700", "2007-12-31": -0.13, "2007-09-30": -0.192, "2007-06-30": -0.108, "2007-03-31": "-0.06500", "2006-12-31": -0.086, "2006-09-30": -0.282, "2006-06-30": -2.02, "2006-03-31": "-0.72200", "2005-12-31": -2.973, "2005-09-30": -1.67, "2005-06-30": -1.078, "2005-03-31": "-1.51400"}, "Net Change In Intangible Assets": {"2020-09-30": 0, "2020-06-30": 0, "2020-03-31": "", "2019-12-31": 0, "2019-09-30": 0, "2019-06-30": 0, "2019-03-31": "", "2018-12-31": 0, "2018-09-30": 0, "2018-06-30": 0, "2018-03-31": "", "2017-12-31": 0, "2017-09-30": 0, "2017-06-30": 0, "2017-03-31": "", "2016-12-31": 0, "2016-09-30": 0, "2016-06-30": 0, "2016-03-31": "", "2015-12-31": 0, "2015-09-30": 0, "2015-06-30": 0, "2015-03-31": "", "2014-12-31": 0, "2014-09-30": 0, "2014-06-30": 0, "2014-03-31": "", "2013-12-31": 0, "2013-09-30": 0, "2013-06-30": 0, "2013-03-31": "", "2012-12-31": 0, "2012-09-30": 0, "2012-06-30": 0, "2012-03-31": "", "2011-12-31": 0, "2011-09-30": 0, "2011-06-30": 0, "2011-03-31": "", "2010-12-31": 0, "2010-09-30": 0, "2010-06-30": 0, "2010-03-31": "", "2009-12-31": 0, "2009-09-30": 0, "2009-06-30": 0, "2009-03-31": "", "2008-12-31": 0, "2008-09-30": 0, "2008-06-30": 0, "2008-03-31": "", "2007-12-31": 0, "2007-09-30": 0, "2007-06-30": 0, "2007-03-31": "", "2006-12-31": 0, "2006-09-30": 0, "2006-06-30": 0, "2006-03-31": "", "2005-12-31": 0, "2005-09-30": 0, "2005-06-30": 0, "2005-03-31": ""}, "Net Acquisitions/Divestitures": {"2020-09-30": 0, "2020-06-30": 0, "2020-03-31": "", "2019-12-31": 0, "2019-09-30": 0, "2019-06-30": 0, "2019-03-31": "", "2018-12-31": 0, "2018-09-30": 0, "2018-06-30": 0, "2018-03-31": "", "2017-12-31": 0, "2017-09-30": 0, "2017-06-30": 0, "2017-03-31": "", "2016-12-31": 0, "2016-09-30": 0, "2016-06-30": 0, "2016-03-31": "", "2015-12-31": 0, "2015-09-30": 0, "2015-06-30": 0, "2015-03-31": "", "2014-12-31": 0, "2014-09-30": 0, "2014-06-30": 0, "2014-03-31": "", "2013-12-31": 0, "2013-09-30": 0, "2013-06-30": 0, "2013-03-31": "", "2012-12-31": 0, "2012-09-30": 0, "2012-06-30": 0, "2012-03-31": "", "2011-12-31": 0, "2011-09-30": 0, "2011-06-30": 0, "2011-03-31": "", "2010-12-31": 0, "2010-09-30": 0, "2010-06-30": 0, "2010-03-31": "", "2009-12-31": 0, "2009-09-30": 0, "2009-06-30": 0, "2009-03-31": "", "2008-12-31": 0, "2008-09-30": 0, "2008-06-30": 0, "2008-03-31": "", "2007-12-31": 0, "2007-09-30": 0, "2007-06-30": 0, "2007-03-31": "", "2006-12-31": 0, "2006-09-30": 0, "2006-06-30": 0, "2006-03-31": "", "2005-12-31": 0, "2005-09-30": 0, "2005-06-30": 0, "2005-03-31": ""}, "Net Change In Short-term Investments": {"2020-09-30": 25.6, "2020-06-30": 304.6, "2020-03-31": "-172.00000", "2019-12-31": -163.333, "2019-09-30": -82.1, "2019-06-30": 220.1, "2019-03-31": "-171.00000", "2018-12-31": 111.152, "2018-09-30": -329.289, "2018-06-30": 55.268, "2018-03-31": "-55.26800", "2017-12-31": -57.017, "2017-09-30": -32.595, "2017-06-30": -212.916, "2017-03-31": "58.20800", "2016-12-31": 15.415, "2016-09-30": 43.973, "2016-06-30": -13.531, "2016-03-31": "71.19300", "2015-12-31": 22.88, "2015-09-30": -47.568, "2015-06-30": -53.418, "2015-03-31": "-115.82300", "2014-12-31": 16.372, "2014-09-30": 3.485, "2014-06-30": -57.752, "2014-03-31": "-65.51600", "2013-12-31": 21.026, "2013-09-30": -1.28, "2013-06-30": 21.238, "2013-03-31": "-35.03100", "2012-12-31": 27.923, "2012-09-30": 10.99, "2012-06-30": -27.869, "2012-03-31": "-44.83700", "2011-12-31": -2.291, "2011-09-30": 18.361, "2011-06-30": 0.303, "2011-03-31": "-21.19600", "2010-12-31": -19.163, "2010-09-30": -18.898, "2010-06-30": -22.467, "2010-03-31": "5.58000", "2009-12-31": 5.85, "2009-09-30": 7.111, "2009-06-30": 0.559, "2009-03-31": "-2.70500", "2008-12-31": 4.971, "2008-09-30": 3.044, "2008-06-30": 0.413, "2008-03-31": "36.71800", "2007-12-31": -5.287, "2007-09-30": 21.631, "2007-06-30": -7.411, "2007-03-31": "13.55900", "2006-12-31": 22.726, "2006-09-30": 25.031, "2006-06-30": 14.947, "2006-03-31": "60.16200", "2005-12-31": -6.829, "2005-09-30": -21.046, "2005-06-30": 32.534, "2005-03-31": "12.48300"}, "Net Change In Long-Term Investments": {"2020-09-30": 0, "2020-06-30": -206.5, "2020-03-31": "206.50000", "2019-12-31": 0, "2019-09-30": 0, "2019-06-30": -215.9, "2019-03-31": "215.90000", "2018-12-31": -211.402, "2018-09-30": 296.553, "2018-06-30": -85.151, "2018-03-31": "", "2017-12-31": 0, "2017-09-30": 0, "2017-06-30": 0, "2017-03-31": "", "2016-12-31": 0, "2016-09-30": 0, "2016-06-30": 0, "2016-03-31": "", "2015-12-31": 0, "2015-09-30": 0, "2015-06-30": 0, "2015-03-31": "", "2014-12-31": 0, "2014-09-30": 0, "2014-06-30": 0, "2014-03-31": "", "2013-12-31": 0, "2013-09-30": 0, "2013-06-30": 0, "2013-03-31": "", "2012-12-31": 0, "2012-09-30": 0, "2012-06-30": 0, "2012-03-31": "", "2011-12-31": 0, "2011-09-30": 0, "2011-06-30": 0, "2011-03-31": "", "2010-12-31": 0, "2010-09-30": 0, "2010-06-30": 0, "2010-03-31": "", "2009-12-31": 0, "2009-09-30": 0, "2009-06-30": 0, "2009-03-31": "", "2008-12-31": 0, "2008-09-30": 0, "2008-06-30": 0, "2008-03-31": "", "2007-12-31": 0, "2007-09-30": 0, "2007-06-30": 0, "2007-03-31": "", "2006-12-31": 0, "2006-09-30": 0, "2006-06-30": 0, "2006-03-31": "", "2005-12-31": 0, "2005-09-30": 0, "2005-06-30": 0, "2005-03-31": ""}, "Net Change In Investments - Total": {"2020-09-30": 25.6, "2020-06-30": 98.1, "2020-03-31": "34.50000", "2019-12-31": -163.333, "2019-09-30": -82.1, "2019-06-30": 4.2, "2019-03-31": "44.90000", "2018-12-31": -100.25, "2018-09-30": -32.736, "2018-06-30": -29.883, "2018-03-31": "-55.26800", "2017-12-31": -57.017, "2017-09-30": -32.595, "2017-06-30": -212.916, "2017-03-31": "58.20800", "2016-12-31": 15.415, "2016-09-30": 43.973, "2016-06-30": -13.531, "2016-03-31": "71.19300", "2015-12-31": 22.88, "2015-09-30": -47.568, "2015-06-30": -53.418, "2015-03-31": "-115.82300", "2014-12-31": 16.372, "2014-09-30": 3.485, "2014-06-30": -57.752, "2014-03-31": "-65.51600", "2013-12-31": 21.026, "2013-09-30": -1.28, "2013-06-30": 21.238, "2013-03-31": "-35.03100", "2012-12-31": 27.923, "2012-09-30": 10.99, "2012-06-30": -27.869, "2012-03-31": "-44.83700", "2011-12-31": -2.291, "2011-09-30": 18.361, "2011-06-30": 0.303, "2011-03-31": "-21.19600", "2010-12-31": -19.163, "2010-09-30": -18.898, "2010-06-30": -22.467, "2010-03-31": "5.58000", "2009-12-31": 5.85, "2009-09-30": 7.111, "2009-06-30": 0.559, "2009-03-31": "-2.70500", "2008-12-31": 4.971, "2008-09-30": 3.044, "2008-06-30": 0.413, "2008-03-31": "36.71800", "2007-12-31": -5.287, "2007-09-30": 21.631, "2007-06-30": -7.411, "2007-03-31": "13.55900", "2006-12-31": 22.726, "2006-09-30": 25.031, "2006-06-30": 14.947, "2006-03-31": "60.16200", "2005-12-31": -6.829, "2005-09-30": -21.046, "2005-06-30": 32.534, "2005-03-31": "12.48300"}, "Investing Activities - Other": {"2020-09-30": 0, "2020-06-30": 0, "2020-03-31": "", "2019-12-31": 0, "2019-09-30": 0, "2019-06-30": 0, "2019-03-31": "", "2018-12-31": 0, "2018-09-30": 0, "2018-06-30": 0, "2018-03-31": "", "2017-12-31": 0, "2017-09-30": 0, "2017-06-30": 0, "2017-03-31": "", "2016-12-31": 0.092, "2016-09-30": 0, "2016-06-30": 0.108, "2016-03-31": "-0.20000", "2015-12-31": 0, "2015-09-30": 0.024, "2015-06-30": 0.016, "2015-03-31": "", "2014-12-31": -0.388, "2014-09-30": 0, "2014-06-30": 0, "2014-03-31": "", "2013-12-31": -0.108, "2013-09-30": -0.032, "2013-06-30": 0.032, "2013-03-31": "", "2012-12-31": -0.001, "2012-09-30": -0.053, "2012-06-30": 0.025, "2012-03-31": "", "2011-12-31": 1.822, "2011-09-30": -0.024, "2011-06-30": 0, "2011-03-31": "-0.00200", "2010-12-31": 0.231, "2010-09-30": -0.004, "2010-06-30": -0.002, "2010-03-31": "-0.00200", "2009-12-31": -0.003, "2009-09-30": 0.092, "2009-06-30": -0.01, "2009-03-31": "0.00500", "2008-12-31": 0.031, "2008-09-30": 0.127, "2008-06-30": -0.163, "2008-03-31": "0.00600", "2007-12-31": -1.161, "2007-09-30": 0, "2007-06-30": 0, "2007-03-31": "", "2006-12-31": 0.525, "2006-09-30": 0, "2006-06-30": 0, "2006-03-31": "", "2005-12-31": 0, "2005-09-30": 0, "2005-06-30": 0, "2005-03-31": "-0.52500"}, "Cash Flow From Investing Activities": {"2020-09-30": 25.2, "2020-06-30": 93.4, "2020-03-31": "33.20000", "2019-12-31": -166.173, "2019-09-30": -85.6, "2019-06-30": -0.3, "2019-03-31": "41.00000", "2018-12-31": -106.256, "2018-09-30": -45.095, "2018-06-30": -34.514, "2018-03-31": "-57.05000", "2017-12-31": -59.394, "2017-09-30": -35.392, "2017-06-30": -213.313, "2017-03-31": "56.84600", "2016-12-31": 15.16, "2016-09-30": 43.196, "2016-06-30": -15.656, "2016-03-31": "70.25500", "2015-12-31": 22.052, "2015-09-30": -47.86, "2015-06-30": -53.912, "2015-03-31": "-116.09400", "2014-12-31": 15.545, "2014-09-30": 3.216, "2014-06-30": -58.396, "2014-03-31": "-65.73100", "2013-12-31": 20.729, "2013-09-30": -1.305, "2013-06-30": 20.993, "2013-03-31": "-35.07700", "2012-12-31": 27.887, "2012-09-30": 10.655, "2012-06-30": -28.087, "2012-03-31": "-45.21600", "2011-12-31": -0.451, "2011-09-30": 17.861, "2011-06-30": 0.193, "2011-03-31": "-21.13500", "2010-12-31": -18.85, "2010-09-30": -18.953, "2010-06-30": -22.625, "2010-03-31": "5.72400", "2009-12-31": 6.086, "2009-09-30": 7.802, "2009-06-30": 0.581, "2009-03-31": "-2.41200", "2008-12-31": 4.939, "2008-09-30": 3.212, "2008-06-30": -0.348, "2008-03-31": "36.61700", "2007-12-31": -6.578, "2007-09-30": 21.439, "2007-06-30": -7.519, "2007-03-31": "13.49400", "2006-12-31": 23.165, "2006-09-30": 24.749, "2006-06-30": 12.927, "2006-03-31": "59.44000", "2005-12-31": -9.802, "2005-09-30": -22.716, "2005-06-30": 31.456, "2005-03-31": "10.44400"}, "Net Long-Term Debt": {"2020-09-30": 0, "2020-06-30": 0, "2020-03-31": "", "2019-12-31": 0, "2019-09-30": 0, "2019-06-30": 0, "2019-03-31": "", "2018-12-31": 0, "2018-09-30": 0, "2018-06-30": 0, "2018-03-31": "", "2017-12-31": 0, "2017-09-30": 0, "2017-06-30": 502.781, "2017-03-31": "", "2016-12-31": 0, "2016-09-30": 0, "2016-06-30": 0, "2016-03-31": "", "2015-12-31": 0, "2015-09-30": 0, "2015-06-30": 0, "2015-03-31": "", "2014-12-31": 0, "2014-09-30": 0, "2014-06-30": 0, "2014-03-31": "", "2013-12-31": 0, "2013-09-30": 0, "2013-06-30": 0, "2013-03-31": "", "2012-12-31": 0, "2012-09-30": 0, "2012-06-30": 0, "2012-03-31": "", "2011-12-31": 0, "2011-09-30": 0, "2011-06-30": 0, "2011-03-31": "", "2010-12-31": 0, "2010-09-30": 0, "2010-06-30": 0, "2010-03-31": "", "2009-12-31": 0, "2009-09-30": 0, "2009-06-30": 0, "2009-03-31": "", "2008-12-31": -0.276, "2008-09-30": -0.325, "2008-06-30": -0.424, "2008-03-31": "-0.46100", "2007-12-31": 60.102, "2007-09-30": -1.075, "2007-06-30": -1.199, "2007-03-31": "-1.23800", "2006-12-31": -1.351, "2006-09-30": -1.459, "2006-06-30": -1.499, "2006-03-31": "-1.45400", "2005-12-31": -1.589, "2005-09-30": -1.641, "2005-06-30": -1.774, "2005-03-31": "-1.71800"}, "Net Current Debt": {"2020-09-30": 0, "2020-06-30": 0, "2020-03-31": "", "2019-12-31": 0, "2019-09-30": 0, "2019-06-30": 0, "2019-03-31": "", "2018-12-31": 0, "2018-09-30": 0, "2018-06-30": 0, "2018-03-31": "", "2017-12-31": 0, "2017-09-30": 0, "2017-06-30": 0, "2017-03-31": "", "2016-12-31": 0, "2016-09-30": 0, "2016-06-30": 0, "2016-03-31": "", "2015-12-31": 0, "2015-09-30": 0, "2015-06-30": 0, "2015-03-31": "", "2014-12-31": 0, "2014-09-30": 0, "2014-06-30": 0, "2014-03-31": "", "2013-12-31": 0, "2013-09-30": 0, "2013-06-30": 0, "2013-03-31": "", "2012-12-31": 0, "2012-09-30": 0, "2012-06-30": 0, "2012-03-31": "", "2011-12-31": 0, "2011-09-30": 0, "2011-06-30": 0, "2011-03-31": "", "2010-12-31": 0, "2010-09-30": 0, "2010-06-30": 0, "2010-03-31": "", "2009-12-31": 0, "2009-09-30": 0, "2009-06-30": 0, "2009-03-31": "", "2008-12-31": 0, "2008-09-30": 0, "2008-06-30": 0, "2008-03-31": "", "2007-12-31": 0, "2007-09-30": 0, "2007-06-30": 0, "2007-03-31": "", "2006-12-31": 0, "2006-09-30": 0, "2006-06-30": 0, "2006-03-31": "", "2005-12-31": 0, "2005-09-30": 0, "2005-06-30": 0, "2005-03-31": ""}, "Debt Issuance/Retirement Net - Total": {"2020-09-30": 0, "2020-06-30": 0, "2020-03-31": "", "2019-12-31": 0, "2019-09-30": 0, "2019-06-30": 0, "2019-03-31": "", "2018-12-31": 0, "2018-09-30": 0, "2018-06-30": 0, "2018-03-31": "", "2017-12-31": 0, "2017-09-30": 0, "2017-06-30": 502.781, "2017-03-31": "", "2016-12-31": 0, "2016-09-30": 0, "2016-06-30": 0, "2016-03-31": "", "2015-12-31": 0, "2015-09-30": 0, "2015-06-30": 0, "2015-03-31": "", "2014-12-31": 0, "2014-09-30": 0, "2014-06-30": 0, "2014-03-31": "", "2013-12-31": 0, "2013-09-30": 0, "2013-06-30": 0, "2013-03-31": "", "2012-12-31": 0, "2012-09-30": 0, "2012-06-30": 0, "2012-03-31": "", "2011-12-31": 0, "2011-09-30": 0, "2011-06-30": 0, "2011-03-31": "", "2010-12-31": 0, "2010-09-30": 0, "2010-06-30": 0, "2010-03-31": "", "2009-12-31": 0, "2009-09-30": 0, "2009-06-30": 0, "2009-03-31": "", "2008-12-31": -0.276, "2008-09-30": -0.325, "2008-06-30": -0.424, "2008-03-31": "-0.46100", "2007-12-31": 60.102, "2007-09-30": -1.075, "2007-06-30": -1.199, "2007-03-31": "-1.23800", "2006-12-31": -1.351, "2006-09-30": -1.459, "2006-06-30": -1.499, "2006-03-31": "-1.45400", "2005-12-31": -1.589, "2005-09-30": -1.641, "2005-06-30": -1.774, "2005-03-31": "-1.71800"}, "Net Common Equity Issued/Repurchased": {"2020-09-30": 2.5, "2020-06-30": 15.8, "2020-03-31": "3.30000", "2019-12-31": 7.313, "2019-09-30": 13.1, "2019-06-30": 4.3, "2019-03-31": "2.60000", "2018-12-31": 1.782, "2018-09-30": 5.49, "2018-06-30": 6.123, "2018-03-31": "16.13500", "2017-12-31": 5.6, "2017-09-30": 3.022, "2017-06-30": 3.712, "2017-03-31": "1.53100", "2016-12-31": 0.063, "2016-09-30": 1.329, "2016-06-30": 0.936, "2016-03-31": "0.06200", "2015-12-31": 0.968, "2015-09-30": 0.74, "2015-06-30": 1.759, "2015-03-31": "273.52500", "2014-12-31": 1.732, "2014-09-30": 0.484, "2014-06-30": 0.274, "2014-03-31": "136.24100", "2013-12-31": 0.05, "2013-09-30": 2.661, "2013-06-30": 1.625, "2013-03-31": "0.96600", "2012-12-31": 0.288, "2012-09-30": 0.118, "2012-06-30": 0.043, "2012-03-31": "83.25300", "2011-12-31": 0.022, "2011-09-30": 0.045, "2011-06-30": 0.162, "2011-03-31": "0.05700", "2010-12-31": 0.099, "2010-09-30": 0.022, "2010-06-30": 0.003, "2010-03-31": "21.35900", "2009-12-31": 9.9, "2009-09-30": 0, "2009-06-30": 0, "2009-03-31": "", "2008-12-31": 0.001, "2008-09-30": 0, "2008-06-30": 0.033, "2008-03-31": "", "2007-12-31": 0.016, "2007-09-30": 0.002, "2007-06-30": 0.5, "2007-03-31": "0.07300", "2006-12-31": 0.206, "2006-09-30": 0.044, "2006-06-30": 1.689, "2006-03-31": "13.91000", "2005-12-31": 8.774, "2005-09-30": 5.645, "2005-06-30": 1.755, "2005-03-31": "0.79600"}, "Net Total Equity Issued/Repurchased": {"2020-09-30": 2.5, "2020-06-30": 15.8, "2020-03-31": "3.30000", "2019-12-31": 7.313, "2019-09-30": 13.1, "2019-06-30": 4.3, "2019-03-31": "2.60000", "2018-12-31": 1.782, "2018-09-30": 5.49, "2018-06-30": 6.123, "2018-03-31": "16.13500", "2017-12-31": 5.6, "2017-09-30": 3.022, "2017-06-30": 3.712, "2017-03-31": "1.53100", "2016-12-31": 0.063, "2016-09-30": 1.329, "2016-06-30": 0.936, "2016-03-31": "0.06200", "2015-12-31": 0.968, "2015-09-30": 0.74, "2015-06-30": 1.759, "2015-03-31": "273.52500", "2014-12-31": 1.732, "2014-09-30": 0.484, "2014-06-30": 0.274, "2014-03-31": "136.24100", "2013-12-31": 0.05, "2013-09-30": 2.661, "2013-06-30": 1.625, "2013-03-31": "0.96600", "2012-12-31": 0.288, "2012-09-30": 0.118, "2012-06-30": 0.043, "2012-03-31": "83.25300", "2011-12-31": 0.022, "2011-09-30": 0.045, "2011-06-30": 0.162, "2011-03-31": "0.05700", "2010-12-31": 0.099, "2010-09-30": 0.022, "2010-06-30": 0.003, "2010-03-31": "21.35900", "2009-12-31": 9.9, "2009-09-30": 0, "2009-06-30": 0, "2009-03-31": "", "2008-12-31": 0.001, "2008-09-30": 0, "2008-06-30": 0.033, "2008-03-31": "", "2007-12-31": 0.016, "2007-09-30": 0.002, "2007-06-30": 0.5, "2007-03-31": "0.07300", "2006-12-31": 0.206, "2006-09-30": 0.044, "2006-06-30": 1.689, "2006-03-31": "13.91000", "2005-12-31": 8.774, "2005-09-30": 5.645, "2005-06-30": 1.755, "2005-03-31": "0.79600"}, "Total Common And Preferred Stock Dividends Paid": {"2020-09-30": 0, "2020-06-30": 0, "2020-03-31": "", "2019-12-31": 0, "2019-09-30": 0, "2019-06-30": 0, "2019-03-31": "", "2018-12-31": 0, "2018-09-30": 0, "2018-06-30": 0, "2018-03-31": "", "2017-12-31": 0, "2017-09-30": 0, "2017-06-30": 0, "2017-03-31": "", "2016-12-31": 0, "2016-09-30": 0, "2016-06-30": 0, "2016-03-31": "", "2015-12-31": 0, "2015-09-30": 0, "2015-06-30": 0, "2015-03-31": "", "2014-12-31": 0, "2014-09-30": 0, "2014-06-30": 0, "2014-03-31": "", "2013-12-31": 0, "2013-09-30": 0, "2013-06-30": 0, "2013-03-31": "", "2012-12-31": 0, "2012-09-30": 0, "2012-06-30": 0, "2012-03-31": "", "2011-12-31": 0, "2011-09-30": 0, "2011-06-30": 0, "2011-03-31": "", "2010-12-31": 0, "2010-09-30": 0, "2010-06-30": 0, "2010-03-31": "", "2009-12-31": 0, "2009-09-30": 0, "2009-06-30": 0, "2009-03-31": "", "2008-12-31": 0, "2008-09-30": 0, "2008-06-30": 0, "2008-03-31": "", "2007-12-31": 0, "2007-09-30": 0, "2007-06-30": 0, "2007-03-31": "", "2006-12-31": 0, "2006-09-30": 0, "2006-06-30": 0, "2006-03-31": "", "2005-12-31": 0, "2005-09-30": 0, "2005-06-30": 0, "2005-03-31": ""}, "Financial Activities - Other": {"2020-09-30": 0, "2020-06-30": 0, "2020-03-31": "", "2019-12-31": 0, "2019-09-30": 0, "2019-06-30": 0, "2019-03-31": "", "2018-12-31": 0, "2018-09-30": 0, "2018-06-30": 0, "2018-03-31": "", "2017-12-31": 0, "2017-09-30": 0, "2017-06-30": 0, "2017-03-31": "", "2016-12-31": 0, "2016-09-30": 0, "2016-06-30": 0, "2016-03-31": "", "2015-12-31": 0, "2015-09-30": 0, "2015-06-30": 0, "2015-03-31": "", "2014-12-31": 0, "2014-09-30": 0, "2014-06-30": 0, "2014-03-31": "", "2013-12-31": 0, "2013-09-30": 0, "2013-06-30": 0, "2013-03-31": "", "2012-12-31": 0, "2012-09-30": 0, "2012-06-30": 0, "2012-03-31": "", "2011-12-31": 0, "2011-09-30": 0, "2011-06-30": 0, "2011-03-31": "", "2010-12-31": 0, "2010-09-30": 0, "2010-06-30": 0, "2010-03-31": "", "2009-12-31": 0, "2009-09-30": 0, "2009-06-30": 0, "2009-03-31": "", "2008-12-31": 0, "2008-09-30": 0, "2008-06-30": 0, "2008-03-31": "", "2007-12-31": 0, "2007-09-30": 0, "2007-06-30": 0, "2007-03-31": "", "2006-12-31": 0, "2006-09-30": 0, "2006-06-30": 0, "2006-03-31": "", "2005-12-31": 0.085, "2005-09-30": 0, "2005-06-30": 0, "2005-03-31": ""}, "Cash Flow From Financial Activities": {"2020-09-30": 2.5, "2020-06-30": 15.8, "2020-03-31": "3.30000", "2019-12-31": 7.313, "2019-09-30": 13.1, "2019-06-30": 4.3, "2019-03-31": "2.60000", "2018-12-31": 1.782, "2018-09-30": 5.49, "2018-06-30": 6.123, "2018-03-31": "16.13500", "2017-12-31": 5.6, "2017-09-30": 3.022, "2017-06-30": 506.493, "2017-03-31": "1.53100", "2016-12-31": 0.063, "2016-09-30": 1.329, "2016-06-30": 0.936, "2016-03-31": "0.06200", "2015-12-31": 0.968, "2015-09-30": 0.74, "2015-06-30": 1.759, "2015-03-31": "273.52500", "2014-12-31": 1.732, "2014-09-30": 0.484, "2014-06-30": 0.274, "2014-03-31": "136.24100", "2013-12-31": 0.05, "2013-09-30": 2.661, "2013-06-30": 1.625, "2013-03-31": "0.96600", "2012-12-31": 0.288, "2012-09-30": 0.118, "2012-06-30": 0.043, "2012-03-31": "83.25300", "2011-12-31": 0.022, "2011-09-30": 0.045, "2011-06-30": 0.162, "2011-03-31": "0.05700", "2010-12-31": 0.099, "2010-09-30": 0.022, "2010-06-30": 0.003, "2010-03-31": "21.35900", "2009-12-31": 9.9, "2009-09-30": 0, "2009-06-30": 0, "2009-03-31": "", "2008-12-31": -0.275, "2008-09-30": -0.325, "2008-06-30": -0.391, "2008-03-31": "-0.46100", "2007-12-31": 60.118, "2007-09-30": -1.073, "2007-06-30": -0.699, "2007-03-31": "-1.16500", "2006-12-31": -1.145, "2006-09-30": -1.415, "2006-06-30": 0.19, "2006-03-31": "12.45600", "2005-12-31": 7.27, "2005-09-30": 4.004, "2005-06-30": -0.019, "2005-03-31": "-0.92200"}, "Net Cash Flow": {"2020-09-30": 10.2, "2020-06-30": 228.1, "2020-03-31": "74.70000", "2019-12-31": -56.306, "2019-09-30": 25.3, "2019-06-30": 68.2, "2019-03-31": "-68.90000", "2018-12-31": -54.02, "2018-09-30": 29.312, "2018-06-30": -7.912, "2018-03-31": "-79.40100", "2017-12-31": -13.219, "2017-09-30": -41.68, "2017-06-30": 244.941, "2017-03-31": "-18.98000", "2016-12-31": -16.402, "2016-09-30": 13.515, "2016-06-30": -29.055, "2016-03-31": "41.10600", "2015-12-31": 7.817, "2015-09-30": -65.692, "2015-06-30": -38.192, "2015-03-31": "139.24800", "2014-12-31": 1.968, "2014-09-30": -8.399, "2014-06-30": -68.087, "2014-03-31": "60.74300", "2013-12-31": 9.9, "2013-09-30": -9.424, "2013-06-30": 12.758, "2013-03-31": "-32.19900", "2012-12-31": 19.266, "2012-09-30": 2.47, "2012-06-30": -34.922, "2012-03-31": "26.83300", "2011-12-31": 10.591, "2011-09-30": 20.678, "2011-06-30": -5.555, "2011-03-31": "-29.65800", "2010-12-31": -23.279, "2010-09-30": -17.79, "2010-06-30": 42.896, "2010-03-31": "14.89500", "2009-12-31": 2.013, "2009-09-30": -3.299, "2009-06-30": -13.05, "2009-03-31": "-16.80200", "2008-12-31": -11.658, "2008-09-30": -11.792, "2008-06-30": -15.722, "2008-03-31": "7.97500", "2007-12-31": 49.314, "2007-09-30": -1.135, "2007-06-30": -26.972, "2007-03-31": "-2.52400", "2006-12-31": 5.221, "2006-09-30": -10.408, "2006-06-30": -15.326, "2006-03-31": "51.54600", "2005-12-31": -25.436, "2005-09-30": 26.885, "2005-06-30": 3.929, "2005-03-31": "-16.45700"}, "Stock-Based Compensation": {"2020-09-30": 26.7, "2020-06-30": 29.5, "2020-03-31": "22.80000", "2019-12-31": 21.262, "2019-09-30": 20.3, "2019-06-30": 17.9, "2019-03-31": "15.80000", "2018-12-31": 13.268, "2018-09-30": 13.07, "2018-06-30": 11.851, "2018-03-31": "19.87900", "2017-12-31": 13.452, "2017-09-30": 10.204, "2017-06-30": 9.89, "2017-03-31": "8.97600", "2016-12-31": 7.953, "2016-09-30": 6.319, "2016-06-30": 7.274, "2016-03-31": "6.91800", "2015-12-31": 6.226, "2015-09-30": 13.903, "2015-06-30": 4.663, "2015-03-31": "3.60000", "2014-12-31": 2.444, "2014-09-30": 2.664, "2014-06-30": 2.827, "2014-03-31": "2.44700", "2013-12-31": 1.696, "2013-09-30": 1.711, "2013-06-30": 1.68, "2013-03-31": "1.73200", "2012-12-31": 1.31, "2012-09-30": 1.37, "2012-06-30": 1.373, "2012-03-31": "1.42600", "2011-12-31": 0.907, "2011-09-30": 0.904, "2011-06-30": 0.395, "2011-03-31": "0.71200", "2010-12-31": 0.856, "2010-09-30": 0.875, "2010-06-30": 0.843, "2010-03-31": "0.55900", "2009-12-31": 0.929, "2009-09-30": 1.699, "2009-06-30": 1.041, "2009-03-31": "1.87000", "2008-12-31": 1.806, "2008-09-30": 1.751, "2008-06-30": 2.247, "2008-03-31": "2.18900", "2007-12-31": 2.226, "2007-09-30": 2.554, "2007-06-30": 2.794, "2007-03-31": "2.40900", "2006-12-31": 1.699, "2006-09-30": 3.188, "2006-06-30": 2.69, "2006-03-31": "6.78800", "2005-12-31": 0.604, "2005-09-30": 0.107, "2005-06-30": 0.105, "2005-03-31": "0.20900"}, "Common Stock Dividends Paid": {"2020-09-30": 0, "2020-06-30": 0, "2020-03-31": "", "2019-12-31": 0, "2019-09-30": 0, "2019-06-30": 0, "2019-03-31": "", "2018-12-31": 0, "2018-09-30": 0, "2018-06-30": 0, "2018-03-31": "", "2017-12-31": 0, "2017-09-30": 0, "2017-06-30": 0, "2017-03-31": "", "2016-12-31": 0, "2016-09-30": 0, "2016-06-30": 0, "2016-03-31": "", "2015-12-31": 0, "2015-09-30": 0, "2015-06-30": 0, "2015-03-31": "", "2014-12-31": 0, "2014-09-30": 0, "2014-06-30": 0, "2014-03-31": "", "2013-12-31": 0, "2013-09-30": 0, "2013-06-30": 0, "2013-03-31": "", "2012-12-31": 0, "2012-09-30": 0, "2012-06-30": 0, "2012-03-31": "", "2011-12-31": 0, "2011-09-30": 0, "2011-06-30": 0, "2011-03-31": "", "2010-12-31": 0, "2010-09-30": 0, "2010-06-30": 0, "2010-03-31": "", "2009-12-31": 0, "2009-09-30": 0, "2009-06-30": 0, "2009-03-31": "", "2008-12-31": 0, "2008-09-30": 0, "2008-06-30": 0, "2008-03-31": "", "2007-12-31": 0, "2007-09-30": 0, "2007-06-30": 0, "2007-03-31": "", "2006-12-31": 0, "2006-09-30": 0, "2006-06-30": 0, "2006-03-31": "", "2005-12-31": 0, "2005-09-30": 0, "2005-06-30": 0, "2005-03-31": ""}}, "financial ratios": {"Current Ratio": {"2019-12-31": "1.47010", "2018-12-31": "8.36170", "2017-12-31": "10.19580", "2016-12-31": "10.20720", "2015-12-31": "14.93580", "2014-12-31": "12.65340", "2013-12-31": "12.69010", "2012-12-31": "12.09660", "2011-12-31": "2.81210", "2010-12-31": "2.52100", "2009-12-31": "2.77480", "2008-12-31": "3.12040", "2007-12-31": "6.11720", "2006-12-31": "9.62710", "2005-12-31": "8.28990"}, "Long-term Debt / Capital": {"2019-12-31": "", "2018-12-31": "0.44690", "2017-12-31": "0.49830", "2016-12-31": "0.00200", "2015-12-31": "0.00370", "2014-12-31": "0.01050", "2013-12-31": "0.02180", "2012-12-31": "0.01970", "2011-12-31": "0.03730", "2010-12-31": "0.25380", "2009-12-31": "0.64680", "2008-12-31": "0.16990", "2007-12-31": "0.47810", "2006-12-31": "0.13510", "2005-12-31": "0.12080"}, "Debt/Equity Ratio": {"2019-12-31": "0.64180", "2018-12-31": "0.80810", "2017-12-31": "0.99320", "2016-12-31": "0.00270", "2015-12-31": "0.00530", "2014-12-31": "0.01280", "2013-12-31": "0.02570", "2012-12-31": "0.02390", "2011-12-31": "0.04310", "2010-12-31": "0.51510", "2009-12-31": "2.91600", "2008-12-31": "0.41870", "2007-12-31": "0.92870", "2006-12-31": "0.17040", "2005-12-31": "0.15230"}, "Gross Margin": {"2019-12-31": "99.05750", "2018-12-31": "98.91650", "2017-12-31": "99.22410", "2016-12-31": "100.00000", "2015-12-31": "100.00000", "2014-12-31": "", "2013-12-31": "100.00000", "2012-12-31": "100.00000", "2011-12-31": "100.00000", "2010-12-31": "100.00000", "2009-12-31": "100.00000", "2008-12-31": "100.00000", "2007-12-31": "100.00000", "2006-12-31": "100.00000", "2005-12-31": "100.00000"}, "Operating Margin": {"2019-12-31": "9.17200", "2018-12-31": "8.17640", "2017-12-31": "-81.27470", "2016-12-31": "-982.48000", "2015-12-31": "-476.51370", "2014-12-31": "", "2013-12-31": "-1701.88400", "2012-12-31": "2.72490", "2011-12-31": "43.81950", "2010-12-31": "-40.96000", "2009-12-31": "-1817.47400", "2008-12-31": "-2196.17600", "2007-12-31": "-17340.03000", "2006-12-31": "-288.82340", "2005-12-31": "-20.23750"}, "EBIT Margin": {"2019-12-31": "9.17200", "2018-12-31": "8.17640", "2017-12-31": "-81.27470", "2016-12-31": "-982.48000", "2015-12-31": "-476.51370", "2014-12-31": "", "2013-12-31": "-1701.88400", "2012-12-31": "2.72490", "2011-12-31": "43.81950", "2010-12-31": "-40.96000", "2009-12-31": "-1817.47400", "2008-12-31": "-2196.17600", "2007-12-31": "-17340.03000", "2006-12-31": "-288.82340", "2005-12-31": "-20.23750"}, "EBITDA Margin": {"2019-12-31": "12.44550", "2018-12-31": "13.57280", "2017-12-31": "-71.41180", "2016-12-31": "-949.32670", "2015-12-31": "-440.89740", "2014-12-31": "", "2013-12-31": "-1581.50100", "2012-12-31": "9.86070", "2011-12-31": "47.74000", "2010-12-31": "-34.18700", "2009-12-31": "-1709.82100", "2008-12-31": "-2004.72900", "2007-12-31": "-16571.73000", "2006-12-31": "-261.89270", "2005-12-31": "-12.08990"}, "Pre-Tax Profit Margin": {"2019-12-31": "5.90570", "2018-12-31": "4.84020", "2017-12-31": "-88.19250", "2016-12-31": "-940.60000", "2015-12-31": "-449.84060", "2014-12-31": "", "2013-12-31": "-1578.96500", "2012-12-31": "9.45620", "2011-12-31": "48.53320", "2010-12-31": "-23.78440", "2009-12-31": "-1728.34400", "2008-12-31": "-2229.25800", "2007-12-31": "-16936.19000", "2006-12-31": "-273.24510", "2005-12-31": "-17.91200"}, "Net Profit Margin": {"2019-12-31": "4.69640", "2018-12-31": "4.67840", "2017-12-31": "-88.19250", "2016-12-31": "-940.60000", "2015-12-31": "-449.84070", "2014-12-31": "", "2013-12-31": "-1578.96500", "2012-12-31": "9.45620", "2011-12-31": "48.53320", "2010-12-31": "-23.78440", "2009-12-31": "-1728.34400", "2008-12-31": "-2229.25800", "2007-12-31": "-16936.19000", "2006-12-31": "-273.24510", "2005-12-31": "-17.91200"}, "Asset Turnover": {"2019-12-31": "0.60340", "2018-12-31": "0.45440", "2017-12-31": "0.19770", "2016-12-31": "0.04110", "2015-12-31": "0.04160", "2014-12-31": "", "2013-12-31": "0.01890", "2012-12-31": "0.27120", "2011-12-31": "0.55950", "2010-12-31": "0.23200", "2009-12-31": "0.04170", "2008-12-31": "0.03360", "2007-12-31": "0.00440", "2006-12-31": "0.10070", "2005-12-31": "0.25640"}, "Inventory Turnover Ratio": {"2019-12-31": "0.42970", "2018-12-31": "0.45000", "2017-12-31": "1.22460", "2016-12-31": "", "2015-12-31": "", "2014-12-31": "", "2013-12-31": "", "2012-12-31": "", "2011-12-31": "", "2010-12-31": "", "2009-12-31": "", "2008-12-31": "", "2007-12-31": "", "2006-12-31": "", "2005-12-31": ""}, "Receiveable Turnover": {"2019-12-31": "6.22620", "2018-12-31": "7.86050", "2017-12-31": "5.19250", "2016-12-31": "", "2015-12-31": "", "2014-12-31": "", "2013-12-31": "", "2012-12-31": "3.77170", "2011-12-31": "40.67950", "2010-12-31": "7.49460", "2009-12-31": "", "2008-12-31": "101.92310", "2007-12-31": "45.33330", "2006-12-31": "5.45600", "2005-12-31": "144.39280"}, "Days Sales In Receivables": {"2019-12-31": "58.62280", "2018-12-31": "46.43470", "2017-12-31": "70.29410", "2016-12-31": "", "2015-12-31": "", "2014-12-31": "", "2013-12-31": "", "2012-12-31": "96.77240", "2011-12-31": "8.97260", "2010-12-31": "48.70150", "2009-12-31": "", "2008-12-31": "3.58110", "2007-12-31": "8.05150", "2006-12-31": "66.89900", "2005-12-31": "2.52780"}, "ROE - Return On Equity": {"2019-12-31": "5.81110", "2018-12-31": "4.39110", "2017-12-31": "-38.30350", "2016-12-31": "-44.80800", "2015-12-31": "-20.95140", "2014-12-31": "-29.00920", "2013-12-31": "-38.27750", "2012-12-31": "3.25510", "2011-12-31": "62.53390", "2010-12-31": "-41.18890", "2009-12-31": "-1290.79600", "2008-12-31": "-240.96650", "2007-12-31": "-174.64550", "2006-12-31": "-34.06400", "2005-12-31": "-5.68850"}, "Return On Tangible Equity": {"2019-12-31": "5.81110", "2018-12-31": "4.39110", "2017-12-31": "-38.30350", "2016-12-31": "-44.80800", "2015-12-31": "-20.95140", "2014-12-31": "-29.00920", "2013-12-31": "-38.27760", "2012-12-31": "3.25510", "2011-12-31": "62.53390", "2010-12-31": "-41.18900", "2009-12-31": "-1290.79300", "2008-12-31": "-240.96640", "2007-12-31": "-174.64550", "2006-12-31": "-34.06400", "2005-12-31": "-5.68850"}, "ROA - Return On Assets": {"2019-12-31": "2.83390", "2018-12-31": "2.12570", "2017-12-31": "-17.43440", "2016-12-31": "-38.64570", "2015-12-31": "-18.73040", "2014-12-31": "-24.91100", "2013-12-31": "-29.79780", "2012-12-31": "2.56410", "2011-12-31": "27.15300", "2010-12-31": "-5.51710", "2009-12-31": "-72.06930", "2008-12-31": "-74.98010", "2007-12-31": "-74.93080", "2006-12-31": "-27.51130", "2005-12-31": "-4.59320"}, "ROI - Return On Investment": {"2019-12-31": "5.81110", "2018-12-31": "2.42860", "2017-12-31": "-19.21680", "2016-12-31": "-44.72030", "2015-12-31": "-20.87490", "2014-12-31": "-28.70510", "2013-12-31": "-37.44420", "2012-12-31": "3.19110", "2011-12-31": "60.20130", "2010-12-31": "-30.73480", "2009-12-31": "-455.90000", "2008-12-31": "-200.02480", "2007-12-31": "-91.14370", "2006-12-31": "-29.46260", "2005-12-31": "-5.00140"}, "Book Value Per Share": {"2019-12-31": "6.90270", "2018-12-31": "5.29490", "2017-12-31": "4.19100", "2016-12-31": "3.62420", "2015-12-31": "4.92050", "2014-12-31": "2.72930", "2013-12-31": "1.78780", "2012-12-31": "2.32320", "2011-12-31": "1.08720", "2010-12-31": "0.35250", "2009-12-31": "0.08990", "2008-12-31": "0.95270", "2007-12-31": "3.10120", "2006-12-31": "8.30250", "2005-12-31": "10.50560"}, "Operating Cash Flow Per Share": {"2019-12-31": 0.5256, "2018-12-31": 2.1336, "2017-12-31": 0.1536, "2016-12-31": -0.7748, "2015-12-31": 0.1824, "2014-12-31": -0.1901, "2013-12-31": 0.0852, "2012-12-31": -0.5148, "2011-12-31": -0.9579, "2010-12-31": 2.3021, "2009-12-31": 0.5723, "2008-12-31": -0.3678, "2007-12-31": 1.0722, "2006-12-31": -1.7957, "2005-12-31": -0.8376}, "Free Cash Flow Per Share": {"2019-12-31": 0.6315, "2018-12-31": 1.9525, "2017-12-31": 0.1221, "2016-12-31": -0.7992, "2015-12-31": 0.1806, "2014-12-31": -0.2036, "2013-12-31": 0.0917, "2012-12-31": -0.5199, "2011-12-31": -0.9672, "2010-12-31": 2.273, "2009-12-31": 0.6207, "2008-12-31": -0.3737, "2007-12-31": 1.1417, "2006-12-31": -1.6814, "2005-12-31": -1.0344}}, "financial ratios, quarterly": {"Current Ratio": {"2020-09-30": "1.89350", "2020-06-30": "2.00030", "2020-03-31": "6.90090", "2019-12-31": "1.47000", "2019-09-30": "7.08360", "2019-06-30": "7.44420", "2019-03-31": "8.79400", "2018-12-31": "8.36170", "2018-09-30": "1.56530", "2018-06-30": "9.19140", "2018-03-31": "11.05570", "2017-12-31": "10.19580", "2017-09-30": "14.38050", "2017-06-30": "19.36260", "2017-03-31": "10.16220", "2016-12-31": "10.20720", "2016-09-30": "13.42130", "2016-06-30": "14.57180", "2016-03-31": "17.22740", "2015-12-31": "14.93580", "2015-09-30": "19.31110", "2015-06-30": "22.18520", "2015-03-31": "26.66450", "2014-12-31": "12.65340", "2014-09-30": "13.09140", "2014-06-30": "16.39220", "2014-03-31": "20.90260", "2013-12-31": "12.69010", "2013-09-30": "11.95240", "2013-06-30": "10.69460", "2013-03-31": "11.55750", "2012-12-31": "12.09660", "2012-09-30": "7.70210", "2012-06-30": "6.21770", "2012-03-31": "5.04970", "2011-12-31": "2.81210", "2011-09-30": "2.81000", "2011-06-30": "2.40120", "2011-03-31": "2.58190", "2010-12-31": "2.52100", "2010-09-30": "2.47430", "2010-06-30": "2.75810", "2010-03-31": "3.66780", "2009-12-31": "2.77480", "2009-09-30": "2.42010", "2009-06-30": "1.62900", "2009-03-31": "2.06550", "2008-12-31": "3.12040", "2008-09-30": "5.20740", "2008-06-30": "5.82890", "2008-03-31": "8.46890", "2007-12-31": "6.11720", "2007-09-30": "6.40230", "2007-06-30": "7.94990", "2007-03-31": "9.55580", "2006-12-31": "9.62710", "2006-09-30": "9.62900", "2006-06-30": "10.05460", "2006-03-31": "8.38670", "2005-12-31": "8.28990", "2005-09-30": "8.49420", "2005-06-30": "6.73860", "2005-03-31": "5.95640"}, "Long-term Debt / Capital": {"2020-09-30": "", "2020-06-30": "", "2020-03-31": "0.37160", "2019-12-31": "", "2019-09-30": "0.41260", "2019-06-30": "0.45170", "2019-03-31": "0.49010", "2018-12-31": "0.44690", "2018-09-30": "", "2018-06-30": "0.50100", "2018-03-31": "0.50660", "2017-12-31": "0.49830", "2017-09-30": "0.51230", "2017-06-30": "0.51090", "2017-03-31": "0.00220", "2016-12-31": "0.00200", "2016-09-30": "0.00180", "2016-06-30": "0.00190", "2016-03-31": "0.00200", "2015-12-31": "0.00370", "2015-09-30": "0.00370", "2015-06-30": "0.00380", "2015-03-31": "0.00430", "2014-12-31": "0.01050", "2014-09-30": "0.01030", "2014-06-30": "0.01020", "2014-03-31": "0.01030", "2013-12-31": "0.02180", "2013-09-30": "0.02110", "2013-06-30": "0.02080", "2013-03-31": "0.02030", "2012-12-31": "0.01970", "2012-09-30": "0.01560", "2012-06-30": "0.01490", "2012-03-31": "0.01550", "2011-12-31": "0.03730", "2011-09-30": "0.08460", "2011-06-30": "0.18250", "2011-03-31": "0.21100", "2010-12-31": "0.25380", "2010-09-30": "0.21230", "2010-06-30": "0.29090", "2010-03-31": "0.26930", "2009-12-31": "0.64680", "2009-09-30": "0.88630", "2009-06-30": "0.27230", "2009-03-31": "0.13630", "2008-12-31": "0.16990", "2008-09-30": "0.63080", "2008-06-30": "0.57660", "2008-03-31": "0.52430", "2007-12-31": "0.47810", "2007-09-30": "0.16220", "2007-06-30": "0.15120", "2007-03-31": "0.14260", "2006-12-31": "0.13510", "2006-09-30": "0.13310", "2006-06-30": "0.12400", "2006-03-31": "0.12010", "2005-12-31": "0.12080", "2005-09-30": "0.11980", "2005-06-30": "0.13160", "2005-03-31": "0.13390"}, "Debt/Equity Ratio": {"2020-09-30": "0.52840", "2020-06-30": "0.50470", "2020-03-31": "0.59130", "2019-12-31": "0.64190", "2019-09-30": "0.70250", "2019-06-30": "0.82380", "2019-03-31": "0.96130", "2018-12-31": "0.80810", "2018-09-30": "0.85730", "2018-06-30": "1.00380", "2018-03-31": "1.02670", "2017-12-31": "0.99320", "2017-09-30": "1.05100", "2017-06-30": "1.04530", "2017-03-31": "0.00320", "2016-12-31": "0.00270", "2016-09-30": "0.00260", "2016-06-30": "0.00260", "2016-03-31": "0.00250", "2015-12-31": "0.00530", "2015-09-30": "0.00480", "2015-06-30": "0.00500", "2015-03-31": "0.00530", "2014-12-31": "0.01280", "2014-09-30": "0.01240", "2014-06-30": "0.01220", "2014-03-31": "0.01210", "2013-12-31": "0.02570", "2013-09-30": "0.02470", "2013-06-30": "0.02420", "2013-03-31": "0.02410", "2012-12-31": "0.02390", "2012-09-30": "0.01780", "2012-06-30": "0.01700", "2012-03-31": "0.01760", "2011-12-31": "0.04310", "2011-09-30": "0.12020", "2011-06-30": "0.30160", "2011-03-31": "0.38490", "2010-12-31": "0.51510", "2010-09-30": "0.51260", "2010-06-30": "0.76890", "2010-03-31": "0.62990", "2009-12-31": "2.91600", "2009-09-30": "16.07070", "2009-06-30": "2.47200", "2009-03-31": "0.95330", "2008-12-31": "0.41870", "2008-09-30": "1.71290", "2008-06-30": "1.36950", "2008-03-31": "1.11250", "2007-12-31": "0.92870", "2007-09-30": "0.20460", "2007-06-30": "0.19030", "2007-03-31": "0.17960", "2006-12-31": "0.17040", "2006-09-30": "0.16840", "2006-06-30": "0.15600", "2006-03-31": "0.15100", "2005-12-31": "0.15230", "2005-09-30": "0.15110", "2005-06-30": "0.16840", "2005-03-31": "0.17190"}, "Gross Margin": {"2020-09-30": "98.95550", "2020-06-30": "99.20640", "2020-03-31": "99.11430", "2019-12-31": "98.96430", "2019-09-30": "99.00950", "2019-06-30": "99.12810", "2019-03-31": "99.20520", "2018-12-31": "98.83340", "2018-09-30": "98.97800", "2018-06-30": "99.11870", "2018-03-31": "98.66360", "2017-12-31": "99.19590", "2017-09-30": "99.28750", "2017-06-30": "99.03710", "2017-03-31": "", "2016-12-31": "", "2016-09-30": "", "2016-06-30": "", "2016-03-31": "100.00000", "2015-12-31": "", "2015-09-30": "", "2015-06-30": "", "2015-03-31": "100.00000", "2014-12-31": "", "2014-09-30": "", "2014-06-30": "", "2014-03-31": "", "2013-12-31": "100.00000", "2013-09-30": "100.00000", "2013-06-30": "100.00000", "2013-03-31": "100.00000", "2012-12-31": "100.00000", "2012-09-30": "100.00000", "2012-06-30": "100.00000", "2012-03-31": "100.00000", "2011-12-31": "100.00000", "2011-09-30": "100.00000", "2011-06-30": "100.00000", "2011-03-31": "100.00000", "2010-12-31": "100.00000", "2010-09-30": "100.00000", "2010-06-30": "100.00000", "2010-03-31": "100.00000", "2009-12-31": "100.00000", "2009-09-30": "100.00000", "2009-06-30": "100.00000", "2009-03-31": "100.00000", "2008-12-31": "100.00000", "2008-09-30": "100.00000", "2008-06-30": "100.00000", "2008-03-31": "100.00000", "2007-12-31": "100.00000", "2007-09-30": "100.00000", "2007-06-30": "100.00000", "2007-03-31": "100.00000", "2006-12-31": "100.00000", "2006-09-30": "100.00000", "2006-06-30": "100.00000", "2006-03-31": "100.00000", "2005-12-31": "100.00000", "2005-09-30": "100.00000", "2005-06-30": "100.00000", "2005-03-31": "100.00000"}, "Operating Margin": {"2020-09-30": "-17.13730", "2020-06-30": "25.33070", "2020-03-31": "24.84180", "2019-12-31": "19.98590", "2019-09-30": "40.56730", "2019-06-30": "18.74660", "2019-03-31": "-72.97690", "2018-12-31": "16.63290", "2018-09-30": "35.79610", "2018-06-30": "-1.91120", "2018-03-31": "-52.67850", "2017-12-31": "12.52050", "2017-09-30": "-9.86440", "2017-06-30": "-903.99370", "2017-03-31": "", "2016-12-31": "", "2016-09-30": "", "2016-06-30": "", "2016-03-31": "-139.04670", "2015-12-31": "", "2015-09-30": "", "2015-06-30": "", "2015-03-31": "-11.57370", "2014-12-31": "", "2014-09-30": "", "2014-06-30": "", "2014-03-31": "", "2013-12-31": "-1579.45200", "2013-09-30": "-1646.91400", "2013-06-30": "-1803.69800", "2013-03-31": "-1777.39700", "2012-12-31": "39.10330", "2012-09-30": "-42.34260", "2012-06-30": "-13.05710", "2012-03-31": "-15.90490", "2011-12-31": "4.02340", "2011-09-30": "73.11330", "2011-06-30": "9.01540", "2011-03-31": "15.49710", "2010-12-31": "-0.94450", "2010-09-30": "17.06810", "2010-06-30": "-126.85760", "2010-03-31": "-1350.46500", "2009-12-31": "-1213.51400", "2009-09-30": "-1326.46700", "2009-06-30": "-2161.39200", "2009-03-31": "-2560.10700", "2008-12-31": "-4213.30600", "2008-09-30": "-2063.60100", "2008-06-30": "-2740.73600", "2008-03-31": "-1185.72200", "2007-12-31": "-24171.81000", "2007-09-30": "-5338.14800", "2007-06-30": "-57391.67000", "2007-03-31": "-26225.00000", "2006-12-31": "-172.27750", "2006-09-30": "-3742.64400", "2006-06-30": "-316.57290", "2006-03-31": "-141.68210", "2005-12-31": "-174.28960", "2005-09-30": "38.79990", "2005-06-30": "-18.84890", "2005-03-31": "-163.07320"}, "EBIT Margin": {"2020-09-30": "-17.13730", "2020-06-30": "25.33070", "2020-03-31": "24.84180", "2019-12-31": "19.98590", "2019-09-30": "40.56730", "2019-06-30": "18.74660", "2019-03-31": "-72.97690", "2018-12-31": "16.63300", "2018-09-30": "35.79610", "2018-06-30": "-1.91120", "2018-03-31": "-52.67850", "2017-12-31": "12.52050", "2017-09-30": "-9.86440", "2017-06-30": "-903.99370", "2017-03-31": "", "2016-12-31": "", "2016-09-30": "", "2016-06-30": "", "2016-03-31": "-139.04670", "2015-12-31": "", "2015-09-30": "", "2015-06-30": "", "2015-03-31": "-11.57370", "2014-12-31": "", "2014-09-30": "", "2014-06-30": "", "2014-03-31": "", "2013-12-31": "-1579.45200", "2013-09-30": "-1646.91400", "2013-06-30": "-1803.69800", "2013-03-31": "-1777.39700", "2012-12-31": "39.10330", "2012-09-30": "-42.34260", "2012-06-30": "-13.05710", "2012-03-31": "-15.90490", "2011-12-31": "4.02340", "2011-09-30": "73.11330", "2011-06-30": "9.01540", "2011-03-31": "15.49710", "2010-12-31": "-0.94460", "2010-09-30": "17.06810", "2010-06-30": "-126.85760", "2010-03-31": "-1350.46500", "2009-12-31": "-1213.51400", "2009-09-30": "-1326.46700", "2009-06-30": "-2161.39200", "2009-03-31": "-2560.10700", "2008-12-31": "-4213.30500", "2008-09-30": "-2063.60100", "2008-06-30": "-2740.73600", "2008-03-31": "-1185.72200", "2007-12-31": "-24171.81000", "2007-09-30": "-5338.14800", "2007-06-30": "-57391.67000", "2007-03-31": "-26225.00000", "2006-12-31": "-172.27750", "2006-09-30": "-3742.64400", "2006-06-30": "-316.57290", "2006-03-31": "-141.68210", "2005-12-31": "-174.28960", "2005-09-30": "38.79990", "2005-06-30": "-18.84890", "2005-03-31": "-163.07320"}, "EBITDA Margin": {"2020-09-30": "", "2020-06-30": "", "2020-03-31": "", "2019-12-31": "", "2019-09-30": "", "2019-06-30": "", "2019-03-31": "", "2018-12-31": "", "2018-09-30": "", "2018-06-30": "", "2018-03-31": "", "2017-12-31": "", "2017-09-30": "", "2017-06-30": "", "2017-03-31": "", "2016-12-31": "", "2016-09-30": "", "2016-06-30": "", "2016-03-31": "", "2015-12-31": "", "2015-09-30": "", "2015-06-30": "", "2015-03-31": "", "2014-12-31": "", "2014-09-30": "", "2014-06-30": "", "2014-03-31": "", "2013-12-31": "", "2013-09-30": "", "2013-06-30": "", "2013-03-31": "", "2012-12-31": "", "2012-09-30": "", "2012-06-30": "", "2012-03-31": "", "2011-12-31": "", "2011-09-30": "", "2011-06-30": "", "2011-03-31": "", "2010-12-31": "", "2010-09-30": "", "2010-06-30": "", "2010-03-31": "", "2009-12-31": "", "2009-09-30": "", "2009-06-30": "", "2009-03-31": "", "2008-12-31": "", "2008-09-30": "", "2008-06-30": "", "2008-03-31": "", "2007-12-31": "", "2007-09-30": "", "2007-06-30": "", "2007-03-31": "", "2006-12-31": "", "2006-09-30": "", "2006-06-30": "", "2006-03-31": "", "2005-12-31": "", "2005-09-30": "", "2005-06-30": "", "2005-03-31": ""}, "Pre-Tax Profit Margin": {"2020-09-30": "-22.08900", "2020-06-30": "27.51320", "2020-03-31": "16.40660", "2019-12-31": "15.83120", "2019-09-30": "26.29450", "2019-06-30": "28.39240", "2019-03-31": "-74.13300", "2018-12-31": "14.30350", "2018-09-30": "33.45080", "2018-06-30": "-6.10190", "2018-03-31": "-58.82730", "2017-12-31": "7.29390", "2017-09-30": "-18.30550", "2017-06-30": "-946.88240", "2017-03-31": "", "2016-12-31": "", "2016-09-30": "", "2016-06-30": "", "2016-03-31": "-128.42670", "2015-12-31": "", "2015-09-30": "", "2015-06-30": "", "2015-03-31": "-6.02970", "2014-12-31": "", "2014-09-30": "", "2014-06-30": "", "2014-03-31": "", "2013-12-31": "-1457.80800", "2013-09-30": "-1526.88600", "2013-06-30": "-1676.98600", "2013-03-31": "-1654.11000", "2012-12-31": "43.24050", "2012-09-30": "-32.89520", "2012-06-30": "-4.74030", "2012-03-31": "-7.86370", "2011-12-31": "11.98020", "2011-09-30": "75.37590", "2011-06-30": "16.25400", "2011-03-31": "23.03390", "2010-12-31": "18.21040", "2010-09-30": "23.06890", "2010-06-30": "-110.96270", "2010-03-31": "-1146.87900", "2009-12-31": "-1069.73000", "2009-09-30": "-1115.55200", "2009-06-30": "-2084.58400", "2009-03-31": "-2632.53000", "2008-12-31": "-3958.02500", "2008-09-30": "-2327.33300", "2008-06-30": "-2857.08500", "2008-03-31": "-1203.71200", "2007-12-31": "-24055.46000", "2007-09-30": "-5044.44400", "2007-06-30": "-54925.00000", "2007-03-31": "-24730.77000", "2006-12-31": "-155.84740", "2006-09-30": "-3644.60000", "2006-06-30": "-296.93850", "2006-03-31": "-132.98930", "2005-12-31": "-169.42810", "2005-09-30": "40.39080", "2005-06-30": "-16.89530", "2005-03-31": "-158.71540"}, "Net Profit Margin": {"2020-09-30": "-22.28240", "2020-06-30": "26.32280", "2020-03-31": "15.77390", "2019-12-31": "13.93440", "2019-09-30": "24.22330", "2019-06-30": "27.95640", "2019-03-31": "-73.77170", "2018-12-31": "13.74840", "2018-09-30": "33.45080", "2018-06-30": "-6.10190", "2018-03-31": "-58.82730", "2017-12-31": "7.29390", "2017-09-30": "-18.30550", "2017-06-30": "-946.88240", "2017-03-31": "", "2016-12-31": "", "2016-09-30": "", "2016-06-30": "", "2016-03-31": "-128.42670", "2015-12-31": "", "2015-09-30": "", "2015-06-30": "", "2015-03-31": "-6.02960", "2014-12-31": "", "2014-09-30": "", "2014-06-30": "", "2014-03-31": "", "2013-12-31": "-1457.80800", "2013-09-30": "-1526.88600", "2013-06-30": "-1676.98600", "2013-03-31": "-1654.11000", "2012-12-31": "43.24050", "2012-09-30": "-32.89520", "2012-06-30": "-4.74030", "2012-03-31": "-7.86370", "2011-12-31": "11.98020", "2011-09-30": "75.37590", "2011-06-30": "16.25400", "2011-03-31": "23.03390", "2010-12-31": "18.21040", "2010-09-30": "23.06890", "2010-06-30": "-110.96270", "2010-03-31": "-1146.87900", "2009-12-31": "-1069.73000", "2009-09-30": "-1115.55200", "2009-06-30": "-2084.58400", "2009-03-31": "-2632.53100", "2008-12-31": "-3958.02500", "2008-09-30": "-2327.33300", "2008-06-30": "-2857.08400", "2008-03-31": "-1203.71200", "2007-12-31": "-24055.45000", "2007-09-30": "-5044.44400", "2007-06-30": "-54925.00000", "2007-03-31": "-24730.77000", "2006-12-31": "-155.84740", "2006-09-30": "-3644.60000", "2006-06-30": "-296.93850", "2006-03-31": "-132.98930", "2005-12-31": "-169.42810", "2005-09-30": "40.39080", "2005-06-30": "-16.89530", "2005-03-31": "-158.71540"}, "Asset Turnover": {"2020-09-30": "0.17200", "2020-06-30": "0.19950", "2020-03-31": "0.17410", "2019-12-31": "0.18690", "2019-09-30": "0.18820", "2019-06-30": "0.17200", "2019-03-31": "0.14450", "2018-12-31": "0.13240", "2018-09-30": "0.16250", "2018-06-30": "0.11520", "2018-03-31": "0.08820", "2017-12-31": "0.11560", "2017-09-30": "0.07870", "2017-06-30": "0.00840", "2017-03-31": "", "2016-12-31": "", "2016-09-30": "", "2016-06-30": "", "2016-03-31": "0.03270", "2015-12-31": "", "2015-09-30": "", "2015-06-30": "", "2015-03-31": "0.03750", "2014-12-31": "", "2014-09-30": "", "2014-06-30": "", "2014-03-31": "", "2013-12-31": "0.00470", "2013-09-30": "0.00440", "2013-06-30": "0.00420", "2013-03-31": "0.00400", "2012-12-31": "0.11200", "2012-09-30": "0.04840", "2012-06-30": "0.05230", "2012-03-31": "0.05360", "2011-12-31": "0.08030", "2011-09-30": "0.27940", "2011-06-30": "0.09540", "2011-03-31": "0.09340", "2010-12-31": "0.09460", "2010-09-30": "0.09640", "2010-06-30": "0.02990", "2010-03-31": "0.00940", "2009-12-31": "0.01040", "2009-09-30": "0.00970", "2009-06-30": "0.00840", "2009-03-31": "0.00740", "2008-12-31": "0.00620", "2008-09-30": "0.00370", "2008-06-30": "0.00330", "2008-03-31": "0.00720", "2007-12-31": "0.00190", "2007-09-30": "0.00170", "2007-06-30": "0.00010", "2007-03-31": "0.00030", "2006-12-31": "0.02420", "2006-09-30": "0.00270", "2006-06-30": "0.02090", "2006-03-31": "0.04080", "2005-12-31": "0.02920", "2005-09-30": "0.12920", "2005-06-30": "0.06980", "2005-03-31": "0.02440"}, "Inventory Turnover Ratio": {"2020-09-30": "0.13110", "2020-06-30": "0.10910", "2020-03-31": "0.09910", "2019-12-31": "0.14610", "2019-09-30": "0.20370", "2019-06-30": "0.13310", "2019-03-31": "0.08460", "2018-12-31": "0.14120", "2018-09-30": "0.25620", "2018-06-30": "", "2018-03-31": "", "2017-12-31": "0.74220", "2017-09-30": "1.78930", "2017-06-30": "0.47660", "2017-03-31": "", "2016-12-31": "", "2016-09-30": "", "2016-06-30": "", "2016-03-31": "", "2015-12-31": "", "2015-09-30": "", "2015-06-30": "", "2015-03-31": "", "2014-12-31": "", "2014-09-30": "", "2014-06-30": "", "2014-03-31": "", "2013-12-31": "", "2013-09-30": "", "2013-06-30": "", "2013-03-31": "", "2012-12-31": "", "2012-09-30": "", "2012-06-30": "", "2012-03-31": "", "2011-12-31": "", "2011-09-30": "", "2011-06-30": "", "2011-03-31": "", "2010-12-31": "", "2010-09-30": "", "2010-06-30": "", "2010-03-31": "", "2009-12-31": "", "2009-09-30": "", "2009-06-30": "", "2009-03-31": "", "2008-12-31": "", "2008-09-30": "", "2008-06-30": "", "2008-03-31": "", "2007-12-31": "", "2007-09-30": "", "2007-06-30": "", "2007-03-31": "", "2006-12-31": "", "2006-09-30": "", "2006-06-30": "", "2006-03-31": "", "2005-12-31": "", "2005-09-30": "", "2005-06-30": "", "2005-03-31": ""}, "Receiveable Turnover": {"2020-09-30": "1.64750", "2020-06-30": "2.03770", "2020-03-31": "1.59560", "2019-12-31": "1.92800", "2019-09-30": "1.92600", "2019-06-30": "1.92430", "2019-03-31": "1.92320", "2018-12-31": "2.29060", "2018-09-30": "2.80530", "2018-06-30": "2.27230", "2018-03-31": "1.59300", "2017-12-31": "3.03650", "2017-09-30": "2.03820", "2017-06-30": "1.04300", "2017-03-31": "", "2016-12-31": "", "2016-09-30": "", "2016-06-30": "", "2016-03-31": "0.99450", "2015-12-31": "", "2015-09-30": "", "2015-06-30": "", "2015-03-31": "0.65830", "2014-12-31": "", "2014-09-30": "", "2014-06-30": "", "2014-03-31": "", "2013-12-31": "", "2013-09-30": "9.72000", "2013-06-30": "19.21050", "2013-03-31": "91.25000", "2012-12-31": "1.55770", "2012-09-30": "6.83490", "2012-06-30": "6.86740", "2012-03-31": "6.22830", "2011-12-31": "5.83820", "2011-09-30": "1.85890", "2011-06-30": "4.17480", "2011-03-31": "3.81350", "2010-12-31": "3.05530", "2010-09-30": "2.76830", "2010-06-30": "0.41160", "2010-03-31": "", "2009-12-31": "", "2009-09-30": "61.08330", "2009-06-30": "244.33330", "2009-03-31": "74.70000", "2008-12-31": "18.69230", "2008-09-30": "4.66870", "2008-06-30": "367.00000", "2008-03-31": "145.91670", "2007-12-31": "19.70370", "2007-09-30": "30.00000", "2007-06-30": "1.37140", "2007-03-31": "0.37960", "2006-12-31": "1.31280", "2006-09-30": "2.49190", "2006-06-30": "22.76850", "2006-03-31": "3.28430", "2005-12-31": "16.44640", "2005-09-30": "42.09690", "2005-06-30": "1.45270", "2005-03-31": "2.80610"}, "Days Sales In Receivables": {"2020-09-30": "54.62670", "2020-06-30": "44.16670", "2020-03-31": "56.40660", "2019-12-31": "46.68010", "2019-09-30": "46.72950", "2019-06-30": "46.76910", "2019-03-31": "46.79740", "2018-12-31": "39.29170", "2018-09-30": "32.08240", "2018-06-30": "39.60730", "2018-03-31": "56.49720", "2017-12-31": "29.63940", "2017-09-30": "44.15740", "2017-06-30": "86.29200", "2017-03-31": "", "2016-12-31": "", "2016-09-30": "", "2016-06-30": "", "2016-03-31": "90.49800", "2015-12-31": "", "2015-09-30": "", "2015-06-30": "", "2015-03-31": "136.71410", "2014-12-31": "", "2014-09-30": "", "2014-06-30": "", "2014-03-31": "", "2013-12-31": "", "2013-09-30": "9.25930", "2013-06-30": "4.68490", "2013-03-31": "0.98630", "2012-12-31": "57.77600", "2012-09-30": "13.16770", "2012-06-30": "13.10530", "2012-03-31": "14.45020", "2011-12-31": "15.41580", "2011-09-30": "48.41550", "2011-06-30": "21.55800", "2011-03-31": "23.60050", "2010-12-31": "29.45740", "2010-09-30": "32.51040", "2010-06-30": "218.65170", "2010-03-31": "", "2009-12-31": "", "2009-09-30": "1.47340", "2009-06-30": "0.36830", "2009-03-31": "1.20480", "2008-12-31": "4.81480", "2008-09-30": "19.27730", "2008-06-30": "0.24520", "2008-03-31": "0.61680", "2007-12-31": "4.56770", "2007-09-30": "3.00000", "2007-06-30": "65.62500", "2007-03-31": "237.11540", "2006-12-31": "68.55830", "2006-09-30": "36.11730", "2006-06-30": "3.95280", "2006-03-31": "27.40300", "2005-12-31": "5.47230", "2005-09-30": "2.13790", "2005-06-30": "61.95180", "2005-03-31": "32.07350"}, "ROE - Return On Equity": {"2020-09-30": "-7.16150", "2020-06-30": "9.57650", "2020-03-31": "5.34060", "2019-12-31": "5.34020", "2019-09-30": "9.36440", "2019-06-30": "10.60560", "2019-03-31": "-24.94660", "2018-12-31": "3.76030", "2018-09-30": "11.34360", "2018-06-30": "-1.56660", "2018-03-31": "-11.47310", "2017-12-31": "1.85250", "2017-09-30": "-3.20130", "2017-06-30": "-17.37500", "2017-03-31": "-31.69280", "2016-12-31": "-14.18300", "2016-09-30": "-10.48970", "2016-06-30": "-10.57110", "2016-03-31": "-4.66490", "2015-12-31": "-6.90650", "2015-09-30": "-7.70460", "2015-06-30": "-5.13710", "2015-03-31": "-0.24590", "2014-12-31": "-9.31680", "2014-09-30": "-7.08590", "2014-06-30": "-5.64970", "2014-03-31": "-4.79320", "2013-12-31": "-8.83810", "2013-09-30": "-8.60920", "2013-06-30": "-9.00040", "2013-03-31": "-8.33030", "2012-12-31": "6.14750", "2012-09-30": "-2.14790", "2012-06-30": "-0.34620", "2012-03-31": "-0.61600", "2011-12-31": "2.21530", "2011-09-30": "54.34200", "2011-06-30": "7.73140", "2011-03-31": "12.53370", "2010-12-31": "12.85600", "2010-09-30": "20.02160", "2010-06-30": "-41.50820", "2010-03-31": "-51.64770", "2009-12-31": "-200.20260", "2009-09-30": "-760.67220", "2009-06-30": "-207.94780", "2009-03-31": "-102.89880", "2008-12-31": "-78.46310", "2008-09-30": "-27.82690", "2008-06-30": "-26.26600", "2008-03-31": "-21.36200", "2007-12-31": "-107.81660", "2007-09-30": "-11.12050", "2007-06-30": "-9.79900", "2007-03-31": "-8.81720", "2006-12-31": "-4.67470", "2006-09-30": "-11.98960", "2006-06-30": "-7.58740", "2006-03-31": "-6.74800", "2005-12-31": "-6.12860", "2005-09-30": "6.47720", "2005-06-30": "-1.50640", "2005-03-31": "-5.02510"}, "Return On Tangible Equity": {"2020-09-30": "-7.16150", "2020-06-30": "9.57650", "2020-03-31": "5.34060", "2019-12-31": "5.34020", "2019-09-30": "9.36440", "2019-06-30": "10.60560", "2019-03-31": "-24.94660", "2018-12-31": "3.76030", "2018-09-30": "11.34360", "2018-06-30": "-1.56660", "2018-03-31": "-11.47310", "2017-12-31": "1.85250", "2017-09-30": "-3.20130", "2017-06-30": "-17.37500", "2017-03-31": "-31.69280", "2016-12-31": "-14.18300", "2016-09-30": "-10.48970", "2016-06-30": "-10.57110", "2016-03-31": "-4.66490", "2015-12-31": "-6.90650", "2015-09-30": "-7.70460", "2015-06-30": "-5.13710", "2015-03-31": "-0.24590", "2014-12-31": "-9.31680", "2014-09-30": "-7.08590", "2014-06-30": "-5.64970", "2014-03-31": "-4.79320", "2013-12-31": "-8.83810", "2013-09-30": "-8.60920", "2013-06-30": "-9.00040", "2013-03-31": "-8.33030", "2012-12-31": "6.14750", "2012-09-30": "-2.14790", "2012-06-30": "-0.34620", "2012-03-31": "-0.61600", "2011-12-31": "2.21530", "2011-09-30": "54.34210", "2011-06-30": "7.73140", "2011-03-31": "12.53370", "2010-12-31": "12.85600", "2010-09-30": "20.02160", "2010-06-30": "-41.50820", "2010-03-31": "-51.64760", "2009-12-31": "-200.20220", "2009-09-30": "-760.65330", "2009-06-30": "-207.94780", "2009-03-31": "-102.89880", "2008-12-31": "-78.46300", "2008-09-30": "-27.82690", "2008-06-30": "-26.26600", "2008-03-31": "-21.36200", "2007-12-31": "-107.81660", "2007-09-30": "-11.12050", "2007-06-30": "-9.79900", "2007-03-31": "-8.81720", "2006-12-31": "-4.67470", "2006-09-30": "-11.98960", "2006-06-30": "-7.58740", "2006-03-31": "-6.74800", "2005-12-31": "-6.12860", "2005-09-30": "6.47720", "2005-06-30": "-1.50640", "2005-03-31": "-5.02510"}, "ROA - Return On Assets": {"2020-09-30": "-3.83340", "2020-06-30": "5.25200", "2020-03-31": "2.74620", "2019-12-31": "2.60430", "2019-09-30": "4.55960", "2019-06-30": "4.80850", "2019-03-31": "-10.66070", "2018-12-31": "1.82030", "2018-09-30": "5.43660", "2018-06-30": "-0.70280", "2018-03-31": "-5.18600", "2017-12-31": "0.84320", "2017-09-30": "-1.44010", "2017-06-30": "-7.95470", "2017-03-31": "-27.06830", "2016-12-31": "-12.23250", "2016-09-30": "-9.24110", "2016-06-30": "-9.37100", "2016-03-31": "-4.19390", "2015-12-31": "-6.17440", "2015-09-30": "-6.99280", "2015-06-30": "-4.69220", "2015-03-31": "-0.22590", "2014-12-31": "-8.00060", "2014-09-30": "-6.15900", "2014-06-30": "-4.96440", "2014-03-31": "-4.23990", "2013-12-31": "-6.88020", "2013-09-30": "-6.70680", "2013-06-30": "-7.00290", "2013-03-31": "-6.56520", "2012-12-31": "4.84240", "2012-09-30": "-1.59270", "2012-06-30": "-0.24790", "2012-03-31": "-0.42160", "2011-12-31": "0.96190", "2011-09-30": "21.05780", "2011-06-30": "1.55100", "2011-03-31": "2.15080", "2010-12-31": "1.72200", "2010-09-30": "2.22300", "2010-06-30": "-3.32290", "2010-03-31": "-10.81080", "2009-12-31": "-11.17800", "2009-09-30": "-10.77230", "2009-06-30": "-17.58970", "2009-03-31": "-19.46490", "2008-12-31": "-24.41490", "2008-09-30": "-8.52580", "2008-06-30": "-9.29280", "2008-03-31": "-8.64220", "2007-12-31": "-46.25810", "2007-09-30": "-8.57960", "2007-06-30": "-7.71180", "2007-03-31": "-7.07150", "2006-12-31": "-3.77540", "2006-09-30": "-9.68570", "2006-06-30": "-6.20260", "2006-03-31": "-5.42540", "2005-12-31": "-4.94860", "2005-09-30": "5.22010", "2005-06-30": "-1.17850", "2005-03-31": "-3.87160"}, "ROI - Return On Investment": {"2020-09-30": "-7.16150", "2020-06-30": "9.57650", "2020-03-31": "3.35610", "2019-12-31": "5.34020", "2019-09-30": "5.50040", "2019-06-30": "5.81520", "2019-03-31": "-12.71940", "2018-12-31": "2.07970", "2018-09-30": "11.34360", "2018-06-30": "-0.78180", "2018-03-31": "-5.66110", "2017-12-31": "0.92940", "2017-09-30": "-1.56110", "2017-06-30": "-8.49740", "2017-03-31": "-31.62320", "2016-12-31": "-14.15530", "2016-09-30": "-10.47030", "2016-06-30": "-10.55140", "2016-03-31": "-4.65570", "2015-12-31": "-6.88130", "2015-09-30": "-7.67590", "2015-06-30": "-5.11770", "2015-03-31": "-0.24490", "2014-12-31": "-9.21910", "2014-09-30": "-7.01280", "2014-06-30": "-5.59180", "2014-03-31": "-4.74400", "2013-12-31": "-8.64570", "2013-09-30": "-8.42740", "2013-06-30": "-8.81300", "2013-03-31": "-8.16160", "2012-12-31": "6.02660", "2012-09-30": "-2.11440", "2012-06-30": "-0.34100", "2012-03-31": "-0.60650", "2011-12-31": "2.13270", "2011-09-30": "49.74640", "2011-06-30": "6.32080", "2011-03-31": "9.88880", "2010-12-31": "9.59310", "2010-09-30": "15.77080", "2010-06-30": "-29.43160", "2010-03-31": "-37.73820", "2009-12-31": "-70.71010", "2009-09-30": "-86.50160", "2009-06-30": "-151.31710", "2009-03-31": "-88.87330", "2008-12-31": "-65.13170", "2008-09-30": "-10.27370", "2008-06-30": "-11.12010", "2008-03-31": "-10.16200", "2007-12-31": "-56.26710", "2007-09-30": "-9.31630", "2007-06-30": "-8.31720", "2007-03-31": "-7.55960", "2006-12-31": "-4.04320", "2006-09-30": "-10.39370", "2006-06-30": "-6.64660", "2006-03-31": "-5.93740", "2005-12-31": "-5.38840", "2005-09-30": "5.70130", "2005-06-30": "-1.30810", "2005-03-31": "-4.35200"}, "Book Value Per Share": {"2020-09-30": "8.61130", "2020-06-30": "8.91850", "2020-03-31": "7.54630", "2019-12-31": "6.90030", "2019-09-30": "6.23930", "2019-06-30": "5.28430", "2019-03-31": "4.48350", "2018-12-31": "5.29490", "2018-09-30": "4.93540", "2018-06-30": "4.17500", "2018-03-31": "4.05520", "2017-12-31": "4.19100", "2017-09-30": "3.92840", "2017-06-30": "3.91350", "2017-03-31": "2.82380", "2016-12-31": "3.62420", "2016-09-30": "4.04820", "2016-06-30": "4.39230", "2016-03-31": "4.77010", "2015-12-31": "4.92050", "2015-09-30": "5.20400", "2015-06-30": "5.44540", "2015-03-31": "5.67790", "2014-12-31": "2.72930", "2014-09-30": "2.94800", "2014-06-30": "3.11970", "2014-03-31": "3.25680", "2013-12-31": "1.78780", "2013-09-30": "1.91990", "2013-06-30": "2.03020", "2013-03-31": "2.17280", "2012-12-31": "2.32320", "2012-09-30": "2.15880", "2012-06-30": "2.18230", "2012-03-31": "2.16920", "2011-12-31": "1.08720", "2011-09-30": "1.04520", "2011-06-30": "0.46270", "2011-03-31": "0.41660", "2010-12-31": "0.35250", "2010-09-30": "0.30350", "2010-06-30": "0.22630", "2010-03-31": "0.30500", "2009-12-31": "0.08990", "2009-09-30": "0.02740", "2009-06-30": "0.18800", "2009-03-31": "0.49410", "2008-12-31": "0.95270", "2008-09-30": "1.64930", "2008-06-30": "2.07710", "2008-03-31": "2.56980", "2007-12-31": "3.10120", "2007-09-30": "6.44750", "2007-06-30": "7.08210", "2007-03-31": "7.69260", "2006-12-31": "8.30250", "2006-09-30": "8.62030", "2006-06-30": "9.55380", "2006-03-31": "10.17790", "2005-12-31": "10.50560", "2005-09-30": "10.94470", "2005-06-30": "10.13680", "2005-03-31": "10.22680"}, "Operating Cash Flow Per Share": {"2020-09-30": -0.1036, "2020-06-30": 1.206, "2020-03-31": "0.39380", "2019-12-31": 1.0732, "2019-09-30": 1.0246, "2019-06-30": 0.7254, "2019-03-31": "-1.23490", "2018-12-31": 0.5368, "2018-09-30": 0.7258, "2018-06-30": 0.23, "2018-03-31": "-0.42990", "2017-12-31": 0.4565, "2017-09-30": -0.1012, "2017-06-30": -0.5399, "2017-03-31": "-0.88630", "2016-12-31": -0.3654, "2016-09-30": -0.3568, "2016-06-30": -0.1646, "2016-03-31": "-0.33770", "2015-12-31": -0.1842, "2015-09-30": -0.2161, "2015-06-30": 0.1769, "2015-03-31": "-0.22630", "2014-12-31": -0.213, "2014-09-30": -0.1591, "2014-06-30": -0.121, "2014-03-31": "-0.13900", "2013-12-31": -0.1633, "2013-09-30": -0.1597, "2013-06-30": -0.1477, "2013-03-31": "0.02870", "2012-12-31": -0.1295, "2012-09-30": -0.125, "2012-06-30": -0.096, "2012-03-31": "-0.17670", "2011-12-31": 0.1954, "2011-09-30": 0.049, "2011-06-30": -0.1039, "2011-03-31": "-0.15290", "2010-12-31": -0.0333, "2010-09-30": 0.0063, "2010-06-30": 1.2339, "2010-03-31": "-0.26140", "2009-12-31": -0.3559, "2009-09-30": -0.2831, "2009-06-30": -0.3455, "2009-03-31": "-0.37210", "2008-12-31": -0.4244, "2008-09-30": -0.3811, "2008-06-30": -0.3882, "2008-03-31": "-0.73520", "2007-12-31": -0.1105, "2007-09-30": -0.5655, "2007-06-30": -0.4933, "2007-03-31": "-0.39180", "2006-12-31": -0.4538, "2006-09-30": -0.8874, "2006-06-30": -0.7473, "2006-03-31": "-0.54480", "2005-12-31": -0.6322, "2005-09-30": 1.2541, "2005-06-30": -0.7497, "2005-03-31": "-0.70980"}, "Free Cash Flow Per Share": {"2020-09-30": -0.111, "2020-06-30": 1.1583, "2020-03-31": "0.38040", "2019-12-31": 1.0431, "2019-09-30": 0.9894, "2019-06-30": 0.6796, "2019-03-31": "-1.27770", "2018-12-31": 0.4709, "2018-09-30": 0.603, "2018-06-30": 0.1788, "2018-03-31": "-0.44980", "2017-12-31": 0.4294, "2017-09-30": -0.1328, "2017-06-30": -0.5443, "2017-03-31": "-0.90190", "2016-12-31": -0.3694, "2016-09-30": -0.3656, "2016-06-30": -0.1905, "2016-03-31": "-0.34620", "2015-12-31": -0.1942, "2015-09-30": -0.2198, "2015-06-30": 0.1712, "2015-03-31": "-0.22970", "2014-12-31": -0.2191, "2014-09-30": -0.1626, "2014-06-30": -0.1293, "2014-03-31": "-0.14210", "2013-12-31": -0.1661, "2013-09-30": -0.1596, "2013-06-30": -0.1518, "2013-03-31": "0.02800", "2012-12-31": -0.1299, "2012-09-30": -0.1292, "2012-06-30": -0.0994, "2012-03-31": "-0.18270", "2011-12-31": 0.1958, "2011-09-30": 0.0405, "2011-06-30": -0.1058, "2011-03-31": "-0.15180", "2010-12-31": -0.0319, "2010-09-30": 0.0054, "2010-06-30": 1.2307, "2010-03-31": "-0.25830", "2009-12-31": -0.3499, "2009-09-30": -0.2678, "2009-06-30": -0.3447, "2009-03-31": "-0.36470", "2008-12-31": -0.426, "2008-09-30": -0.38, "2008-06-30": -0.4038, "2008-03-31": "-0.73800", "2007-12-31": -0.1139, "2007-09-30": -0.5705, "2007-06-30": -0.4962, "2007-03-31": "-0.39350", "2006-12-31": -0.4564, "2006-09-30": -0.8947, "2006-06-30": -0.8006, "2006-03-31": "-0.56410", "2005-12-31": -0.718, "2005-09-30": 1.2138, "2005-06-30": -0.779, "2005-03-31": "-0.75120"}}, "revenue": {"Neurocrine Biosciences Annual Revenue (Millions of US $)": {"2019": "$788", "2018": "$451", "2017": "$162", "2016": "$15", "2015": "$20", "2014": "$", "2013": "$3", "2012": "$53", "2011": "$77", "2010": "$34", "2009": "$3", "2008": "$4", "2007": "$1", "2006": "$39", "2005": "$124"}, "Neurocrine Biosciences Quarterly Revenue (Millions of US $)": {"2020-09-30": "$259", "2020-06-30": "$302", "2020-03-31": "$237", "2019-12-31": "$244", "2019-09-30": "$222", "2019-06-30": "$184", "2019-03-31": "$138", "2018-12-31": "$131", "2018-09-30": "$152", "2018-06-30": "$97", "2018-03-31": "$71", "2017-12-31": "$95", "2017-09-30": "$61", "2017-06-30": "$6", "2017-03-31": "", "2016-12-31": "", "2016-09-30": "", "2016-06-30": "", "2016-03-31": "$15", "2015-12-31": "", "2015-09-30": "", "2015-06-30": "", "2015-03-31": "$20", "2014-12-31": "", "2014-09-30": "", "2014-06-30": "", "2014-03-31": "", "2013-12-31": "$1", "2013-09-30": "$1", "2013-06-30": "$1", "2013-03-31": "$1", "2012-12-31": "$22", "2012-09-30": "$9", "2012-06-30": "$11", "2012-03-31": "$11", "2011-12-31": "$11", "2011-09-30": "$42", "2011-06-30": "$12", "2011-03-31": "$13", "2010-12-31": "$14", "2010-09-30": "$14", "2010-06-30": "$5", "2010-03-31": "$1", "2009-12-31": "$1", "2009-09-30": "$1", "2009-06-30": "$1", "2009-03-31": "$1", "2008-12-31": "$1", "2008-09-30": "$1", "2008-06-30": "$1", "2008-03-31": "$2", "2007-12-31": "$1", "2007-09-30": "$1", "2007-06-30": "$0", "2007-03-31": "$0", "2006-12-31": "$9", "2006-09-30": "$1", "2006-06-30": "$9", "2006-03-31": "$19", "2005-12-31": "$14", "2005-09-30": "$65", "2005-06-30": "$33", "2005-03-31": "$12"}}, "gross-profit": {"Neurocrine Biosciences Annual Gross Profit (Millions of US $)": {"2019": "$781", "2018": "$446", "2017": "$160", "2016": "$15", "2015": "$20", "2014": "$", "2013": "$3", "2012": "$53", "2011": "$77", "2010": "$34", "2009": "$3", "2008": "$4", "2007": "$1", "2006": "$39", "2005": "$124"}, "Neurocrine Biosciences Quarterly Gross Profit (Millions of US $)": {"2020-09-30": "$256", "2020-06-30": "$300", "2020-03-31": "$235", "2019-12-31": "$242", "2019-09-30": "$220", "2019-06-30": "$182", "2019-03-31": "$137", "2018-12-31": "$130", "2018-09-30": "$150", "2018-06-30": "$96", "2018-03-31": "$70", "2017-12-31": "$94", "2017-09-30": "$60", "2017-06-30": "$6", "2017-03-31": "", "2016-12-31": "", "2016-09-30": "", "2016-06-30": "", "2016-03-31": "$15", "2015-12-31": "", "2015-09-30": "", "2015-06-30": "", "2015-03-31": "$20", "2014-12-31": "", "2014-09-30": "", "2014-06-30": "", "2014-03-31": "", "2013-12-31": "$1", "2013-09-30": "$1", "2013-06-30": "$1", "2013-03-31": "$1", "2012-12-31": "$22", "2012-09-30": "$9", "2012-06-30": "$11", "2012-03-31": "$11", "2011-12-31": "$11", "2011-09-30": "$42", "2011-06-30": "$12", "2011-03-31": "$13", "2010-12-31": "$14", "2010-09-30": "$14", "2010-06-30": "$5", "2010-03-31": "$1", "2009-12-31": "$1", "2009-09-30": "$1", "2009-06-30": "$1", "2009-03-31": "$1", "2008-12-31": "$1", "2008-09-30": "$1", "2008-06-30": "$1", "2008-03-31": "$2", "2007-12-31": "$1", "2007-09-30": "$1", "2007-06-30": "$0", "2007-03-31": "$0", "2006-12-31": "$9", "2006-09-30": "$1", "2006-06-30": "$9", "2006-03-31": "$19", "2005-12-31": "$14", "2005-09-30": "$65", "2005-06-30": "$33", "2005-03-31": "$12"}}, "operating-income": {"Neurocrine Biosciences Annual Operating Income (Millions of US $)": {"2019": "$72", "2018": "$37", "2017": "$-131", "2016": "$-147", "2015": "$-94", "2014": "$-64", "2013": "$-50", "2012": "$1", "2011": "$34", "2010": "$-14", "2009": "$-54", "2008": "$-87", "2007": "$-212", "2006": "$-113", "2005": "$-25"}, "Neurocrine Biosciences Quarterly Operating Income (Millions of US $)": {"2020-09-30": "$-44", "2020-06-30": "$77", "2020-03-31": "$59", "2019-12-31": "$49", "2019-09-30": "$90", "2019-06-30": "$34", "2019-03-31": "$-101", "2018-12-31": "$22", "2018-09-30": "$54", "2018-06-30": "$-2", "2018-03-31": "$-37", "2017-12-31": "$12", "2017-09-30": "$-6", "2017-06-30": "$-57", "2017-03-31": "$-80", "2016-12-31": "$-46", "2016-09-30": "$-38", "2016-06-30": "$-42", "2016-03-31": "$-21", "2015-12-31": "$-31", "2015-09-30": "$-36", "2015-06-30": "$-25", "2015-03-31": "$-2", "2014-12-31": "$-20", "2014-09-30": "$-17", "2014-06-30": "$-14", "2014-03-31": "$-13", "2013-12-31": "$-12", "2013-09-30": "$-12", "2013-06-30": "$-13", "2013-03-31": "$-13", "2012-12-31": "$9", "2012-09-30": "$-4", "2012-06-30": "$-1", "2012-03-31": "$-2", "2011-12-31": "$0", "2011-09-30": "$30", "2011-06-30": "$1", "2011-03-31": "$2", "2010-12-31": "$-0", "2010-09-30": "$2", "2010-06-30": "$-6", "2010-03-31": "$-10", "2009-12-31": "$-9", "2009-09-30": "$-10", "2009-06-30": "$-16", "2009-03-31": "$-19", "2008-12-31": "$-31", "2008-09-30": "$-16", "2008-06-30": "$-20", "2008-03-31": "$-21", "2007-12-31": "$-129", "2007-09-30": "$-29", "2007-06-30": "$-28", "2007-03-31": "$-27", "2006-12-31": "$-16", "2006-09-30": "$-40", "2006-06-30": "$-29", "2006-03-31": "$-28", "2005-12-31": "$-25", "2005-09-30": "$25", "2005-06-30": "$-6", "2005-03-31": "$-19"}}, "ebitda": {"Neurocrine Biosciences Annual EBITDA (Millions of US $)": {"2019": "$98", "2018": "$61", "2017": "$-115", "2016": "$-142", "2015": "$-87", "2014": "$-60", "2013": "$-46", "2012": "$5", "2011": "$37", "2010": "$-11", "2009": "$-50", "2008": "$-80", "2007": "$-203", "2006": "$-103", "2005": "$-15"}, "Neurocrine Biosciences Quarterly EBITDA (Millions of US $)": {"2020-09-30": "$-37", "2020-06-30": "$84", "2020-03-31": "$66", "2019-12-31": "$54", "2019-09-30": "$97", "2019-06-30": "$41", "2019-03-31": "$-95", "2018-12-31": "$28", "2018-09-30": "$61", "2018-06-30": "$4", "2018-03-31": "$-32", "2017-12-31": "$18", "2017-09-30": "$-0", "2017-06-30": "$-53", "2017-03-31": "$-79", "2016-12-31": "$-45", "2016-09-30": "$-37", "2016-06-30": "$-40", "2016-03-31": "$-19", "2015-12-31": "$-29", "2015-09-30": "$-34", "2015-06-30": "$-24", "2015-03-31": "$-1", "2014-12-31": "$-19", "2014-09-30": "$-15", "2014-06-30": "$-13", "2014-03-31": "$-12", "2013-12-31": "$-11", "2013-09-30": "$-11", "2013-06-30": "$-12", "2013-03-31": "$-12", "2012-12-31": "$9", "2012-09-30": "$-3", "2012-06-30": "$-0", "2012-03-31": "$-1", "2011-12-31": "$1", "2011-09-30": "$31", "2011-06-30": "$2", "2011-03-31": "$3", "2010-12-31": "$1", "2010-09-30": "$3", "2010-06-30": "$-5", "2010-03-31": "$-10", "2009-12-31": "$-8", "2009-09-30": "$-9", "2009-06-30": "$-15", "2009-03-31": "$-18", "2008-12-31": "$-29", "2008-09-30": "$-14", "2008-06-30": "$-18", "2008-03-31": "$-19", "2007-12-31": "$-126", "2007-09-30": "$-27", "2007-06-30": "$-25", "2007-03-31": "$-25", "2006-12-31": "$-14", "2006-09-30": "$-38", "2006-06-30": "$-27", "2006-03-31": "$-25", "2005-12-31": "$-22", "2005-09-30": "$28", "2005-06-30": "$-4", "2005-03-31": "$-17"}}, "net-income": {"Neurocrine Biosciences Annual Net Income (Millions of US $)": {"2019": "$37", "2018": "$21", "2017": "$-143", "2016": "$-141", "2015": "$-89", "2014": "$-61", "2013": "$-46", "2012": "$5", "2011": "$38", "2010": "$-8", "2009": "$-51", "2008": "$-89", "2007": "$-207", "2006": "$-107", "2005": "$-22"}, "Neurocrine Biosciences Quarterly Net Income (Millions of US $)": {"2020-09-30": "$-58", "2020-06-30": "$80", "2020-03-31": "$37", "2019-12-31": "$34", "2019-09-30": "$54", "2019-06-30": "$51", "2019-03-31": "$-102", "2018-12-31": "$18", "2018-09-30": "$51", "2018-06-30": "$-6", "2018-03-31": "$-42", "2017-12-31": "$7", "2017-09-30": "$-11", "2017-06-30": "$-60", "2017-03-31": "$-78", "2016-12-31": "$-45", "2016-09-30": "$-37", "2016-06-30": "$-40", "2016-03-31": "$-19", "2015-12-31": "$-29", "2015-09-30": "$-34", "2015-06-30": "$-24", "2015-03-31": "$-1", "2014-12-31": "$-19", "2014-09-30": "$-16", "2014-06-30": "$-13", "2014-03-31": "$-12", "2013-12-31": "$-11", "2013-09-30": "$-11", "2013-06-30": "$-12", "2013-03-31": "$-12", "2012-12-31": "$9", "2012-09-30": "$-3", "2012-06-30": "$-1", "2012-03-31": "$-1", "2011-12-31": "$1", "2011-09-30": "$31", "2011-06-30": "$2", "2011-03-31": "$3", "2010-12-31": "$2", "2010-09-30": "$3", "2010-06-30": "$-5", "2010-03-31": "$-9", "2009-12-31": "$-8", "2009-09-30": "$-8", "2009-06-30": "$-15", "2009-03-31": "$-20", "2008-12-31": "$-29", "2008-09-30": "$-18", "2008-06-30": "$-21", "2008-03-31": "$-21", "2007-12-31": "$-128", "2007-09-30": "$-27", "2007-06-30": "$-26", "2007-03-31": "$-26", "2006-12-31": "$-15", "2006-09-30": "$-39", "2006-06-30": "$-27", "2006-03-31": "$-26", "2005-12-31": "$-24", "2005-09-30": "$26", "2005-06-30": "$-6", "2005-03-31": "$-19"}}, "eps-earnings-per-share-diluted": {"Neurocrine Biosciences Annual EPS": {"2019": "$0.39", "2018": "$0.22", "2017": "$-1.62", "2016": "$-1.63", "2015": "$-1.05", "2014": "$-0.81", "2013": "$-0.69", "2012": "$0.08", "2011": "$0.67", "2010": "$-0.15", "2009": "$-1.30", "2008": "$-2.30", "2007": "$-5.45", "2006": "$-2.84", "2005": "$-0.60"}, "Neurocrine Biosciences Quarterly EPS": {"2020-09-30": "$-0.62", "2020-06-30": "$0.81", "2020-03-31": "$0.39", "2019-12-31": "$0.41", "2019-09-30": "$0.56", "2019-06-30": "$0.54", "2019-03-31": "$-1.12", "2018-12-31": "$0.24", "2018-09-30": "$0.52", "2018-06-30": "$-0.07", "2018-03-31": "$-0.47", "2017-12-31": "$0.09", "2017-09-30": "$-0.13", "2017-06-30": "$-0.68", "2017-03-31": "$-0.90", "2016-12-31": "$-0.52", "2016-09-30": "$-0.43", "2016-06-30": "$-0.46", "2016-03-31": "$-0.22", "2015-12-31": "$-0.36", "2015-09-30": "$-0.40", "2015-06-30": "$-0.28", "2015-03-31": "$-0.01", "2014-12-31": "$-0.25", "2014-09-30": "$-0.21", "2014-06-30": "$-0.18", "2014-03-31": "$-0.17", "2013-12-31": "$-0.16", "2013-09-30": "$-0.17", "2013-06-30": "$-0.18", "2013-03-31": "$-0.18", "2012-12-31": "$0.15", "2012-09-30": "$-0.05", "2012-06-30": "$-0.01", "2012-03-31": "$-0.01", "2011-12-31": "$0.02", "2011-09-30": "$0.56", "2011-06-30": "$0.04", "2011-03-31": "$0.05", "2010-12-31": "$0.07", "2010-09-30": "$0.06", "2010-06-30": "$-0.09", "2010-03-31": "$-0.19", "2009-12-31": "$-0.19", "2009-09-30": "$-0.21", "2009-06-30": "$-0.39", "2009-03-31": "$-0.51", "2008-12-31": "$-0.74", "2008-09-30": "$-0.46", "2008-06-30": "$-0.55", "2008-03-31": "$-0.55", "2007-12-31": "$-3.36", "2007-09-30": "$-0.72", "2007-06-30": "$-0.69", "2007-03-31": "$-0.68", "2006-12-31": "$-0.39", "2006-09-30": "$-1.03", "2006-06-30": "$-0.73", "2006-03-31": "$-0.69", "2005-12-31": "$-0.62", "2005-09-30": "$0.68", "2005-06-30": "$-0.15", "2005-03-31": "$-0.51"}}, "shares-outstanding": {"Neurocrine Biosciences Annual Shares Outstanding (Millions of Shares)": {"2019": "96", "2018": "95", "2017": "88", "2016": "87", "2015": "84", "2014": "75", "2013": "67", "2012": "67", "2011": "56", "2010": "53", "2009": "39", "2008": "38", "2007": "38", "2006": "38", "2005": "37"}, "Neurocrine Biosciences Quarterly Shares Outstanding (Millions of Shares)": {"2020-09-30": "93", "2020-06-30": "98", "2020-03-31": "97", "2019-12-31": "96", "2019-09-30": "96", "2019-06-30": "95", "2019-03-31": "91", "2018-12-31": "95", "2018-09-30": "97", "2018-06-30": "90", "2018-03-31": "90", "2017-12-31": "88", "2017-09-30": "88", "2017-06-30": "88", "2017-03-31": "87", "2016-12-31": "87", "2016-09-30": "87", "2016-06-30": "87", "2016-03-31": "86", "2015-12-31": "84", "2015-09-30": "86", "2015-06-30": "86", "2015-03-31": "80", "2014-12-31": "75", "2014-09-30": "76", "2014-06-30": "76", "2014-03-31": "70", "2013-12-31": "67", "2013-09-30": "67", "2013-06-30": "67", "2013-03-31": "67", "2012-12-31": "67", "2012-09-30": "66", "2012-06-30": "66", "2012-03-31": "63", "2011-12-31": "56", "2011-09-30": "56", "2011-06-30": "56", "2011-03-31": "56", "2010-12-31": "53", "2010-09-30": "56", "2010-06-30": "55", "2010-03-31": "47", "2009-12-31": "39", "2009-09-30": "39", "2009-06-30": "39", "2009-03-31": "39", "2008-12-31": "38", "2008-09-30": "38", "2008-06-30": "38", "2008-03-31": "38", "2007-12-31": "38", "2007-09-30": "38", "2007-06-30": "38", "2007-03-31": "38", "2006-12-31": "38", "2006-09-30": "38", "2006-06-30": "38", "2006-03-31": "37", "2005-12-31": "37", "2005-09-30": "38", "2005-06-30": "37", "2005-03-31": "37"}}, "total-assets": {"Neurocrine Biosciences Annual Total Assets (Millions of US $)": {"2019": "$1,306", "2018": "$993", "2017": "$818", "2016": "$365", "2015": "$475", "2014": "$243", "2013": "$155", "2012": "$196", "2011": "$138", "2010": "$144", "2009": "$71", "2008": "$118", "2007": "$277", "2006": "$390", "2005": "$483"}, "Neurocrine Biosciences Quarterly Total Assets (Millions of US $)": {"2020-09-30": "$1,503", "2020-06-30": "$1,516", "2020-03-31": "$1,362", "2019-12-31": "$1,306", "2019-09-30": "$1,180", "2019-06-30": "$1,067", "2019-03-31": "$958", "2018-12-31": "$993", "2018-09-30": "$934", "2018-06-30": "$841", "2018-03-31": "$806", "2017-12-31": "$818", "2017-09-30": "$772", "2017-06-30": "$754", "2017-03-31": "$289", "2016-12-31": "$365", "2016-09-30": "$399", "2016-06-30": "$430", "2016-03-31": "$459", "2015-12-31": "$475", "2015-09-30": "$492", "2015-06-30": "$511", "2015-03-31": "$528", "2014-12-31": "$243", "2014-09-30": "$258", "2014-06-30": "$270", "2014-03-31": "$279", "2013-12-31": "$155", "2013-09-30": "$166", "2013-06-30": "$175", "2013-03-31": "$184", "2012-12-31": "$196", "2012-09-30": "$193", "2012-06-30": "$202", "2012-03-31": "$210", "2011-12-31": "$138", "2011-09-30": "$149", "2011-06-30": "$127", "2011-03-31": "$134", "2010-12-31": "$144", "2010-09-30": "$150", "2010-06-30": "$155", "2010-03-31": "$80", "2009-12-31": "$71", "2009-09-30": "$76", "2009-06-30": "$87", "2009-03-31": "$101", "2008-12-31": "$118", "2008-09-30": "$208", "2008-06-30": "$226", "2008-03-31": "$244", "2007-12-31": "$277", "2007-09-30": "$317", "2007-06-30": "$342", "2007-03-31": "$364", "2006-12-31": "$390", "2006-09-30": "$404", "2006-06-30": "$443", "2006-03-31": "$477", "2005-12-31": "$483", "2005-09-30": "$501", "2005-06-30": "$476", "2005-03-31": "$486"}}, "cash-on-hand": {"Neurocrine Biosciences Annual Cash on Hand (Millions of US $)": {"2019": "$671", "2018": "$651", "2017": "$516", "2016": "$307", "2015": "$379", "2014": "$194", "2013": "$146", "2012": "$173", "2011": "$129", "2010": "$127", "2009": "$53", "2008": "$80", "2007": "$179", "2006": "$183", "2005": "$273"}, "Neurocrine Biosciences Quarterly Cash on Hand (Millions of US $)": {"2020-09-30": "$945", "2020-06-30": "$948", "2020-03-31": "$772", "2019-12-31": "$671", "2019-09-30": "$670", "2019-06-30": "$620", "2019-03-31": "$524", "2018-12-31": "$651", "2018-09-30": "$635", "2018-06-30": "$509", "2018-03-31": "$460", "2017-12-31": "$516", "2017-09-30": "$511", "2017-06-30": "$525", "2017-03-31": "$236", "2016-12-31": "$307", "2016-09-30": "$353", "2016-06-30": "$387", "2016-03-31": "$382", "2015-12-31": "$379", "2015-09-30": "$377", "2015-06-30": "$385", "2015-03-31": "$370", "2014-12-31": "$194", "2014-09-30": "$180", "2014-06-30": "$195", "2014-03-31": "$220", "2013-12-31": "$146", "2013-09-30": "$157", "2013-06-30": "$154", "2013-03-31": "$158", "2012-12-31": "$173", "2012-09-30": "$174", "2012-06-30": "$178", "2012-03-31": "$181", "2011-12-31": "$129", "2011-09-30": "$112", "2011-06-30": "$115", "2011-03-31": "$122", "2010-12-31": "$127", "2010-09-30": "$125", "2010-06-30": "$131", "2010-03-31": "$66", "2009-12-31": "$53", "2009-09-30": "$57", "2009-06-30": "$53", "2009-03-31": "$66", "2008-12-31": "$80", "2008-09-30": "$97", "2008-06-30": "$112", "2008-03-31": "$150", "2007-12-31": "$179", "2007-09-30": "$125", "2007-06-30": "$147", "2007-03-31": "$167", "2006-12-31": "$183", "2006-09-30": "$200", "2006-06-30": "$234", "2006-03-31": "$264", "2005-12-31": "$273", "2005-09-30": "$291", "2005-06-30": "$243", "2005-03-31": "$271"}}, "long-term-debt": {"Neurocrine Biosciences Annual Long Term Debt (Millions of US $)": {"2019": "$", "2018": "$388", "2017": "$370", "2016": "$1", "2015": "$2", "2014": "$2", "2013": "$3", "2012": "$3", "2011": "$2", "2010": "$7", "2009": "$7", "2008": "$8", "2007": "$109", "2006": "$49", "2005": "$54"}, "Neurocrine Biosciences Quarterly Long Term Debt (Millions of US $)": {"2020-09-30": "", "2020-06-30": "", "2020-03-31": "$414", "2019-12-31": "", "2019-09-30": "$404", "2019-06-30": "$398", "2019-03-31": "$393", "2018-12-31": "$388", "2018-09-30": "", "2018-06-30": "$379", "2018-03-31": "$374", "2017-12-31": "$370", "2017-09-30": "$365", "2017-06-30": "$361", "2017-03-31": "$1", "2016-12-31": "$1", "2016-09-30": "$1", "2016-06-30": "$1", "2016-03-31": "$1", "2015-12-31": "$2", "2015-09-30": "$2", "2015-06-30": "$2", "2015-03-31": "$2", "2014-12-31": "$2", "2014-09-30": "$2", "2014-06-30": "$2", "2014-03-31": "$3", "2013-12-31": "$3", "2013-09-30": "$3", "2013-06-30": "$3", "2013-03-31": "$3", "2012-12-31": "$3", "2012-09-30": "$2", "2012-06-30": "$2", "2012-03-31": "$2", "2011-12-31": "$2", "2011-09-30": "$5", "2011-06-30": "$6", "2011-03-31": "$6", "2010-12-31": "$7", "2010-09-30": "$4", "2010-06-30": "$5", "2010-03-31": "$6", "2009-12-31": "$7", "2009-09-30": "$8", "2009-06-30": "$3", "2009-03-31": "$3", "2008-12-31": "$8", "2008-09-30": "$109", "2008-06-30": "$109", "2008-03-31": "$109", "2007-12-31": "$109", "2007-09-30": "$47", "2007-06-30": "$48", "2007-03-31": "$49", "2006-12-31": "$49", "2006-09-30": "$50", "2006-06-30": "$51", "2006-03-31": "$52", "2005-12-31": "$54", "2005-09-30": "$55", "2005-06-30": "$56", "2005-03-31": "$58"}}, "total-liabilities": {"Neurocrine Biosciences Annual Total Liabilities (Millions of US $)": {"2019": "$669", "2018": "$512", "2017": "$445", "2016": "$50", "2015": "$50", "2014": "$34", "2013": "$34", "2012": "$42", "2011": "$78", "2010": "$125", "2009": "$67", "2008": "$81", "2007": "$158", "2006": "$75", "2005": "$93"}, "Neurocrine Biosciences Quarterly Total Liabilities (Millions of US $)": {"2020-09-30": "$698", "2020-06-30": "$684", "2020-03-31": "$662", "2019-12-31": "$669", "2019-09-30": "$605", "2019-06-30": "$583", "2019-03-31": "$548", "2018-12-31": "$512", "2018-09-30": "$486", "2018-06-30": "$464", "2018-03-31": "$442", "2017-12-31": "$445", "2017-09-30": "$425", "2017-06-30": "$409", "2017-03-31": "$42", "2016-12-31": "$50", "2016-09-30": "$48", "2016-06-30": "$49", "2016-03-31": "$46", "2015-12-31": "$50", "2015-09-30": "$45", "2015-06-30": "$44", "2015-03-31": "$43", "2014-12-31": "$34", "2014-09-30": "$34", "2014-06-30": "$33", "2014-03-31": "$32", "2013-12-31": "$34", "2013-09-30": "$37", "2013-06-30": "$39", "2013-03-31": "$39", "2012-12-31": "$42", "2012-09-30": "$50", "2012-06-30": "$57", "2012-03-31": "$66", "2011-12-31": "$78", "2011-09-30": "$91", "2011-06-30": "$102", "2011-03-31": "$111", "2010-12-31": "$125", "2010-09-30": "$133", "2010-06-30": "$143", "2010-03-31": "$63", "2009-12-31": "$67", "2009-09-30": "$75", "2009-06-30": "$80", "2009-03-31": "$82", "2008-12-31": "$81", "2008-09-30": "$144", "2008-06-30": "$146", "2008-03-31": "$145", "2007-12-31": "$158", "2007-09-30": "$73", "2007-06-30": "$73", "2007-03-31": "$72", "2006-12-31": "$75", "2006-09-30": "$78", "2006-06-30": "$81", "2006-03-31": "$94", "2005-12-31": "$93", "2005-09-30": "$97", "2005-06-30": "$103", "2005-03-31": "$112"}}, "total-share-holder-equity": {"Neurocrine Biosciences Annual Share Holder Equity (Millions of US $)": {"2019": "$637", "2018": "$481", "2017": "$372", "2016": "$315", "2015": "$424", "2014": "$209", "2013": "$120", "2012": "$154", "2011": "$60", "2010": "$19", "2009": "$4", "2008": "$37", "2007": "$119", "2006": "$315", "2005": "$390"}, "Neurocrine Biosciences Quarterly Share Holder Equity (Millions of US $)": {"2020-09-30": "$804", "2020-06-30": "$831", "2020-03-31": "$700", "2019-12-31": "$637", "2019-09-30": "$575", "2019-06-30": "$484", "2019-03-31": "$409", "2018-12-31": "$481", "2018-09-30": "$448", "2018-06-30": "$377", "2018-03-31": "$364", "2017-12-31": "$372", "2017-09-30": "$348", "2017-06-30": "$345", "2017-03-31": "$247", "2016-12-31": "$315", "2016-09-30": "$352", "2016-06-30": "$381", "2016-03-31": "$413", "2015-12-31": "$424", "2015-09-30": "$447", "2015-06-30": "$467", "2015-03-31": "$485", "2014-12-31": "$209", "2014-09-30": "$224", "2014-06-30": "$237", "2014-03-31": "$247", "2013-12-31": "$120", "2013-09-30": "$129", "2013-06-30": "$136", "2013-03-31": "$145", "2012-12-31": "$154", "2012-09-30": "$143", "2012-06-30": "$145", "2012-03-31": "$144", "2011-12-31": "$60", "2011-09-30": "$58", "2011-06-30": "$26", "2011-03-31": "$23", "2010-12-31": "$19", "2010-09-30": "$17", "2010-06-30": "$12", "2010-03-31": "$17", "2009-12-31": "$4", "2009-09-30": "$1", "2009-06-30": "$7", "2009-03-31": "$19", "2008-12-31": "$37", "2008-09-30": "$64", "2008-06-30": "$80", "2008-03-31": "$99", "2007-12-31": "$119", "2007-09-30": "$245", "2007-06-30": "$269", "2007-03-31": "$292", "2006-12-31": "$315", "2006-09-30": "$326", "2006-06-30": "$362", "2006-03-31": "$384", "2005-12-31": "$390", "2005-09-30": "$404", "2005-06-30": "$372", "2005-03-31": "$375"}}, "profit-margins": {"current": "38.94%"}, "gross margin": {"2020-09-30": "99.14%", "2020-06-30": "99.20%", "2020-03-31": "99.10%", "2019-12-31": "99.11%", "2019-09-30": "99.11%", "2019-06-30": "99.01%", "2019-03-31": "99.03%", "2018-12-31": "98.89%", "2018-09-30": "98.80%", "2018-06-30": "98.77%", "2018-03-31": "98.71%", "2013-12-31": "100.00%", "2013-09-30": "100.00%", "2013-06-30": "100.00%", "2013-03-31": "100.00%", "2012-12-31": "100.00%", "2012-09-30": "100.00%", "2012-06-30": "100.00%", "2012-03-31": "100.00%", "2011-12-31": "100.00%", "2011-09-30": "100.00%", "2011-06-30": "100.00%", "2011-03-31": "100.00%", "2010-12-31": "100.00%", "2010-09-30": "100.00%", "2010-06-30": "100.00%", "2010-03-31": "100.00%", "2009-12-31": "100.00%", "2009-09-30": "100.00%", "2009-06-30": "100.00%", "2009-03-31": "100.00%", "2008-12-31": "100.00%", "2008-09-30": "100.00%", "2008-06-30": "100.00%", "2008-03-31": "100.00%", "2007-12-31": "100.00%", "2007-09-30": "100.00%", "2007-06-30": "100.00%", "2007-03-31": "100.00%", "2006-12-31": "100.00%", "2006-09-30": "100.00%", "2006-06-30": "100.00%", "2006-03-31": "100.00%", "2005-12-31": "100.00%"}, "operating margin": {"2020-09-30": "13.53%", "2020-06-30": "27.36%", "2020-03-31": "26.16%", "2019-12-31": "9.14%", "2019-09-30": "6.67%", "2019-06-30": "1.49%", "2019-03-31": "-5.21%", "2018-12-31": "8.20%", "2018-09-30": "6.51%", "2018-06-30": "-10.19%", "2018-03-31": "-37.77%", "2013-12-31": "-1250.00%", "2013-09-30": "-116.00%", "2013-06-30": "-63.64%", "2013-03-31": "-20.93%", "2012-12-31": "3.77%", "2012-09-30": "-16.67%", "2012-06-30": "36.00%", "2012-03-31": "38.16%", "2011-12-31": "42.31%", "2011-09-30": "40.74%", "2011-06-30": "9.43%", "2011-03-31": "-4.35%", "2010-12-31": "-41.18%", "2010-09-30": "-109.52%", "2010-06-30": "-437.50%", "2010-03-31": "-1125.00%", "2009-12-31": "-1350.00%", "2009-09-30": "-1900.00%", "2009-06-30": "-2050.00%", "2009-03-31": "-2150.00%", "2008-12-31": "-1760.00%", "2008-09-30": "-3720.00%", "2008-06-30": "-3980.00%", "2008-03-31": "-5175.00%", "2007-12-31": "-10650.00%", "2007-09-30": "-1000.00%", "2007-06-30": "-1110.00%", "2007-03-31": "-589.47%", "2006-12-31": "-297.37%", "2006-09-30": "-283.72%", "2006-06-30": "-53.27%", "2006-03-31": "-25.95%", "2005-12-31": "-20.16%"}, "ebitda margin": {"2020-09-30": "16.03%", "2020-06-30": "29.95%", "2020-03-31": "29.09%", "2019-12-31": "12.31%", "2019-09-30": "10.52%", "2019-06-30": "5.79%", "2019-03-31": "-0.39%", "2018-12-31": "13.53%", "2018-09-30": "12.29%", "2018-06-30": "-3.09%", "2018-03-31": "-28.76%", "2013-12-31": "-1150.00%", "2013-09-30": "-104.00%", "2013-06-30": "-54.55%", "2013-03-31": "-13.95%", "2012-12-31": "9.43%", "2012-09-30": "-7.14%", "2012-06-30": "41.33%", "2012-03-31": "43.42%", "2011-12-31": "47.44%", "2011-09-30": "45.68%", "2011-06-30": "16.98%", "2011-03-31": "4.35%", "2010-12-31": "-32.35%", "2010-09-30": "-95.24%", "2010-06-30": "-400.00%", "2010-03-31": "-1050.00%", "2009-12-31": "-1250.00%", "2009-09-30": "-1775.00%", "2009-06-30": "-1900.00%", "2009-03-31": "-1975.00%", "2008-12-31": "-1600.00%", "2008-09-30": "-3540.00%", "2008-06-30": "-3800.00%", "2008-03-31": "-4925.00%", "2007-12-31": "-10150.00%", "2007-09-30": "-910.00%", "2007-06-30": "-1020.00%", "2007-03-31": "-547.37%", "2006-12-31": "-273.68%", "2006-09-30": "-260.47%", "2006-06-30": "-42.99%", "2006-03-31": "-17.56%", "2005-12-31": "-12.10%"}, "pre tax profit margin": {"2020-09-30": "9.98%", "2020-06-30": "21.79%", "2020-03-31": "21.20%", "2019-12-31": "5.84%", "2019-09-30": "3.85%", "2019-06-30": "3.14%", "2019-03-31": "-7.53%", "2018-12-31": "4.88%", "2018-09-30": "2.41%", "2018-06-30": "-16.05%", "2018-03-31": "-45.49%", "2013-12-31": "-1150.00%", "2013-09-30": "-104.00%", "2013-06-30": "-54.55%", "2013-03-31": "-16.28%", "2012-12-31": "7.55%", "2012-09-30": "-9.52%", "2012-06-30": "40.00%", "2012-03-31": "43.42%", "2011-12-31": "47.44%", "2011-09-30": "46.91%", "2011-06-30": "18.87%", "2011-03-31": "6.52%", "2010-12-31": "-26.47%", "2010-09-30": "-90.48%", "2010-06-30": "-375.00%", "2010-03-31": "-1000.00%", "2009-12-31": "-1275.00%", "2009-09-30": "-1800.00%", "2009-06-30": "-2050.00%", "2009-03-31": "-2200.00%", "2008-12-31": "-1780.00%", "2008-09-30": "-3760.00%", "2008-06-30": "-3940.00%", "2008-03-31": "-5050.00%", "2007-12-31": "-10350.00%", "2007-09-30": "-940.00%", "2007-06-30": "-1060.00%", "2007-03-31": "-563.16%", "2006-12-31": "-281.58%", "2006-09-30": "-269.77%", "2006-06-30": "-47.66%", "2006-03-31": "-22.90%", "2005-12-31": "-18.55%"}, "net profit margin": {"2020-09-30": "8.93%", "2020-06-30": "20.40%", "2020-03-31": "19.84%", "2019-12-31": "4.70%", "2019-09-30": "3.11%", "2019-06-30": "2.98%", "2019-03-31": "-7.53%", "2018-12-31": "4.66%", "2018-09-30": "2.41%", "2018-06-30": "-16.05%", "2018-03-31": "-45.49%", "2013-12-31": "-1150.00%", "2013-09-30": "-104.00%", "2013-06-30": "-54.55%", "2013-03-31": "-16.28%", "2012-12-31": "7.55%", "2012-09-30": "-9.52%", "2012-06-30": "40.00%", "2012-03-31": "43.42%", "2011-12-31": "47.44%", "2011-09-30": "46.91%", "2011-06-30": "18.87%", "2011-03-31": "6.52%", "2010-12-31": "-26.47%", "2010-09-30": "-90.48%", "2010-06-30": "-375.00%", "2010-03-31": "-1000.00%", "2009-12-31": "-1275.00%", "2009-09-30": "-1800.00%", "2009-06-30": "-2050.00%", "2009-03-31": "-2200.00%", "2008-12-31": "-1780.00%", "2008-09-30": "-3760.00%", "2008-06-30": "-3940.00%", "2008-03-31": "-5050.00%", "2007-12-31": "-10350.00%", "2007-09-30": "-940.00%", "2007-06-30": "-1060.00%", "2007-03-31": "-563.16%", "2006-12-31": "-281.58%", "2006-09-30": "-269.77%", "2006-06-30": "-47.66%", "2006-03-31": "-22.90%", "2005-12-31": "-18.55%"}, "pe ratio": {"current": "25.30", "2021-02-05": "124.88", "2020-09-30": "103.40", "2020-06-30": "57.82", "2020-03-31": "47.04", "2019-12-31": "325.73", "2019-09-30": "530.06", "2019-06-30": "649.46", "2019-03-31": "0.00", "2018-12-31": "420.06", "2018-09-30": "2459.00", "2018-06-30": "0.00", "2018-03-31": "0.00", "2017-12-31": "0.00", "2017-09-30": "0.00", "2017-06-30": "0.00", "2017-03-31": "0.00", "2016-12-31": "0.00", "2016-09-30": "0.00", "2016-06-30": "0.00", "2016-03-31": "0.00", "2015-12-31": "0.00", "2015-09-30": "0.00", "2015-06-30": "0.00", "2015-03-31": "0.00", "2014-12-31": "0.00", "2014-09-30": "0.00", "2014-06-30": "0.00", "2014-03-31": "0.00", "2013-12-31": "0.00", "2013-09-30": "0.00", "2013-06-30": "0.00", "2013-03-31": "0.00", "2012-12-31": "106.86", "2012-09-30": "0.00", "2012-06-30": "14.10", "2012-03-31": "13.07", "2011-12-31": "12.69", "2011-09-30": "8.67", "2011-06-30": "42.37", "2011-03-31": "126.50", "2010-12-31": "0.00", "2010-09-30": "0.00", "2010-06-30": "0.00", "2010-03-31": "0.00", "2009-12-31": "0.00", "2009-09-30": "0.00", "2009-06-30": "0.00", "2009-03-31": "0.00", "2008-12-31": "0.00", "2008-09-30": "0.00", "2008-06-30": "0.00", "2008-03-31": "0.00", "2007-12-31": "0.00", "2007-09-30": "0.00", "2007-06-30": "0.00", "2007-03-31": "0.00", "2006-12-31": "0.00"}, "price sales": {"2021-02-05": "10.71", "2020-09-30": "8.87", "2020-06-30": "11.75", "2020-03-31": "9.37", "2019-12-31": "12.93", "2019-09-30": "12.61", "2019-06-30": "13.19", "2019-03-31": "15.90", "2018-12-31": "14.83", "2018-09-30": "27.26", "2018-06-30": "27.06", "2018-03-31": "31.57", "2017-12-31": "42.33", "2017-09-30": "80.63", "2017-06-30": "639.45", "2017-03-31": "0.00", "2016-12-31": "223.16", "2016-09-30": "292.01", "2016-06-30": "262.09", "2016-03-31": "228.06", "2015-12-31": "229.92", "2015-09-30": "161.72", "2015-06-30": "194.12", "2015-03-31": "161.40", "2014-12-31": "0.00", "2014-09-30": "1437.97", "2014-06-30": "682.20", "2014-03-31": "492.75", "2013-12-31": "214.05", "2013-09-30": "31.39", "2013-06-30": "27.26", "2013-03-31": "19.02", "2012-12-31": "9.28", "2012-09-30": "11.82", "2012-06-30": "6.20", "2012-03-31": "6.00", "2011-12-31": "6.19", "2011-09-30": "4.17", "2011-06-30": "8.42", "2011-03-31": "9.19", "2010-12-31": "12.34", "2010-09-30": "15.97", "2010-06-30": "40.44", "2010-03-31": "35.13", "2009-12-31": "35.91", "2009-09-30": "40.24", "2009-06-30": "42.03", "2009-03-31": "46.00", "2008-12-31": "30.91", "2008-09-30": "47.58", "2008-06-30": "45.06", "2008-03-31": "71.85", "2007-12-31": "140.91", "2007-09-30": "37.25", "2007-06-30": "39.74", "2007-03-31": "23.76", "2006-12-31": "9.97"}, "price book": {"current": "13.47", "2021-02-05": "13.49", "2020-09-30": "11.17", "2020-06-30": "13.68", "2020-03-31": "11.47", "2019-12-31": "15.58", "2019-09-30": "14.44", "2019-06-30": "15.98", "2019-03-31": "19.65", "2018-12-31": "13.49", "2018-09-30": "24.91", "2018-06-30": "23.53", "2018-03-31": "20.45", "2017-12-31": "18.51", "2017-09-30": "15.60", "2017-06-30": "11.75", "2017-03-31": "15.33", "2016-12-31": "10.68", "2016-09-30": "12.51", "2016-06-30": "10.35", "2016-03-31": "8.29", "2015-12-31": "11.50", "2015-09-30": "7.65", "2015-06-30": "8.77", "2015-03-31": "6.99", "2014-12-31": "8.19", "2014-09-30": "5.32", "2014-06-30": "4.76", "2014-03-31": "4.94", "2013-12-31": "5.22", "2013-09-30": "5.90", "2013-06-30": "6.59", "2013-03-31": "5.59", "2012-12-31": "3.22", "2012-09-30": "3.70", "2012-06-30": "3.62", "2012-03-31": "3.67", "2011-12-31": "7.82", "2011-09-30": "5.72", "2011-06-30": "17.40", "2011-03-31": "18.22", "2010-12-31": "21.67", "2010-09-30": "19.97", "2010-06-30": "24.75", "2010-03-31": "8.36", "2009-12-31": "30.26", "2009-09-30": "111.31", "2009-06-30": "17.18", "2009-03-31": "7.18", "2008-12-31": "3.36", "2008-09-30": "2.84", "2008-06-30": "2.02", "2008-03-31": "2.10", "2007-12-31": "1.46", "2007-09-30": "1.55", "2007-06-30": "1.59", "2007-03-31": "1.62", "2006-12-31": "1.26", "2006-09-30": "1.25", "2006-06-30": "1.11", "2006-03-31": "6.34"}, "price fcf": {"2021-02-05": "", "2020-09-30": "$2.47", "2020-06-30": "$3.57", "2020-03-31": "$3.09", "2019-12-31": "$1.43", "2019-09-30": "$0.86", "2019-06-30": "$0.48", "2019-03-31": "$-0.03", "2018-12-31": "$0.80", "2018-09-30": "$0.76", "2018-06-30": "$0.03", "2018-03-31": "$-0.70", "2017-12-31": "$-1.15", "2017-09-30": "$-1.95", "2017-06-30": "$-2.18", "2017-03-31": "$-1.83", "2016-12-31": "$-1.27", "2016-09-30": "$-1.10", "2016-06-30": "$-0.95", "2016-03-31": "$-0.59", "2015-12-31": "$-0.47", "2015-09-30": "$-0.50", "2015-06-30": "$-0.44", "2015-03-31": "$-0.74", "2014-12-31": "$-0.65", "2014-09-30": "$-0.60", "2014-06-30": "$-0.60", "2014-03-31": "$-0.62", "2013-12-31": "$-0.45", "2013-09-30": "$-0.41", "2013-06-30": "$-0.38", "2013-03-31": "$-0.33", "2012-12-31": "$-0.54", "2012-09-30": "$-0.22", "2012-06-30": "$-0.05", "2012-03-31": "$-0.05", "2011-12-31": "$-0.02", "2011-09-30": "$-0.25", "2011-06-30": "$-0.28", "2011-03-31": "$1.05", "2010-12-31": "$0.95", "2010-09-30": "$0.63", "2010-06-30": "$0.35", "2010-03-31": "$-1.22", "2009-12-31": "$-1.33", "2009-09-30": "$-1.40", "2009-06-30": "$-1.52", "2009-03-31": "$-1.57", "2008-12-31": "$-1.95", "2008-09-30": "$-1.64", "2008-06-30": "$-1.83", "2008-03-31": "$-1.92", "2007-12-31": "$-1.57", "2007-09-30": "$-1.92", "2007-06-30": "$-2.24", "2007-03-31": "$-2.55", "2006-12-31": "$-2.72"}, "net worth": {"value": "$10.85B"}, "current ratio": {"current": "1.89", "2020-09-30": "1.89", "2020-06-30": "2.00", "2020-03-31": "6.90", "2019-12-31": "1.47", "2019-09-30": "7.08", "2019-06-30": "7.44", "2019-03-31": "8.79", "2018-12-31": "8.36", "2018-09-30": "1.57", "2018-06-30": "9.19", "2018-03-31": "11.06", "2017-12-31": "10.20", "2017-09-30": "14.38", "2017-06-30": "19.36", "2017-03-31": "10.16", "2016-12-31": "10.21", "2016-09-30": "13.42", "2016-06-30": "14.57", "2016-03-31": "17.23", "2015-12-31": "14.94", "2015-09-30": "19.31", "2015-06-30": "22.19", "2015-03-31": "26.66", "2014-12-31": "12.65", "2014-09-30": "13.09", "2014-06-30": "16.39", "2014-03-31": "20.90", "2013-12-31": "12.69", "2013-09-30": "11.95", "2013-06-30": "10.70", "2013-03-31": "11.56", "2012-12-31": "12.10", "2012-09-30": "7.70", "2012-06-30": "6.22", "2012-03-31": "5.05", "2011-12-31": "2.81", "2011-09-30": "2.81", "2011-06-30": "2.40", "2011-03-31": "2.58", "2010-12-31": "2.52", "2010-09-30": "2.47", "2010-06-30": "2.76", "2010-03-31": "3.67", "2009-12-31": "2.78", "2009-09-30": "2.42", "2009-06-30": "1.63", "2009-03-31": "2.07", "2008-12-31": "3.12", "2008-09-30": "5.21", "2008-06-30": "5.83", "2008-03-31": "8.47", "2007-12-31": "6.12", "2007-09-30": "6.40", "2007-06-30": "7.95", "2007-03-31": "9.56", "2006-12-31": "9.63", "2006-09-30": "9.63", "2006-06-30": "10.06", "2006-03-31": "8.39", "2005-12-31": "8.29", "2005-09-30": "8.49", "2005-06-30": "6.74", "2005-03-31": "5.96"}, "quick ratio": {"2020-09-30": "1.86", "2020-06-30": "1.96", "2020-03-31": "6.75", "2019-12-31": "1.44", "2019-09-30": "6.99", "2019-06-30": "7.33", "2019-03-31": "8.61", "2018-12-31": "8.24", "2018-09-30": "1.55", "2018-06-30": "0.00", "2018-03-31": "0.00", "2017-12-31": "10.18", "2017-09-30": "14.37", "2017-06-30": "19.36", "2017-03-31": "0.00", "2016-12-31": "0.00", "2016-09-30": "0.00", "2016-06-30": "0.00", "2016-03-31": "0.00", "2015-12-31": "0.00", "2015-09-30": "0.00", "2015-06-30": "0.00", "2015-03-31": "0.00", "2014-12-31": "0.00", "2014-09-30": "0.00", "2014-06-30": "0.00", "2014-03-31": "0.00", "2013-12-31": "0.00", "2013-09-30": "0.00", "2013-06-30": "0.00", "2013-03-31": "0.00", "2012-12-31": "0.00", "2012-09-30": "0.00", "2012-06-30": "0.00", "2012-03-31": "0.00", "2011-12-31": "0.00", "2011-09-30": "0.00", "2011-06-30": "0.00", "2011-03-31": "0.00", "2010-12-31": "0.00", "2010-09-30": "0.00", "2010-06-30": "0.00", "2010-03-31": "0.00", "2009-12-31": "0.00", "2009-09-30": "0.00", "2009-06-30": "0.00", "2009-03-31": "0.00", "2008-12-31": "0.00", "2008-09-30": "0.00", "2008-06-30": "0.00", "2008-03-31": "0.00", "2007-12-31": "0.00", "2007-09-30": "0.00", "2007-06-30": "0.00", "2007-03-31": "0.00", "2006-12-31": "0.00", "2006-09-30": "0.00", "2006-06-30": "0.00", "2006-03-31": "0.00", "2005-12-31": "0.00", "2005-09-30": "0.00", "2005-06-30": "0.00", "2005-03-31": "0.00"}, "debt equity ratio": {"current": "0.00", "2020-09-30": "0.87", "2020-06-30": "0.82", "2020-03-31": "0.95", "2019-12-31": "1.05", "2019-09-30": "1.05", "2019-06-30": "1.21", "2019-03-31": "1.34", "2018-12-31": "1.07", "2018-09-30": "1.09", "2018-06-30": "1.23", "2018-03-31": "1.21", "2017-12-31": "1.20", "2017-09-30": "1.22", "2017-06-30": "1.18", "2017-03-31": "0.17", "2016-12-31": "0.16", "2016-09-30": "0.14", "2016-06-30": "0.13", "2016-03-31": "0.11", "2015-12-31": "0.12", "2015-09-30": "0.10", "2015-06-30": "0.10", "2015-03-31": "0.09", "2014-12-31": "0.17", "2014-09-30": "0.15", "2014-06-30": "0.14", "2014-03-31": "0.13", "2013-12-31": "0.29", "2013-09-30": "0.28", "2013-06-30": "0.29", "2013-03-31": "0.27", "2012-12-31": "0.27", "2012-09-30": "0.35", "2012-06-30": "0.40", "2012-03-31": "0.46", "2011-12-31": "1.30", "2011-09-30": "1.58", "2011-06-30": "3.99", "2011-03-31": "4.83", "2010-12-31": "6.47", "2010-09-30": "8.01", "2010-06-30": "11.49", "2010-03-31": "3.78", "2009-12-31": "16.91", "2009-09-30": "69.61", "2009-06-30": "10.82", "2009-03-31": "4.29", "2008-12-31": "2.21", "2008-09-30": "2.26", "2008-06-30": "1.83", "2008-03-31": "1.47", "2007-12-31": "1.33", "2007-09-30": "0.30", "2007-06-30": "0.27", "2007-03-31": "0.25", "2006-12-31": "0.24", "2006-09-30": "0.24", "2006-06-30": "0.22", "2006-03-31": "0.24", "2005-12-31": "0.24", "2005-09-30": "0.24", "2005-06-30": "0.28", "2005-03-31": "0.30"}, "return on equity": {"2020-09-30": "12.52%", "2020-06-30": "29.89%", "2020-03-31": "29.38%", "2019-12-31": "7.03%", "2019-09-30": "4.31%", "2019-06-30": "3.95%", "2019-03-31": "-9.10%", "2018-12-31": "5.03%", "2018-09-30": "2.56%", "2018-06-30": "-14.24%", "2018-03-31": "-29.67%", "2017-12-31": "-43.29%", "2017-09-30": "-61.83%", "2017-06-30": "-69.90%", "2017-03-31": "-61.78%", "2016-12-31": "-38.60%", "2016-09-30": "-31.85%", "2016-06-30": "-29.31%", "2016-03-31": "-24.21%", "2015-12-31": "-19.31%", "2015-09-30": "-19.40%", "2015-06-30": "-17.33%", "2015-03-31": "-16.97%", "2014-12-31": "-26.17%", "2014-09-30": "-25.12%", "2014-06-30": "-25.65%", "2014-03-31": "-29.11%", "2013-12-31": "-34.72%", "2013-09-30": "-18.44%", "2013-06-30": "-12.46%", "2013-03-31": "-4.77%", "2012-12-31": "2.73%", "2012-09-30": "-3.25%", "2012-06-30": "29.48%", "2012-03-31": "45.83%", "2011-12-31": "88.62%", "2011-09-30": "120.63%", "2011-06-30": "47.06%", "2011-03-31": "16.90%", "2010-12-31": "-55.38%", "2010-09-30": "-152.00%", "2010-06-30": "-352.94%", "2010-03-31": "-551.72%", "2009-12-31": "-658.06%", "2009-09-30": "-450.00%", "2009-06-30": "-258.27%", "2009-03-31": "-176.00%", "2008-12-31": "-127.14%", "2008-09-30": "-207.73%", "2008-06-30": "-145.12%", "2008-03-31": "-110.38%", "2007-12-31": "-89.51%", "2007-09-30": "-33.54%", "2007-06-30": "-35.27%", "2007-03-31": "-33.05%", "2006-12-31": "-30.86%", "2006-09-30": "-31.74%", "2006-06-30": "-13.25%", "2006-03-31": "-7.74%", "2005-12-31": "-5.97%"}, "return on assets": {"2020-09-30": "6.54%", "2020-06-30": "15.29%", "2020-03-31": "14.32%", "2019-12-31": "3.28%", "2019-09-30": "2.00%", "2019-06-30": "1.82%", "2019-03-31": "-4.19%", "2018-12-31": "2.35%", "2018-09-30": "1.18%", "2018-06-30": "-6.43%", "2018-03-31": "-13.46%", "2017-12-31": "-21.57%", "2017-09-30": "-35.60%", "2017-06-30": "-48.70%", "2017-03-31": "-53.94%", "2016-12-31": "-34.12%", "2016-09-30": "-28.36%", "2016-06-30": "-26.29%", "2016-03-31": "-21.89%", "2015-12-31": "-17.55%", "2015-09-30": "-17.59%", "2015-06-30": "-15.58%", "2015-03-31": "-15.09%", "2014-12-31": "-22.86%", "2014-09-30": "-21.62%", "2014-06-30": "-21.61%", "2014-03-31": "-23.74%", "2013-12-31": "-27.06%", "2013-09-30": "-14.42%", "2013-06-30": "-9.63%", "2013-03-31": "-3.61%", "2012-12-31": "2.00%", "2012-09-30": "-2.15%", "2012-06-30": "17.17%", "2012-03-31": "21.15%", "2011-12-31": "27.01%", "2011-09-30": "27.44%", "2011-06-30": "7.21%", "2011-03-31": "2.06%", "2010-12-31": "-6.81%", "2010-09-30": "-16.67%", "2010-06-30": "-31.41%", "2010-03-31": "-50.96%", "2009-12-31": "-60.90%", "2009-09-30": "-75.39%", "2009-06-30": "-63.81%", "2009-03-31": "-53.91%", "2008-12-31": "-44.72%", "2008-09-30": "-78.74%", "2008-06-30": "-74.06%", "2008-03-31": "-68.47%", "2007-12-31": "-63.69%", "2007-09-30": "-26.61%", "2007-06-30": "-28.27%", "2007-03-31": "-26.73%", "2006-12-31": "-24.97%", "2006-09-30": "-25.68%", "2006-06-30": "-10.71%", "2006-03-31": "-6.20%", "2005-12-31": "-4.73%"}, "return on investments": {"2020-09-30": "50.63%", "2020-06-30": "52.58%", "2020-03-31": "31.20%", "2019-12-31": "10.81%", "2019-09-30": "5.10%", "2019-06-30": "1.41%", "2019-03-31": "-4.45%", "2018-12-31": "6.26%", "2018-09-30": "4.83%", "2018-06-30": "-4.47%", "2018-03-31": "-12.14%", "2017-12-31": "-21.75%", "2017-09-30": "-38.14%", "2017-06-30": "-54.53%", "2017-03-31": "-63.53%", "2016-12-31": "-40.19%", "2016-09-30": "-33.55%", "2016-06-30": "-31.12%", "2016-03-31": "-25.71%", "2015-12-31": "-20.54%", "2015-09-30": "-20.54%", "2015-06-30": "-18.38%", "2015-03-31": "-18.23%", "2014-12-31": "-27.65%", "2014-09-30": "-26.73%", "2014-06-30": "-27.42%", "2014-03-31": "-31.06%", "2013-12-31": "-36.90%", "2013-09-30": "-20.14%", "2013-06-30": "-14.24%", "2013-03-31": "-6.02%", "2012-12-31": "1.34%", "2012-09-30": "-5.59%", "2012-06-30": "25.84%", "2012-03-31": "38.41%", "2011-12-31": "71.35%", "2011-09-30": "88.59%", "2011-06-30": "18.69%", "2011-03-31": "-8.51%", "2010-12-31": "-63.64%", "2010-09-30": "-126.03%", "2010-06-30": "-229.51%", "2010-03-31": "-339.62%", "2009-12-31": "-415.38%", "2009-09-30": "-357.65%", "2009-06-30": "-132.26%", "2009-03-31": "-80.56%", "2008-12-31": "-57.52%", "2008-09-30": "-93.58%", "2008-06-30": "-86.99%", "2008-03-31": "-79.39%", "2007-12-31": "-72.45%", "2007-09-30": "-30.46%", "2007-06-30": "-31.76%", "2007-03-31": "-29.99%", "2006-12-31": "-28.43%", "2006-09-30": "-29.22%", "2006-06-30": "-13.01%", "2006-03-31": "-7.70%", "2005-12-31": "-5.67%"}, "return on tangible equity": {"2020-09-30": "12.52%", "2020-06-30": "29.89%", "2020-03-31": "29.38%", "2019-12-31": "7.03%", "2019-09-30": "4.31%", "2019-06-30": "3.95%", "2019-03-31": "-9.10%", "2018-12-31": "5.03%", "2018-09-30": "2.56%", "2018-06-30": "-14.24%", "2018-03-31": "-29.67%", "2017-12-31": "-43.29%", "2017-09-30": "-61.83%", "2017-06-30": "-69.90%", "2017-03-31": "-61.78%", "2016-12-31": "-38.60%", "2016-09-30": "-31.85%", "2016-06-30": "-29.31%", "2016-03-31": "-24.21%", "2015-12-31": "-19.31%", "2015-09-30": "-19.40%", "2015-06-30": "-17.33%", "2015-03-31": "-16.97%", "2014-12-31": "-26.17%", "2014-09-30": "-25.12%", "2014-06-30": "-25.65%", "2014-03-31": "-29.11%", "2013-12-31": "-34.72%", "2013-09-30": "-18.44%", "2013-06-30": "-12.46%", "2013-03-31": "-4.77%", "2012-12-31": "2.73%", "2012-09-30": "-3.25%", "2012-06-30": "29.48%", "2012-03-31": "45.83%", "2011-12-31": "88.62%", "2011-09-30": "120.63%", "2011-06-30": "47.06%", "2011-03-31": "16.90%", "2010-12-31": "-55.38%", "2010-09-30": "-152.00%", "2010-06-30": "-352.94%", "2010-03-31": "-551.72%", "2009-12-31": "-658.06%", "2009-09-30": "-450.00%", "2009-06-30": "-258.27%", "2009-03-31": "-176.00%", "2008-12-31": "-127.14%", "2008-09-30": "-207.73%", "2008-06-30": "-145.12%", "2008-03-31": "-110.38%", "2007-12-31": "-89.51%", "2007-09-30": "-33.54%", "2007-06-30": "-35.27%", "2007-03-31": "-33.05%", "2006-12-31": "-30.86%", "2006-09-30": "-31.74%", "2006-06-30": "-13.25%", "2006-03-31": "-7.74%", "2005-12-31": "-5.97%"}, "dividend yield history": {"last payout": "$0.00", "last yield": "0.00%"}}