{"ticker": "NYCB", "price": {"title": "New York Community Bancorp Historical Annual Stock Price Data", "value": 10.41, "historical": {"2021": {"Average Stock Price": "10.8050", "Year Open": "10.5000", "Year High": "11.1300", "Year Low": "10.3500", "Year Close": "10.4100", "Annual % Change": "-1.33%"}, "2020": {"Average Stock Price": "9.9462", "Year Open": "11.8600", "Year High": "11.9400", "Year Low": "7.8100", "Year Close": "10.5500", "Annual % Change": "-12.23%"}, "2019": {"Average Stock Price": "11.5119", "Year Open": "9.5600", "Year High": "13.6900", "Year Low": "9.5400", "Year Close": "12.0200", "Annual % Change": "27.74%"}, "2018": {"Average Stock Price": "11.5894", "Year Open": "13.0700", "Year High": "14.4800", "Year Low": "8.7600", "Year Close": "9.4100", "Annual % Change": "-27.73%"}, "2017": {"Average Stock Price": "13.4283", "Year Open": "15.9200", "Year High": "16.2200", "Year Low": "11.7000", "Year Close": "13.0200", "Annual % Change": "-18.16%"}, "2016": {"Average Stock Price": "15.1252", "Year Open": "15.9300", "Year High": "17.3000", "Year Low": "13.7800", "Year Close": "15.9100", "Annual % Change": "-2.51%"}, "2015": {"Average Stock Price": "17.2300", "Year Open": "15.9400", "Year High": "19.1600", "Year Low": "15.2500", "Year Close": "16.3200", "Annual % Change": "2.00%"}, "2014": {"Average Stock Price": "15.8649", "Year Open": "16.6200", "Year High": "17.3400", "Year Low": "14.8200", "Year Close": "16.0000", "Annual % Change": "-5.04%"}, "2013": {"Average Stock Price": "14.5738", "Year Open": "13.4100", "Year High": "16.8500", "Year Low": "12.9600", "Year Close": "16.8500", "Annual % Change": "28.63%"}, "2012": {"Average Stock Price": "13.1128", "Year Open": "12.6000", "Year High": "14.9500", "Year Low": "11.5700", "Year Close": "13.1000", "Annual % Change": "5.90%"}, "2011": {"Average Stock Price": "14.9421", "Year Open": "18.9700", "Year High": "18.9700", "Year Low": "11.3200", "Year Close": "12.3700", "Annual % Change": "-34.38%"}, "2010": {"Average Stock Price": "16.3844", "Year Open": "14.4200", "Year High": "19.3000", "Year Low": "14.4200", "Year Close": "18.8500", "Annual % Change": "29.91%"}, "2009": {"Average Stock Price": "11.2729", "Year Open": "12.1400", "Year High": "14.6500", "Year Low": "7.9000", "Year Close": "14.5100", "Annual % Change": "21.32%"}, "2008": {"Average Stock Price": "16.6002", "Year Open": "17.3200", "Year High": "20.5900", "Year Low": "11.0200", "Year Close": "11.9600", "Annual % Change": "-31.97%"}, "2007": {"Average Stock Price": "17.5586", "Year Open": "16.2000", "Year High": "19.4200", "Year Low": "15.9000", "Year Close": "17.5800", "Annual % Change": "9.19%"}, "2006": {"Average Stock Price": "16.6597", "Year Open": "16.6400", "Year High": "18.0100", "Year Low": "15.8500", "Year Close": "16.1000", "Annual % Change": "-2.54%"}, "2005": {"Average Stock Price": "17.6402", "Year Open": "20.4000", "Year High": "20.4000", "Year Low": "15.7600", "Year Close": "16.5200", "Annual % Change": "-19.69%"}, "2004": {"Average Stock Price": "23.7896", "Year Open": "28.1107", "Year High": "35.1200", "Year Low": "17.8800", "Year Close": "20.5700", "Annual % Change": "-27.92%"}, "2003": {"Average Stock Price": "21.6067", "Year Open": "16.5946", "Year High": "29.4457", "Year Low": "15.4301", "Year Close": "28.5382", "Annual % Change": "75.67%"}, "2002": {"Average Stock Price": "15.8263", "Year Open": "12.9775", "Year High": "17.9896", "Year Low": "12.9775", "Year Close": "16.2458", "Annual % Change": "26.28%"}, "2001": {"Average Stock Price": "12.5716", "Year Open": "9.0305", "Year High": "17.6446", "Year Low": "8.4229", "Year Close": "12.8650", "Annual % Change": "40.02%"}, "2000": {"Average Stock Price": "5.8897", "Year Open": "6.7203", "Year High": "9.3755", "Year Low": "4.4377", "Year Close": "9.1880", "Annual % Change": "35.51%"}, "1999": {"Average Stock Price": "7.4961", "Year Open": "7.4054", "Year High": "8.9229", "Year Low": "6.4378", "Year Close": "6.7803", "Annual % Change": "-8.84%"}, "1998": {"Average Stock Price": "6.9768", "Year Open": "6.5203", "Year High": "7.8554", "Year Low": "5.7203", "Year Close": "7.4379", "Annual % Change": "10.19%"}, "1997": {"Average Stock Price": "5.0400", "Year Open": "3.3705", "Year High": "6.7503", "Year Low": "3.3705", "Year Close": "6.7503", "Annual % Change": "92.33%"}, "1996": {"Average Stock Price": "2.7032", "Year Open": "2.1735", "Year High": "3.6580", "Year Low": "2.1668", "Year Close": "3.5098", "Annual % Change": "59.69%"}, "1995": {"Average Stock Price": "1.8593", "Year Open": "1.4168", "Year High": "2.3752", "Year Low": "1.3473", "Year Close": "2.1979", "Annual % Change": "49.28%"}, "1994": {"Average Stock Price": "1.4719", "Year Open": "1.2549", "Year High": "1.7687", "Year Low": "1.2501", "Year Close": "1.4723", "Annual % Change": "16.90%"}}}, "market cap": {"value": "$4.83B"}, "income statement": {"Revenue": {"2020-12-31": "1769.07300", "2019-12-31": "1889.39000", "2018-12-31": "1781.23100", "2017-12-31": "1799.11900", "2016-12-31": "1820.44100", "2015-12-31": "1902.34700", "2014-12-31": "1884.66000", "2013-12-31": "1926.92800", "2012-12-31": "2088.45400", "2011-12-31": "2101.98900", "2010-12-31": "2251.71700", "2009-12-31": "1792.25100", "2008-12-31": "1620.65800", "2007-12-31": "1677.83700", "2006-12-31": "1497.69000", "2005-12-31": "1276.71900"}, "Cost Of Goods Sold": {"2020-12-31": "607.85100", "2019-12-31": "847.76000", "2018-12-31": "658.67800", "2017-12-31": "452.23600", "2016-12-31": "387.48700", "2015-12-31": "1283.50900", "2014-12-31": "542.71400", "2013-12-31": "541.48200", "2012-12-31": "631.08000", "2011-12-31": "666.24300", "2010-12-31": "733.83100", "2009-12-31": "729.28700", "2008-12-31": "929.63400", "2007-12-31": "950.21500", "2006-12-31": "847.13400", "2005-12-31": "583.65100"}, "Gross Profit": {"2020-12-31": "1161.22200", "2019-12-31": "1041.63000", "2018-12-31": "1122.55300", "2017-12-31": "1346.88300", "2016-12-31": "1432.95400", "2015-12-31": "618.83790", "2014-12-31": "1341.94600", "2013-12-31": "1385.44600", "2012-12-31": "1457.37400", "2011-12-31": "1435.74600", "2010-12-31": "1517.88600", "2009-12-31": "1062.96400", "2008-12-31": "691.02410", "2007-12-31": "727.62200", "2006-12-31": "650.55600", "2005-12-31": "693.06800"}, "Research And Development Expenses": {"2020-12-31": "", "2019-12-31": "", "2018-12-31": "", "2017-12-31": "", "2016-12-31": "", "2015-12-31": "", "2014-12-31": "", "2013-12-31": "", "2012-12-31": "", "2011-12-31": "", "2010-12-31": "", "2009-12-31": "", "2008-12-31": "", "2007-12-31": "", "2006-12-31": "", "2005-12-31": ""}, "SG&A Expenses": {"2020-12-31": "573.41800", "2019-12-31": "518.32300", "2018-12-31": "564.88400", "2017-12-31": "678.46000", "2016-12-31": "642.28890", "2015-12-31": "741.80490", "2014-12-31": "560.58300", "2013-12-31": "622.53600", "2012-12-31": "656.82090", "2011-12-31": "675.10300", "2010-12-31": "649.14900", "2009-12-31": "447.00300", "2008-12-31": "613.88700", "2007-12-31": "302.76500", "2006-12-31": "283.97100", "2005-12-31": "236.62100"}, "Other Operating Income Or Expenses": {"2020-12-31": "", "2019-12-31": "", "2018-12-31": "", "2017-12-31": "", "2016-12-31": "", "2015-12-31": "", "2014-12-31": "", "2013-12-31": "", "2012-12-31": "", "2011-12-31": "", "2010-12-31": "", "2009-12-31": "", "2008-12-31": "", "2007-12-31": "", "2006-12-31": "", "2005-12-31": ""}, "Operating Expenses": {"2020-12-31": "1181.26900", "2019-12-31": "1366.08300", "2018-12-31": "1223.56200", "2017-12-31": "1130.90400", "2016-12-31": "1032.16700", "2015-12-31": "2030.65800", "2014-12-31": "1111.59400", "2013-12-31": "1179.80200", "2012-12-31": "1307.54500", "2011-12-31": "1367.41200", "2010-12-31": "1414.24600", "2009-12-31": "1199.10200", "2008-12-31": "1566.86400", "2007-12-31": "1275.73800", "2006-12-31": "1148.97600", "2005-12-31": "832.00500"}, "Operating Income": {"2020-12-31": "587.80400", "2019-12-31": "523.30700", "2018-12-31": "557.66890", "2017-12-31": "668.21500", "2016-12-31": "788.27400", "2015-12-31": "-128.31100", "2014-12-31": "773.06600", "2013-12-31": "747.12600", "2012-12-31": "780.90890", "2011-12-31": "734.57700", "2010-12-31": "837.47090", "2009-12-31": "593.14900", "2008-12-31": "53.79410", "2007-12-31": "402.09900", "2006-12-31": "348.71400", "2005-12-31": "444.71400"}, "Total Non-Operating Income/Expense": {"2020-12-31": "", "2019-12-31": "", "2018-12-31": "", "2017-12-31": "", "2016-12-31": "-11.14600", "2015-12-31": "-3.70200", "2014-12-31": "", "2013-12-31": "", "2012-12-31": "", "2011-12-31": "", "2010-12-31": "", "2009-12-31": "", "2008-12-31": "", "2007-12-31": "", "2006-12-31": "", "2005-12-31": ""}, "Pre-Tax Income": {"2020-12-31": "587.80400", "2019-12-31": "523.30700", "2018-12-31": "557.66900", "2017-12-31": "668.21500", "2016-12-31": "777.12800", "2015-12-31": "-132.01300", "2014-12-31": "773.06600", "2013-12-31": "747.12600", "2012-12-31": "780.90900", "2011-12-31": "734.57700", "2010-12-31": "837.47100", "2009-12-31": "593.14900", "2008-12-31": "53.79400", "2007-12-31": "402.09900", "2006-12-31": "348.71400", "2005-12-31": "444.71400"}, "Income Taxes": {"2020-12-31": "76.69500", "2019-12-31": "128.26400", "2018-12-31": "135.25200", "2017-12-31": "202.01400", "2016-12-31": "281.72700", "2015-12-31": "-84.85700", "2014-12-31": "287.66900", "2013-12-31": "271.57900", "2012-12-31": "279.80300", "2011-12-31": "254.54000", "2010-12-31": "296.45400", "2009-12-31": "194.50300", "2008-12-31": "-24.09000", "2007-12-31": "123.01700", "2006-12-31": "116.12900", "2005-12-31": "152.62900"}, "Income After Taxes": {"2020-12-31": "511.10900", "2019-12-31": "395.04300", "2018-12-31": "422.41700", "2017-12-31": "466.20100", "2016-12-31": "495.40100", "2015-12-31": "-47.15600", "2014-12-31": "485.39700", "2013-12-31": "475.54700", "2012-12-31": "501.10600", "2011-12-31": "480.03700", "2010-12-31": "541.01700", "2009-12-31": "398.64600", "2008-12-31": "77.88400", "2007-12-31": "279.08200", "2006-12-31": "232.58500", "2005-12-31": "292.08500"}, "Other Income": {"2020-12-31": "", "2019-12-31": "", "2018-12-31": "", "2017-12-31": "", "2016-12-31": "", "2015-12-31": "", "2014-12-31": "", "2013-12-31": "", "2012-12-31": "", "2011-12-31": "", "2010-12-31": "", "2009-12-31": "", "2008-12-31": "", "2007-12-31": "", "2006-12-31": "", "2005-12-31": ""}, "Income From Continuous Operations": {"2020-12-31": "511.10900", "2019-12-31": "395.04300", "2018-12-31": "422.41700", "2017-12-31": "466.20100", "2016-12-31": "495.40100", "2015-12-31": "-47.15600", "2014-12-31": "485.39700", "2013-12-31": "475.54700", "2012-12-31": "501.10600", "2011-12-31": "480.03700", "2010-12-31": "541.01700", "2009-12-31": "398.64600", "2008-12-31": "77.88400", "2007-12-31": "279.08200", "2006-12-31": "232.58500", "2005-12-31": "292.08500"}, "Income From Discontinued Operations": {"2020-12-31": "", "2019-12-31": "", "2018-12-31": "", "2017-12-31": "", "2016-12-31": "", "2015-12-31": "", "2014-12-31": "", "2013-12-31": "", "2012-12-31": "", "2011-12-31": "", "2010-12-31": "", "2009-12-31": "", "2008-12-31": "", "2007-12-31": "", "2006-12-31": "", "2005-12-31": ""}, "Net Income": {"2020-12-31": "478.28100", "2019-12-31": "362.21500", "2018-12-31": "389.58900", "2017-12-31": "441.58000", "2016-12-31": "495.40100", "2015-12-31": "-47.15600", "2014-12-31": "481.97200", "2013-12-31": "472.53900", "2012-12-31": "496.40400", "2011-12-31": "476.42300", "2010-12-31": "541.01700", "2009-12-31": "398.64600", "2008-12-31": "77.88400", "2007-12-31": "279.08200", "2006-12-31": "232.58500", "2005-12-31": "292.08500"}, "EBITDA": {"2020-12-31": "", "2019-12-31": "", "2018-12-31": "", "2017-12-31": "", "2016-12-31": "", "2015-12-31": "", "2014-12-31": "", "2013-12-31": "", "2012-12-31": "", "2011-12-31": "", "2010-12-31": "", "2009-12-31": "", "2008-12-31": "", "2007-12-31": "", "2006-12-31": "", "2005-12-31": ""}, "EBIT": {"2020-12-31": "", "2019-12-31": "", "2018-12-31": "", "2017-12-31": "", "2016-12-31": "", "2015-12-31": "", "2014-12-31": "", "2013-12-31": "", "2012-12-31": "", "2011-12-31": "", "2010-12-31": "", "2009-12-31": "", "2008-12-31": "", "2007-12-31": "", "2006-12-31": "", "2005-12-31": ""}, "Basic Shares Outstanding": {"2020-12-31": "462.60500", "2019-12-31": "465.38000", "2018-12-31": "487.28800", "2017-12-31": "487.07400", "2016-12-31": "485.15000", "2015-12-31": "448.98200", "2014-12-31": "440.98800", "2013-12-31": "439.25100", "2012-12-31": "437.70700", "2011-12-31": "436.01900", "2010-12-31": "433.74100", "2009-12-31": "351.86900", "2008-12-31": "334.65700", "2007-12-31": "309.53600", "2006-12-31": "284.87700", "2005-12-31": "260.41200"}, "Shares Outstanding": {"2020-12-31": "463.28100", "2019-12-31": "465.66300", "2018-12-31": "487.28800", "2017-12-31": "487.07400", "2016-12-31": "485.15000", "2015-12-31": "448.98200", "2014-12-31": "440.98800", "2013-12-31": "439.25100", "2012-12-31": "437.71200", "2011-12-31": "436.14300", "2010-12-31": "433.74100", "2009-12-31": "351.93900", "2008-12-31": "335.37100", "2007-12-31": "309.53600", "2006-12-31": "286.26100", "2005-12-31": "262.49800"}, "Basic EPS": {"2020-12-31": "1.02000", "2019-12-31": "0.77000", "2018-12-31": "0.79000", "2017-12-31": "0.90000", "2016-12-31": "1.01000", "2015-12-31": "-0.11000", "2014-12-31": "1.09000", "2013-12-31": "1.08000", "2012-12-31": "1.13000", "2011-12-31": "1.09000", "2010-12-31": "1.24000", "2009-12-31": "1.13000", "2008-12-31": "0.23000", "2007-12-31": "0.90000", "2006-12-31": "0.82000", "2005-12-31": "1.12000"}, "EPS - Earnings Per Share": {"2020-12-31": "1.02000", "2019-12-31": "0.77000", "2018-12-31": "0.79000", "2017-12-31": "0.90000", "2016-12-31": "1.01000", "2015-12-31": "-0.11000", "2014-12-31": "1.09000", "2013-12-31": "1.08000", "2012-12-31": "1.13000", "2011-12-31": "1.09000", "2010-12-31": "1.24000", "2009-12-31": "1.13000", "2008-12-31": "0.23000", "2007-12-31": "0.90000", "2006-12-31": "0.81000", "2005-12-31": "1.11000"}}, "income statement, quarterly": {"Revenue": {"2020-12-31": "440.86000", "2020-09-30": "431.81700", "2020-06-30": "438.45500", "2020-03-31": "457.94100", "2019-12-31": "468.14500", "2019-09-30": "478.93700", "2019-06-30": "471.34900", "2019-03-31": "470.95900", "2018-12-31": "465.94490", "2018-09-30": "448.06600", "2018-06-30": "440.03800", "2018-03-31": "427.18200", "2017-12-31": "415.71300", "2017-09-30": "502.60300", "2017-06-30": "449.51200", "2017-03-31": "431.29100", "2016-12-31": "447.72200", "2016-09-30": "456.69100", "2016-06-30": "456.98100", "2016-03-31": "459.04700", "2015-12-31": "483.54200", "2015-09-30": "454.13700", "2015-06-30": "483.52100", "2015-03-31": "481.14700", "2014-12-31": "493.28200", "2014-09-30": "468.35700", "2014-06-30": "470.47500", "2014-03-31": "452.54600", "2013-12-31": "469.85210", "2013-09-30": "478.39900", "2013-06-30": "490.31900", "2013-03-31": "488.35800", "2012-12-31": "502.26690", "2012-09-30": "524.36800", "2012-06-30": "553.18500", "2012-03-31": "508.63400", "2011-12-31": "524.60000", "2011-09-30": "519.96000", "2011-06-30": "527.89600", "2011-03-31": "529.53300", "2010-12-31": "584.05910", "2010-09-30": "574.53300", "2010-06-30": "555.70300", "2010-03-31": "537.42200", "2009-12-31": "567.97620", "2009-09-30": "418.00800", "2009-06-30": "383.98500", "2009-03-31": "422.28200", "2008-12-31": "440.12910", "2008-09-30": "379.06700", "2008-06-30": "370.64100", "2008-03-31": "430.82100", "2007-12-31": "425.60900", "2007-09-30": "481.66600", "2007-06-30": "377.08000", "2007-03-31": "393.48200", "2006-12-31": "390.31090", "2006-09-30": "384.76400", "2006-06-30": "375.80400", "2006-03-31": "346.81100", "2005-12-31": "320.36800", "2005-09-30": "320.93400", "2005-06-30": "321.01500", "2005-03-31": "314.40200"}, "Cost Of Goods Sold": {"2020-12-31": "117.91000", "2020-09-30": "136.16300", "2020-06-30": "157.20300", "2020-03-31": "196.57500", "2019-12-31": "208.21300", "2019-09-30": "218.63600", "2019-06-30": "216.06200", "2019-03-31": "204.84900", "2018-12-31": "195.63600", "2018-09-30": "175.63800", "2018-06-30": "153.37700", "2018-03-31": "134.02700", "2017-12-31": "119.39600", "2017-09-30": "117.33200", "2017-06-30": "111.30600", "2017-03-31": "104.20200", "2016-12-31": "99.82800", "2016-09-30": "97.67300", "2016-06-30": "94.04200", "2016-03-31": "95.94400", "2015-12-31": "873.70310", "2015-09-30": "137.13800", "2015-06-30": "136.52300", "2015-03-31": "136.14500", "2014-12-31": "139.12100", "2014-09-30": "138.04200", "2014-06-30": "134.39000", "2014-03-31": "131.16100", "2013-12-31": "133.71700", "2013-09-30": "133.44400", "2013-06-30": "136.69000", "2013-03-31": "137.63100", "2012-12-31": "156.77100", "2012-09-30": "157.76100", "2012-06-30": "158.32400", "2012-03-31": "158.22400", "2011-12-31": "164.58400", "2011-09-30": "166.92400", "2011-06-30": "167.06400", "2011-03-31": "167.67100", "2010-12-31": "175.80900", "2010-09-30": "181.24200", "2010-06-30": "188.98600", "2010-03-31": "187.79400", "2009-12-31": "175.40900", "2009-09-30": "176.57600", "2009-06-30": "184.11100", "2009-03-31": "193.19100", "2008-12-31": "209.49890", "2008-09-30": "216.52000", "2008-06-30": "262.75000", "2008-03-31": "240.86500", "2007-12-31": "244.70300", "2007-09-30": "242.37200", "2007-06-30": "239.92700", "2007-03-31": "223.21300", "2006-12-31": "226.81800", "2006-09-30": "221.45000", "2006-06-30": "208.12900", "2006-03-31": "190.73700", "2005-12-31": "165.58300", "2005-09-30": "152.43200", "2005-06-30": "141.99800", "2005-03-31": "123.63800"}, "Gross Profit": {"2020-12-31": "322.95000", "2020-09-30": "295.65400", "2020-06-30": "281.25200", "2020-03-31": "261.36600", "2019-12-31": "259.93200", "2019-09-30": "260.30100", "2019-06-30": "255.28700", "2019-03-31": "266.11000", "2018-12-31": "270.30900", "2018-09-30": "272.42800", "2018-06-30": "286.66100", "2018-03-31": "293.15500", "2017-12-31": "296.31700", "2017-09-30": "385.27100", "2017-06-30": "338.20600", "2017-03-31": "327.08900", "2016-12-31": "347.89400", "2016-09-30": "359.01800", "2016-06-30": "362.93900", "2016-03-31": "363.10300", "2015-12-31": "-390.16110", "2015-09-30": "316.99900", "2015-06-30": "346.99800", "2015-03-31": "345.00200", "2014-12-31": "354.16100", "2014-09-30": "330.31500", "2014-06-30": "336.08500", "2014-03-31": "321.38500", "2013-12-31": "336.13510", "2013-09-30": "344.95500", "2013-06-30": "353.62900", "2013-03-31": "350.72700", "2012-12-31": "345.49590", "2012-09-30": "366.60700", "2012-06-30": "394.86100", "2012-03-31": "350.41000", "2011-12-31": "360.01610", "2011-09-30": "353.03590", "2011-06-30": "360.83200", "2011-03-31": "361.86200", "2010-12-31": "408.25010", "2010-09-30": "393.29100", "2010-06-30": "366.71700", "2010-03-31": "349.62800", "2009-12-31": "392.56720", "2009-09-30": "241.43200", "2009-06-30": "199.87400", "2009-03-31": "229.09100", "2008-12-31": "230.63010", "2008-09-30": "162.54700", "2008-06-30": "107.89100", "2008-03-31": "189.95600", "2007-12-31": "180.90600", "2007-09-30": "239.29400", "2007-06-30": "137.15300", "2007-03-31": "170.26900", "2006-12-31": "163.49300", "2006-09-30": "163.31400", "2006-06-30": "167.67500", "2006-03-31": "156.07400", "2005-12-31": "154.78500", "2005-09-30": "168.50200", "2005-06-30": "179.01700", "2005-03-31": "190.76400"}, "Research And Development Expenses": {"2020-12-31": "", "2020-09-30": "", "2020-06-30": "", "2020-03-31": "", "2019-12-31": "", "2019-09-30": "", "2019-06-30": "", "2019-03-31": "", "2018-12-31": "", "2018-09-30": "", "2018-06-30": "", "2018-03-31": "", "2017-12-31": "", "2017-09-30": "", "2017-06-30": "", "2017-03-31": "", "2016-12-31": "", "2016-09-30": "", "2016-06-30": "", "2016-03-31": "", "2015-12-31": "", "2015-09-30": "", "2015-06-30": "", "2015-03-31": "", "2014-12-31": "", "2014-09-30": "", "2014-06-30": "", "2014-03-31": "", "2013-12-31": "", "2013-09-30": "", "2013-06-30": "", "2013-03-31": "", "2012-12-31": "", "2012-09-30": "", "2012-06-30": "", "2012-03-31": "", "2011-12-31": "", "2011-09-30": "", "2011-06-30": "", "2011-03-31": "", "2010-12-31": "", "2010-09-30": "", "2010-06-30": "", "2010-03-31": "", "2009-12-31": "", "2009-09-30": "", "2009-06-30": "", "2009-03-31": "", "2008-12-31": "", "2008-09-30": "", "2008-06-30": "", "2008-03-31": "", "2007-12-31": "", "2007-09-30": "", "2007-06-30": "", "2007-03-31": "", "2006-12-31": "", "2006-09-30": "", "2006-06-30": "", "2006-03-31": "", "2005-12-31": "", "2005-09-30": "", "2005-06-30": "", "2005-03-31": ""}, "SG&A Expenses": {"2020-12-31": "144.60400", "2020-09-30": "141.52400", "2020-06-30": "141.16700", "2020-03-31": "146.12300", "2019-12-31": "127.79900", "2019-09-30": "128.08300", "2019-06-30": "124.89600", "2019-03-31": "137.54500", "2018-12-31": "137.71600", "2018-09-30": "135.63400", "2018-06-30": "142.85600", "2018-03-31": "148.67800", "2017-12-31": "151.41000", "2017-09-30": "206.79500", "2017-06-30": "157.47400", "2017-03-31": "162.78100", "2016-12-31": "167.24890", "2016-09-30": "158.87700", "2016-06-30": "159.95000", "2016-03-31": "156.21300", "2015-12-31": "157.41800", "2015-09-30": "137.00000", "2015-06-30": "150.91900", "2015-03-31": "155.25900", "2014-12-31": "146.03800", "2014-09-30": "139.23100", "2014-06-30": "145.94200", "2014-03-31": "129.37200", "2013-12-31": "143.58000", "2013-09-30": "160.67700", "2013-06-30": "157.10200", "2013-03-31": "161.17700", "2012-12-31": "151.56000", "2012-09-30": "161.28600", "2012-06-30": "183.95700", "2012-03-31": "160.01800", "2011-12-31": "173.65100", "2011-09-30": "164.52700", "2011-06-30": "171.60800", "2011-03-31": "165.31700", "2010-12-31": "169.53500", "2010-09-30": "175.27100", "2010-06-30": "155.48800", "2010-03-31": "148.85500", "2009-12-31": "138.09800", "2009-09-30": "105.06700", "2009-06-30": "113.92700", "2009-03-31": "89.91100", "2008-12-31": "86.52200", "2008-09-30": "78.97800", "2008-06-30": "369.56900", "2008-03-31": "78.81800", "2007-12-31": "81.83500", "2007-09-30": "72.80000", "2007-06-30": "78.78500", "2007-03-31": "69.34500", "2006-12-31": "73.49900", "2006-09-30": "66.42800", "2006-06-30": "88.72500", "2006-03-31": "55.31900", "2005-12-31": "91.42200", "2005-09-30": "50.24000", "2005-06-30": "49.31600", "2005-03-31": "50.63300"}, "Other Operating Income Or Expenses": {"2020-12-31": "", "2020-09-30": "", "2020-06-30": "", "2020-03-31": "", "2019-12-31": "", "2019-09-30": "", "2019-06-30": "", "2019-03-31": "", "2018-12-31": "", "2018-09-30": "", "2018-06-30": "", "2018-03-31": "", "2017-12-31": "", "2017-09-30": "", "2017-06-30": "", "2017-03-31": "", "2016-12-31": "", "2016-09-30": "", "2016-06-30": "", "2016-03-31": "", "2015-12-31": "", "2015-09-30": "", "2015-06-30": "", "2015-03-31": "", "2014-12-31": "", "2014-09-30": "", "2014-06-30": "", "2014-03-31": "", "2013-12-31": "", "2013-09-30": "", "2013-06-30": "", "2013-03-31": "", "2012-12-31": "", "2012-09-30": "", "2012-06-30": "", "2012-03-31": "", "2011-12-31": "", "2011-09-30": "", "2011-06-30": "", "2011-03-31": "", "2010-12-31": "", "2010-09-30": "", "2010-06-30": "", "2010-03-31": "", "2009-12-31": "", "2009-09-30": "", "2009-06-30": "", "2009-03-31": "", "2008-12-31": "", "2008-09-30": "", "2008-06-30": "", "2008-03-31": "", "2007-12-31": "", "2007-09-30": "", "2007-06-30": "", "2007-03-31": "", "2006-12-31": "", "2006-09-30": "", "2006-06-30": "", "2006-03-31": "", "2005-12-31": "", "2005-09-30": "", "2005-06-30": "", "2005-03-31": ""}, "Operating Expenses": {"2020-12-31": "262.51400", "2020-09-30": "277.68700", "2020-06-30": "298.37000", "2020-03-31": "342.69800", "2019-12-31": "336.01200", "2019-09-30": "346.71900", "2019-06-30": "340.95800", "2019-03-31": "342.39400", "2018-12-31": "333.35200", "2018-09-30": "311.27200", "2018-06-30": "296.23300", "2018-03-31": "282.70500", "2017-12-31": "270.80600", "2017-09-30": "324.15100", "2017-06-30": "268.81000", "2017-03-31": "267.13700", "2016-12-31": "267.47390", "2016-09-30": "257.09200", "2016-06-30": "254.59800", "2016-03-31": "253.00300", "2015-12-31": "1032.25600", "2015-09-30": "275.41800", "2015-06-30": "288.78700", "2015-03-31": "292.98800", "2014-12-31": "287.03200", "2014-09-30": "279.29200", "2014-06-30": "282.41400", "2014-03-31": "262.85600", "2013-12-31": "280.36200", "2013-09-30": "298.23800", "2013-06-30": "297.97300", "2013-03-31": "303.22900", "2012-12-31": "313.04100", "2012-09-30": "323.90200", "2012-06-30": "347.20100", "2012-03-31": "323.40100", "2011-12-31": "343.68290", "2011-09-30": "337.54000", "2011-06-30": "345.81600", "2011-03-31": "340.37300", "2010-12-31": "353.01700", "2010-09-30": "364.33100", "2010-06-30": "352.35700", "2010-03-31": "344.54100", "2009-12-31": "319.74400", "2009-09-30": "287.05500", "2009-06-30": "303.51400", "2009-03-31": "288.78900", "2008-12-31": "301.75390", "2008-09-30": "301.25500", "2008-06-30": "638.14000", "2008-03-31": "325.71500", "2007-12-31": "332.61600", "2007-09-30": "321.02700", "2007-06-30": "324.53500", "2007-03-31": "297.56000", "2006-12-31": "305.36600", "2006-09-30": "292.92700", "2006-06-30": "301.32100", "2006-03-31": "249.36200", "2005-12-31": "259.93500", "2005-09-30": "205.60200", "2005-06-30": "194.24400", "2005-03-31": "177.21400"}, "Operating Income": {"2020-12-31": "178.34600", "2020-09-30": "154.13000", "2020-06-30": "140.08500", "2020-03-31": "115.24300", "2019-12-31": "132.13300", "2019-09-30": "132.21800", "2019-06-30": "130.39100", "2019-03-31": "128.56500", "2018-12-31": "132.59300", "2018-09-30": "136.79400", "2018-06-30": "143.80500", "2018-03-31": "144.47700", "2017-12-31": "144.90700", "2017-09-30": "178.45200", "2017-06-30": "180.70200", "2017-03-31": "164.15400", "2016-12-31": "180.24810", "2016-09-30": "199.59900", "2016-06-30": "202.38300", "2016-03-31": "206.04400", "2015-12-31": "-548.71410", "2015-09-30": "178.71900", "2015-06-30": "194.73400", "2015-03-31": "188.15900", "2014-12-31": "206.25000", "2014-09-30": "189.06500", "2014-06-30": "188.06100", "2014-03-31": "189.69000", "2013-12-31": "189.49010", "2013-09-30": "180.16100", "2013-06-30": "192.34600", "2013-03-31": "185.12900", "2012-12-31": "189.22600", "2012-09-30": "200.46600", "2012-06-30": "205.98400", "2012-03-31": "185.23300", "2011-12-31": "180.91710", "2011-09-30": "182.42000", "2011-06-30": "182.08000", "2011-03-31": "189.16000", "2010-12-31": "231.04210", "2010-09-30": "210.20200", "2010-06-30": "203.34600", "2010-03-31": "192.88100", "2009-12-31": "248.23220", "2009-09-30": "130.95300", "2009-06-30": "80.47100", "2009-03-31": "133.49300", "2008-12-31": "138.37510", "2008-09-30": "77.81200", "2008-06-30": "-267.49900", "2008-03-31": "105.10600", "2007-12-31": "92.99300", "2007-09-30": "160.63900", "2007-06-30": "52.54500", "2007-03-31": "95.92200", "2006-12-31": "84.94500", "2006-09-30": "91.83700", "2006-06-30": "74.48300", "2006-03-31": "97.44900", "2005-12-31": "60.43300", "2005-09-30": "115.33200", "2005-06-30": "126.77100", "2005-03-31": "137.18800"}, "Total Non-Operating Income/Expense": {"2020-12-31": "", "2020-09-30": "", "2020-06-30": "", "2020-03-31": "", "2019-12-31": "", "2019-09-30": "", "2019-06-30": "", "2019-03-31": "", "2018-12-31": "", "2018-09-30": "", "2018-06-30": "", "2018-03-31": "", "2017-12-31": "", "2017-09-30": "", "2017-06-30": "", "2017-03-31": "", "2016-12-31": "-6.47200", "2016-09-30": "-2.21100", "2016-06-30": "-1.25000", "2016-03-31": "-1.21300", "2015-12-31": "", "2015-09-30": "", "2015-06-30": "", "2015-03-31": "", "2014-12-31": "", "2014-09-30": "", "2014-06-30": "", "2014-03-31": "", "2013-12-31": "", "2013-09-30": "", "2013-06-30": "", "2013-03-31": "", "2012-12-31": "", "2012-09-30": "", "2012-06-30": "", "2012-03-31": "", "2011-12-31": "", "2011-09-30": "", "2011-06-30": "", "2011-03-31": "", "2010-12-31": "", "2010-09-30": "", "2010-06-30": "", "2010-03-31": "", "2009-12-31": "", "2009-09-30": "", "2009-06-30": "", "2009-03-31": "", "2008-12-31": "", "2008-09-30": "", "2008-06-30": "", "2008-03-31": "", "2007-12-31": "", "2007-09-30": "", "2007-06-30": "", "2007-03-31": "", "2006-12-31": "", "2006-09-30": "", "2006-06-30": "", "2006-03-31": "", "2005-12-31": "", "2005-09-30": "", "2005-06-30": "", "2005-03-31": ""}, "Pre-Tax Income": {"2020-12-31": "178.34600", "2020-09-30": "154.13000", "2020-06-30": "140.08500", "2020-03-31": "115.24300", "2019-12-31": "132.13300", "2019-09-30": "132.21800", "2019-06-30": "130.39100", "2019-03-31": "128.56500", "2018-12-31": "132.59300", "2018-09-30": "136.79400", "2018-06-30": "143.80500", "2018-03-31": "144.47700", "2017-12-31": "144.90700", "2017-09-30": "178.45200", "2017-06-30": "180.70200", "2017-03-31": "164.15400", "2016-12-31": "173.77600", "2016-09-30": "197.38800", "2016-06-30": "201.13300", "2016-03-31": "204.83100", "2015-12-31": "-693.62500", "2015-09-30": "178.71900", "2015-06-30": "194.73400", "2015-03-31": "188.15900", "2014-12-31": "206.25000", "2014-09-30": "189.06500", "2014-06-30": "188.06100", "2014-03-31": "189.69000", "2013-12-31": "189.49000", "2013-09-30": "180.16100", "2013-06-30": "192.34600", "2013-03-31": "185.12900", "2012-12-31": "189.22600", "2012-09-30": "200.46600", "2012-06-30": "205.98400", "2012-03-31": "185.23300", "2011-12-31": "180.91700", "2011-09-30": "182.42000", "2011-06-30": "182.08000", "2011-03-31": "189.16000", "2010-12-31": "231.04200", "2010-09-30": "210.20200", "2010-06-30": "203.34600", "2010-03-31": "192.88100", "2009-12-31": "248.23200", "2009-09-30": "130.95300", "2009-06-30": "80.47100", "2009-03-31": "133.49300", "2008-12-31": "138.37500", "2008-09-30": "77.81200", "2008-06-30": "-267.49900", "2008-03-31": "105.10600", "2007-12-31": "92.99300", "2007-09-30": "160.63900", "2007-06-30": "52.54500", "2007-03-31": "95.92200", "2006-12-31": "84.94500", "2006-09-30": "91.83700", "2006-06-30": "74.48300", "2006-03-31": "97.44900", "2005-12-31": "65.42300", "2005-09-30": "115.33200", "2005-06-30": "126.77100", "2005-03-31": "137.18800"}, "Income Taxes": {"2020-12-31": "-11.31800", "2020-09-30": "38.36000", "2020-06-30": "34.73800", "2020-03-31": "14.91500", "2019-12-31": "30.95900", "2019-09-30": "33.17200", "2019-06-30": "33.14500", "2019-03-31": "30.98800", "2018-12-31": "30.85400", "2018-09-30": "30.02200", "2018-06-30": "36.45100", "2018-03-31": "37.92500", "2017-12-31": "8.38600", "2017-09-30": "67.98400", "2017-06-30": "65.44700", "2017-03-31": "60.19700", "2016-12-31": "60.04300", "2016-09-30": "72.08900", "2016-06-30": "74.67300", "2016-03-31": "74.92200", "2015-12-31": "-288.81800", "2015-09-30": "64.03100", "2015-06-30": "71.03000", "2015-03-31": "68.90000", "2014-12-31": "75.05300", "2014-09-30": "68.80700", "2014-06-30": "69.37300", "2014-03-31": "74.43600", "2013-12-31": "69.33500", "2013-09-30": "65.96100", "2013-06-30": "69.82900", "2013-03-31": "66.45400", "2012-12-31": "66.38300", "2012-09-30": "71.66800", "2012-06-30": "74.77200", "2012-03-31": "66.98000", "2011-12-31": "63.26500", "2011-09-30": "62.67000", "2011-06-30": "62.62100", "2011-03-31": "65.98400", "2010-12-31": "81.21000", "2010-09-30": "74.59300", "2010-06-30": "71.91900", "2010-03-31": "68.73200", "2009-12-31": "93.29600", "2009-09-30": "32.38000", "2009-06-30": "24.02300", "2009-03-31": "44.80400", "2008-12-31": "36.14300", "2008-09-30": "19.74800", "2008-06-30": "-112.71600", "2008-03-31": "32.73500", "2007-12-31": "25.61300", "2007-09-30": "49.73000", "2007-06-30": "16.57100", "2007-03-31": "31.10300", "2006-12-31": "31.82400", "2006-09-30": "29.36000", "2006-06-30": "23.87100", "2006-03-31": "31.07400", "2005-12-31": "28.50700", "2005-09-30": "37.71700", "2005-06-30": "40.29900", "2005-03-31": "46.10600"}, "Income After Taxes": {"2020-12-31": "189.66400", "2020-09-30": "115.77000", "2020-06-30": "105.34700", "2020-03-31": "100.32800", "2019-12-31": "101.17400", "2019-09-30": "99.04600", "2019-06-30": "97.24600", "2019-03-31": "97.57700", "2018-12-31": "101.73900", "2018-09-30": "106.77200", "2018-06-30": "107.35400", "2018-03-31": "106.55200", "2017-12-31": "136.52100", "2017-09-30": "110.46800", "2017-06-30": "115.25500", "2017-03-31": "103.95700", "2016-12-31": "113.73300", "2016-09-30": "125.29900", "2016-06-30": "126.46000", "2016-03-31": "129.90900", "2015-12-31": "-404.80700", "2015-09-30": "114.68800", "2015-06-30": "123.70400", "2015-03-31": "119.25900", "2014-12-31": "131.19700", "2014-09-30": "120.25800", "2014-06-30": "118.68800", "2014-03-31": "115.25400", "2013-12-31": "120.15500", "2013-09-30": "114.20000", "2013-06-30": "122.51700", "2013-03-31": "118.67500", "2012-12-31": "122.84300", "2012-09-30": "128.79800", "2012-06-30": "131.21200", "2012-03-31": "118.25300", "2011-12-31": "117.65200", "2011-09-30": "119.75000", "2011-06-30": "119.45900", "2011-03-31": "123.17600", "2010-12-31": "149.83200", "2010-09-30": "135.60900", "2010-06-30": "131.42700", "2010-03-31": "124.14900", "2009-12-31": "154.93600", "2009-09-30": "98.57300", "2009-06-30": "56.44800", "2009-03-31": "88.68900", "2008-12-31": "102.23200", "2008-09-30": "58.06400", "2008-06-30": "-154.78300", "2008-03-31": "72.37100", "2007-12-31": "67.38000", "2007-09-30": "110.90900", "2007-06-30": "35.97400", "2007-03-31": "64.81900", "2006-12-31": "53.12100", "2006-09-30": "62.47700", "2006-06-30": "50.61200", "2006-03-31": "66.37500", "2005-12-31": "36.91600", "2005-09-30": "77.61500", "2005-06-30": "86.47200", "2005-03-31": "91.08200"}, "Other Income": {"2020-12-31": "", "2020-09-30": "", "2020-06-30": "", "2020-03-31": "", "2019-12-31": "", "2019-09-30": "", "2019-06-30": "", "2019-03-31": "", "2018-12-31": "", "2018-09-30": "", "2018-06-30": "", "2018-03-31": "", "2017-12-31": "", "2017-09-30": "", "2017-06-30": "", "2017-03-31": "", "2016-12-31": "", "2016-09-30": "", "2016-06-30": "", "2016-03-31": "", "2015-12-31": "", "2015-09-30": "", "2015-06-30": "", "2015-03-31": "", "2014-12-31": "", "2014-09-30": "", "2014-06-30": "", "2014-03-31": "", "2013-12-31": "", "2013-09-30": "", "2013-06-30": "", "2013-03-31": "", "2012-12-31": "", "2012-09-30": "", "2012-06-30": "", "2012-03-31": "", "2011-12-31": "", "2011-09-30": "", "2011-06-30": "", "2011-03-31": "", "2010-12-31": "", "2010-09-30": "", "2010-06-30": "", "2010-03-31": "", "2009-12-31": "", "2009-09-30": "", "2009-06-30": "", "2009-03-31": "", "2008-12-31": "", "2008-09-30": "", "2008-06-30": "", "2008-03-31": "", "2007-12-31": "", "2007-09-30": "", "2007-06-30": "", "2007-03-31": "", "2006-12-31": "", "2006-09-30": "", "2006-06-30": "", "2006-03-31": "", "2005-12-31": "", "2005-09-30": "", "2005-06-30": "", "2005-03-31": ""}, "Income From Continuous Operations": {"2020-12-31": "189.66400", "2020-09-30": "115.77000", "2020-06-30": "105.34700", "2020-03-31": "100.32800", "2019-12-31": "101.17400", "2019-09-30": "99.04600", "2019-06-30": "97.24600", "2019-03-31": "97.57700", "2018-12-31": "101.73900", "2018-09-30": "106.77200", "2018-06-30": "107.35400", "2018-03-31": "106.55200", "2017-12-31": "136.52100", "2017-09-30": "110.46800", "2017-06-30": "115.25500", "2017-03-31": "103.95700", "2016-12-31": "113.73300", "2016-09-30": "125.29900", "2016-06-30": "126.46000", "2016-03-31": "129.90900", "2015-12-31": "-404.80700", "2015-09-30": "114.68800", "2015-06-30": "123.70400", "2015-03-31": "119.25900", "2014-12-31": "131.19700", "2014-09-30": "120.25800", "2014-06-30": "118.68800", "2014-03-31": "115.25400", "2013-12-31": "120.15500", "2013-09-30": "114.20000", "2013-06-30": "122.51700", "2013-03-31": "118.67500", "2012-12-31": "122.84300", "2012-09-30": "128.79800", "2012-06-30": "131.21200", "2012-03-31": "118.25300", "2011-12-31": "117.65200", "2011-09-30": "119.75000", "2011-06-30": "119.45900", "2011-03-31": "123.17600", "2010-12-31": "149.83200", "2010-09-30": "135.60900", "2010-06-30": "131.42700", "2010-03-31": "124.14900", "2009-12-31": "154.93600", "2009-09-30": "98.57300", "2009-06-30": "56.44800", "2009-03-31": "88.68900", "2008-12-31": "102.23200", "2008-09-30": "58.06400", "2008-06-30": "-154.78300", "2008-03-31": "72.37100", "2007-12-31": "67.38000", "2007-09-30": "110.90900", "2007-06-30": "35.97400", "2007-03-31": "64.81900", "2006-12-31": "53.12100", "2006-09-30": "62.47700", "2006-06-30": "50.61200", "2006-03-31": "66.37500", "2005-12-31": "36.91600", "2005-09-30": "77.61500", "2005-06-30": "86.47200", "2005-03-31": "91.08200"}, "Income From Discontinued Operations": {"2020-12-31": "", "2020-09-30": "", "2020-06-30": "", "2020-03-31": "", "2019-12-31": "", "2019-09-30": "", "2019-06-30": "", "2019-03-31": "", "2018-12-31": "", "2018-09-30": "", "2018-06-30": "", "2018-03-31": "", "2017-12-31": "", "2017-09-30": "", "2017-06-30": "", "2017-03-31": "", "2016-12-31": "", "2016-09-30": "", "2016-06-30": "", "2016-03-31": "", "2015-12-31": "", "2015-09-30": "", "2015-06-30": "", "2015-03-31": "", "2014-12-31": "", "2014-09-30": "", "2014-06-30": "", "2014-03-31": "", "2013-12-31": "", "2013-09-30": "", "2013-06-30": "", "2013-03-31": "", "2012-12-31": "", "2012-09-30": "", "2012-06-30": "", "2012-03-31": "", "2011-12-31": "", "2011-09-30": "", "2011-06-30": "", "2011-03-31": "", "2010-12-31": "", "2010-09-30": "", "2010-06-30": "", "2010-03-31": "", "2009-12-31": "", "2009-09-30": "", "2009-06-30": "", "2009-03-31": "", "2008-12-31": "", "2008-09-30": "", "2008-06-30": "", "2008-03-31": "", "2007-12-31": "", "2007-09-30": "", "2007-06-30": "", "2007-03-31": "", "2006-12-31": "", "2006-09-30": "", "2006-06-30": "", "2006-03-31": "", "2005-12-31": "", "2005-09-30": "", "2005-06-30": "", "2005-03-31": ""}, "Net Income": {"2020-12-31": "181.45700", "2020-09-30": "107.56300", "2020-06-30": "97.14000", "2020-03-31": "92.12100", "2019-12-31": "92.96700", "2019-09-30": "90.83900", "2019-06-30": "89.03900", "2019-03-31": "89.37000", "2018-12-31": "93.53200", "2018-09-30": "98.56500", "2018-06-30": "99.14700", "2018-03-31": "98.34500", "2017-12-31": "128.31400", "2017-09-30": "102.26100", "2017-06-30": "107.04800", "2017-03-31": "103.95700", "2016-12-31": "114.71200", "2016-09-30": "125.29900", "2016-06-30": "126.46000", "2016-03-31": "128.93000", "2015-12-31": "-402.19000", "2015-09-30": "113.85400", "2015-06-30": "122.79300", "2015-03-31": "118.38700", "2014-12-31": "130.27100", "2014-09-30": "119.40700", "2014-06-30": "117.83600", "2014-03-31": "114.45800", "2013-12-31": "117.87000", "2013-09-30": "113.47700", "2013-06-30": "122.51700", "2013-03-31": "118.67500", "2012-12-31": "118.14100", "2012-09-30": "128.79800", "2012-06-30": "131.21200", "2012-03-31": "118.25300", "2011-12-31": "115.87300", "2011-09-30": "118.83600", "2011-06-30": "118.53800", "2011-03-31": "123.17600", "2010-12-31": "149.83200", "2010-09-30": "135.60900", "2010-06-30": "131.42700", "2010-03-31": "124.14900", "2009-12-31": "154.93600", "2009-09-30": "98.57300", "2009-06-30": "56.44800", "2009-03-31": "88.68900", "2008-12-31": "102.23200", "2008-09-30": "58.06400", "2008-06-30": "-154.78300", "2008-03-31": "72.37100", "2007-12-31": "67.38000", "2007-09-30": "110.90900", "2007-06-30": "35.97400", "2007-03-31": "64.81900", "2006-12-31": "53.12100", "2006-09-30": "62.47700", "2006-06-30": "50.61200", "2006-03-31": "66.37500", "2005-12-31": "36.91600", "2005-09-30": "77.61500", "2005-06-30": "86.47200", "2005-03-31": "91.08200"}, "EBITDA": {"2020-12-31": "", "2020-09-30": "", "2020-06-30": "", "2020-03-31": "", "2019-12-31": "", "2019-09-30": "", "2019-06-30": "", "2019-03-31": "", "2018-12-31": "", "2018-09-30": "", "2018-06-30": "", "2018-03-31": "", "2017-12-31": "", "2017-09-30": "", "2017-06-30": "", "2017-03-31": "", "2016-12-31": "", "2016-09-30": "", "2016-06-30": "", "2016-03-31": "", "2015-12-31": "", "2015-09-30": "", "2015-06-30": "", "2015-03-31": "", "2014-12-31": "", "2014-09-30": "", "2014-06-30": "", "2014-03-31": "", "2013-12-31": "", "2013-09-30": "", "2013-06-30": "", "2013-03-31": "", "2012-12-31": "", "2012-09-30": "", "2012-06-30": "", "2012-03-31": "", "2011-12-31": "", "2011-09-30": "", "2011-06-30": "", "2011-03-31": "", "2010-12-31": "", "2010-09-30": "", "2010-06-30": "", "2010-03-31": "", "2009-12-31": "", "2009-09-30": "", "2009-06-30": "", "2009-03-31": "", "2008-12-31": "", "2008-09-30": "", "2008-06-30": "", "2008-03-31": "", "2007-12-31": "", "2007-09-30": "", "2007-06-30": "", "2007-03-31": "", "2006-12-31": "", "2006-09-30": "", "2006-06-30": "", "2006-03-31": "", "2005-12-31": "", "2005-09-30": "", "2005-06-30": "", "2005-03-31": ""}, "EBIT": {"2020-12-31": "", "2020-09-30": "", "2020-06-30": "", "2020-03-31": "", "2019-12-31": "", "2019-09-30": "", "2019-06-30": "", "2019-03-31": "", "2018-12-31": "", "2018-09-30": "", "2018-06-30": "", "2018-03-31": "", "2017-12-31": "", "2017-09-30": "", "2017-06-30": "", "2017-03-31": "", "2016-12-31": "", "2016-09-30": "", "2016-06-30": "", "2016-03-31": "", "2015-12-31": "", "2015-09-30": "", "2015-06-30": "", "2015-03-31": "", "2014-12-31": "", "2014-09-30": "", "2014-06-30": "", "2014-03-31": "", "2013-12-31": "", "2013-09-30": "", "2013-06-30": "", "2013-03-31": "", "2012-12-31": "", "2012-09-30": "", "2012-06-30": "", "2012-03-31": "", "2011-12-31": "", "2011-09-30": "", "2011-06-30": "", "2011-03-31": "", "2010-12-31": "", "2010-09-30": "", "2010-06-30": "", "2010-03-31": "", "2009-12-31": "", "2009-09-30": "", "2009-06-30": "", "2009-03-31": "", "2008-12-31": "", "2008-09-30": "", "2008-06-30": "", "2008-03-31": "", "2007-12-31": "", "2007-09-30": "", "2007-06-30": "", "2007-03-31": "", "2006-12-31": "", "2006-09-30": "", "2006-06-30": "", "2006-03-31": "", "2005-12-31": "", "2005-09-30": "", "2005-06-30": "", "2005-03-31": ""}, "Basic Shares Outstanding": {"2020-12-31": "461.73200", "2020-09-30": "461.78100", "2020-06-30": "461.93400", "2020-03-31": "464.99400", "2019-12-31": "465.38000", "2019-09-30": "465.35700", "2019-06-30": "465.35200", "2019-03-31": "465.49400", "2018-12-31": "487.28800", "2018-09-30": "488.47600", "2018-06-30": "488.53100", "2018-03-31": "488.14000", "2017-12-31": "487.07400", "2017-09-30": "487.27400", "2017-06-30": "487.28200", "2017-03-31": "486.51200", "2016-12-31": "485.15000", "2016-09-30": "485.35300", "2016-06-30": "485.30300", "2016-03-31": "484.60500", "2015-12-31": "448.98200", "2015-09-30": "442.70800", "2015-06-30": "442.72100", "2015-03-31": "441.99000", "2014-12-31": "440.98800", "2014-09-30": "441.12800", "2014-06-30": "441.15500", "2014-03-31": "440.57100", "2013-12-31": "439.25100", "2013-09-30": "439.43600", "2013-06-30": "439.45200", "2013-03-31": "438.70300", "2012-12-31": "437.70700", "2012-09-30": "437.78800", "2012-06-30": "437.82100", "2012-03-31": "437.46800", "2011-12-31": "436.01900", "2011-09-30": "436.24400", "2011-06-30": "436.17900", "2011-03-31": "435.56300", "2010-12-31": "433.74100", "2010-09-30": "434.37600", "2010-06-30": "434.18500", "2010-03-31": "432.13100", "2009-12-31": "351.86900", "2009-09-30": "346.17600", "2009-06-30": "343.55000", "2009-03-31": "343.32300", "2008-12-31": "334.65700", "2008-09-30": "341.97200", "2008-06-30": "331.27100", "2008-03-31": "322.71900", "2007-12-31": "309.53600", "2007-09-30": "312.07800", "2007-06-30": "310.84800", "2007-03-31": "293.32400", "2006-12-31": "284.87700", "2006-09-30": "292.24500", "2006-06-30": "287.47300", "2006-03-31": "266.94900", "2005-12-31": "260.41200", "2005-09-30": "260.58000", "2005-06-30": "260.20400", "2005-03-31": "259.87200"}, "Shares Outstanding": {"2020-12-31": "462.59200", "2020-09-30": "462.64600", "2020-06-30": "462.48900", "2020-03-31": "465.41300", "2019-12-31": "465.66300", "2019-09-30": "465.77600", "2019-06-30": "465.64100", "2019-03-31": "465.49400", "2018-12-31": "487.28800", "2018-09-30": "488.47600", "2018-06-30": "488.53100", "2018-03-31": "488.14000", "2017-12-31": "487.07400", "2017-09-30": "487.27400", "2017-06-30": "487.28200", "2017-03-31": "486.51200", "2016-12-31": "485.15000", "2016-09-30": "485.35300", "2016-06-30": "485.30300", "2016-03-31": "484.60500", "2015-12-31": "448.98200", "2015-09-30": "442.70800", "2015-06-30": "442.72100", "2015-03-31": "441.99000", "2014-12-31": "440.98800", "2014-09-30": "441.12800", "2014-06-30": "441.15500", "2014-03-31": "440.57100", "2013-12-31": "439.25100", "2013-09-30": "439.43600", "2013-06-30": "439.45500", "2013-03-31": "438.70900", "2012-12-31": "437.71200", "2012-09-30": "437.79300", "2012-06-30": "437.82500", "2012-03-31": "437.47300", "2011-12-31": "436.14300", "2011-09-30": "436.27800", "2011-06-30": "436.61700", "2011-03-31": "436.41300", "2010-12-31": "433.74100", "2010-09-30": "434.84400", "2010-06-30": "434.62400", "2010-03-31": "432.44700", "2009-12-31": "351.93900", "2009-09-30": "346.17600", "2009-06-30": "343.62500", "2009-03-31": "343.32300", "2008-12-31": "335.37100", "2008-09-30": "341.97200", "2008-06-30": "331.27100", "2008-03-31": "323.98800", "2007-12-31": "309.53600", "2007-09-30": "313.59700", "2007-06-30": "310.84800", "2007-03-31": "294.70400", "2006-12-31": "286.26100", "2006-09-30": "293.55100", "2006-06-30": "288.94900", "2006-03-31": "268.62000", "2005-12-31": "262.49800", "2005-09-30": "262.61600", "2005-06-30": "262.35000", "2005-03-31": "262.27400"}, "Basic EPS": {"2020-12-31": "0.39000", "2020-09-30": "0.23000", "2020-06-30": "0.21000", "2020-03-31": "0.20000", "2019-12-31": "0.20000", "2019-09-30": "0.19000", "2019-06-30": "0.19000", "2019-03-31": "0.19000", "2018-12-31": "0.19000", "2018-09-30": "0.20000", "2018-06-30": "0.20000", "2018-03-31": "0.20000", "2017-12-31": "0.26000", "2017-09-30": "0.21000", "2017-06-30": "0.22000", "2017-03-31": "0.21000", "2016-12-31": "0.22000", "2016-09-30": "0.26000", "2016-06-30": "0.26000", "2016-03-31": "0.27000", "2015-12-31": "-0.92000", "2015-09-30": "0.26000", "2015-06-30": "0.28000", "2015-03-31": "0.27000", "2014-12-31": "0.29000", "2014-09-30": "0.27000", "2014-06-30": "0.27000", "2014-03-31": "0.26000", "2013-12-31": "0.27000", "2013-09-30": "0.26000", "2013-06-30": "0.28000", "2013-03-31": "0.27000", "2012-12-31": "0.27000", "2012-09-30": "0.29000", "2012-06-30": "0.30000", "2012-03-31": "0.27000", "2011-12-31": "0.27000", "2011-09-30": "0.27000", "2011-06-30": "0.27000", "2011-03-31": "0.28000", "2010-12-31": "0.34000", "2010-09-30": "0.31000", "2010-06-30": "0.30000", "2010-03-31": "0.29000", "2009-12-31": "0.43000", "2009-09-30": "0.28000", "2009-06-30": "0.16000", "2009-03-31": "0.26000", "2008-12-31": "0.31000", "2008-09-30": "0.17000", "2008-06-30": "-0.47000", "2008-03-31": "0.22000", "2007-12-31": "0.20000", "2007-09-30": "0.36000", "2007-06-30": "0.12000", "2007-03-31": "0.22000", "2006-12-31": "0.18000", "2006-09-30": "0.21000", "2006-06-30": "0.18000", "2006-03-31": "0.25000", "2005-12-31": "0.14000", "2005-09-30": "0.30000", "2005-06-30": "0.33000", "2005-03-31": "0.35000"}, "EPS - Earnings Per Share": {"2020-12-31": "0.39000", "2020-09-30": "0.23000", "2020-06-30": "0.21000", "2020-03-31": "0.20000", "2019-12-31": "0.20000", "2019-09-30": "0.19000", "2019-06-30": "0.19000", "2019-03-31": "0.19000", "2018-12-31": "0.19000", "2018-09-30": "0.20000", "2018-06-30": "0.20000", "2018-03-31": "0.20000", "2017-12-31": "0.26000", "2017-09-30": "0.21000", "2017-06-30": "0.22000", "2017-03-31": "0.21000", "2016-12-31": "0.22000", "2016-09-30": "0.26000", "2016-06-30": "0.26000", "2016-03-31": "0.27000", "2015-12-31": "-0.92000", "2015-09-30": "0.26000", "2015-06-30": "0.28000", "2015-03-31": "0.27000", "2014-12-31": "0.29000", "2014-09-30": "0.27000", "2014-06-30": "0.27000", "2014-03-31": "0.26000", "2013-12-31": "0.27000", "2013-09-30": "0.26000", "2013-06-30": "0.28000", "2013-03-31": "0.27000", "2012-12-31": "0.27000", "2012-09-30": "0.29000", "2012-06-30": "0.30000", "2012-03-31": "0.27000", "2011-12-31": "0.27000", "2011-09-30": "0.27000", "2011-06-30": "0.27000", "2011-03-31": "0.28000", "2010-12-31": "0.34000", "2010-09-30": "0.31000", "2010-06-30": "0.30000", "2010-03-31": "0.29000", "2009-12-31": "0.43000", "2009-09-30": "0.28000", "2009-06-30": "0.16000", "2009-03-31": "0.26000", "2008-12-31": "0.31000", "2008-09-30": "0.17000", "2008-06-30": "-0.47000", "2008-03-31": "0.22000", "2007-12-31": "0.21000", "2007-09-30": "0.35000", "2007-06-30": "0.12000", "2007-03-31": "0.22000", "2006-12-31": "0.17000", "2006-09-30": "0.21000", "2006-06-30": "0.18000", "2006-03-31": "0.25000", "2005-12-31": "0.13000", "2005-09-30": "0.30000", "2005-06-30": "0.33000", "2005-03-31": "0.35000"}}, "balance sheet": {"Cash On Hand": {"2020-12-31": "1947.93100", "2019-12-31": "741.87000", "2018-12-31": "1474.95500", "2017-12-31": "2528.16900", "2016-12-31": "557.85000", "2015-12-31": "537.67400", "2014-12-31": "564.15000", "2013-12-31": "644.55000", "2012-12-31": "2427.25800", "2011-12-31": "2001.73700", "2010-12-31": "1927.54200", "2009-12-31": "2670.85700", "2008-12-31": "203.21600", "2007-12-31": "335.74300", "2006-12-31": "230.75900", "2005-12-31": "231.80300"}, "Receivables": {"2020-12-31": "", "2019-12-31": "", "2018-12-31": "", "2017-12-31": "", "2016-12-31": "", "2015-12-31": "", "2014-12-31": "", "2013-12-31": "", "2012-12-31": "", "2011-12-31": "", "2010-12-31": "", "2009-12-31": "", "2008-12-31": "", "2007-12-31": "", "2006-12-31": "", "2005-12-31": ""}, "Inventory": {"2020-12-31": "", "2019-12-31": "", "2018-12-31": "", "2017-12-31": "", "2016-12-31": "", "2015-12-31": "", "2014-12-31": "", "2013-12-31": "", "2012-12-31": "", "2011-12-31": "", "2010-12-31": "", "2009-12-31": "", "2008-12-31": "", "2007-12-31": "", "2006-12-31": "", "2005-12-31": ""}, "Pre-Paid Expenses": {"2020-12-31": "", "2019-12-31": "", "2018-12-31": "", "2017-12-31": "", "2016-12-31": "", "2015-12-31": "", "2014-12-31": "", "2013-12-31": "", "2012-12-31": "", "2011-12-31": "", "2010-12-31": "", "2009-12-31": "", "2008-12-31": "", "2007-12-31": "", "2006-12-31": "", "2005-12-31": ""}, "Other Current Assets": {"2020-12-31": "", "2019-12-31": "", "2018-12-31": "", "2017-12-31": "", "2016-12-31": "", "2015-12-31": "", "2014-12-31": "", "2013-12-31": "", "2012-12-31": "", "2011-12-31": "", "2010-12-31": "", "2009-12-31": "", "2008-12-31": "", "2007-12-31": "", "2006-12-31": "", "2005-12-31": ""}, "Total Current Assets": {"2020-12-31": "44754.62000", "2019-12-31": "42488.39000", "2018-12-31": "41481.04000", "2017-12-31": "40793.35000", "2016-12-31": "39865.87000", "2015-12-31": "38549.67000", "2014-12-31": "36211.79000", "2013-12-31": "33372.06000", "2012-12-31": "34007.89000", "2011-12-31": "32153.89000", "2010-12-31": "30969.14000", "2009-12-31": "30936.06000", "2008-12-31": "22301.06000", "2007-12-31": "20606.20000", "2006-12-31": "19798.26000", "2005-12-31": "17180.50000"}, "Property, Plant, And Equipment": {"2020-12-31": "287.44700", "2019-12-31": "312.62600", "2018-12-31": "346.17900", "2017-12-31": "368.65500", "2016-12-31": "373.67500", "2015-12-31": "322.30700", "2014-12-31": "319.00200", "2013-12-31": "273.29900", "2012-12-31": "264.14900", "2011-12-31": "250.85900", "2010-12-31": "233.69400", "2009-12-31": "205.16500", "2008-12-31": "217.76200", "2007-12-31": "214.90600", "2006-12-31": "196.08400", "2005-12-31": "140.27900"}, "Long-Term Investments": {"2020-12-31": "6558.91400", "2019-12-31": "6533.44900", "2018-12-31": "6288.66100", "2017-12-31": "4135.24600", "2016-12-31": "4407.99100", "2015-12-31": "6837.61600", "2014-12-31": "7611.77700", "2013-12-31": "8512.41000", "2012-12-31": "5382.67300", "2011-12-31": "5030.74400", "2010-12-31": "5234.90500", "2009-12-31": "6238.98500", "2008-12-31": "6302.47200", "2007-12-31": "6166.97000", "2006-12-31": "5330.29500", "2005-12-31": "5967.46400"}, "Goodwill And Intangible Assets": {"2020-12-31": "2426.37900", "2019-12-31": "2426.37900", "2018-12-31": "2436.13100", "2017-12-31": "2442.23100", "2016-12-31": "2670.30000", "2015-12-31": "2686.46400", "2014-12-31": "2671.37100", "2013-12-31": "2693.38900", "2012-12-31": "2612.86800", "2011-12-31": "2604.81100", "2010-12-31": "2621.27100", "2009-12-31": "2542.16500", "2008-12-31": "2524.18100", "2007-12-31": "2548.52700", "2006-12-31": "2254.48900", "2005-12-31": "2067.22200"}, "Other Long-Term Assets": {"2020-12-31": "2011.89400", "2019-12-31": "1593.78600", "2018-12-31": "1347.36200", "2017-12-31": "1384.71100", "2016-12-31": "1608.72300", "2015-12-31": "1921.74000", "2014-12-31": "1745.27800", "2013-12-31": "1837.13200", "2012-12-31": "1877.51600", "2011-12-31": "1983.99700", "2010-12-31": "2131.68200", "2009-12-31": "2231.48900", "2008-12-31": "1121.43100", "2007-12-31": "1043.22200", "2006-12-31": "903.24100", "2005-12-31": "928.24000"}, "Total Long-Term Assets": {"2020-12-31": "11284.63000", "2019-12-31": "10866.24000", "2018-12-31": "10418.33000", "2017-12-31": "8330.84300", "2016-12-31": "9060.68800", "2015-12-31": "11768.13000", "2014-12-31": "12347.43000", "2013-12-31": "13316.23000", "2012-12-31": "10137.21000", "2011-12-31": "9870.41100", "2010-12-31": "10221.55000", "2009-12-31": "11217.80000", "2008-12-31": "10165.85000", "2007-12-31": "9973.62500", "2006-12-31": "8684.10900", "2005-12-31": "9103.20500"}, "Total Assets": {"2020-12-31": "56306.12000", "2019-12-31": "53640.82000", "2018-12-31": "51899.38000", "2017-12-31": "49124.20000", "2016-12-31": "48926.55000", "2015-12-31": "50317.80000", "2014-12-31": "48559.22000", "2013-12-31": "46688.29000", "2012-12-31": "44145.10000", "2011-12-31": "42024.30000", "2010-12-31": "41190.69000", "2009-12-31": "42153.87000", "2008-12-31": "32466.91000", "2007-12-31": "30579.82000", "2006-12-31": "28482.37000", "2005-12-31": "26283.71000"}, "Total Current Liabilities": {"2020-12-31": "32436.81000", "2019-12-31": "31657.13000", "2018-12-31": "30764.43000", "2017-12-31": "29102.16000", "2016-12-31": "28887.90000", "2015-12-31": "28426.76000", "2014-12-31": "28328.73000", "2013-12-31": "25660.99000", "2012-12-31": "24877.52000", "2011-12-31": "22325.65000", "2010-12-31": "21809.05000", "2009-12-31": "22316.41000", "2008-12-31": "14375.65000", "2007-12-31": "13157.33000", "2006-12-31": "12639.16000", "2005-12-31": "12148.34000"}, "Long Term Debt": {"2020-12-31": "16083.54000", "2019-12-31": "14557.59000", "2018-12-31": "14207.87000", "2017-12-31": "12913.68000", "2016-12-31": "13673.38000", "2015-12-31": "15748.41000", "2014-12-31": "14226.49000", "2013-12-31": "15105.00000", "2012-12-31": "13430.19000", "2011-12-31": "13960.41000", "2010-12-31": "13536.12000", "2009-12-31": "14164.69000", "2008-12-31": "13496.71000", "2007-12-31": "12994.14000", "2006-12-31": "11954.75000", "2005-12-31": "10591.71000"}, "Other Non-Current Liabilities": {"2020-12-31": "677.27300", "2019-12-31": "428.41100", "2018-12-31": "271.84500", "2017-12-31": "312.97700", "2016-12-31": "241.28200", "2015-12-31": "207.93700", "2014-12-31": "222.18100", "2013-12-31": "186.63100", "2012-12-31": "181.12400", "2011-12-31": "172.53100", "2010-12-31": "319.30200", "2009-12-31": "305.87000", "2008-12-31": "375.30200", "2007-12-31": "246.03600", "2006-12-31": "198.62700", "2005-12-31": "218.78200"}, "Total Long Term Liabilities": {"2020-12-31": "16760.82000", "2019-12-31": "14986.00000", "2018-12-31": "14479.71000", "2017-12-31": "13226.66000", "2016-12-31": "13914.66000", "2015-12-31": "15956.34000", "2014-12-31": "14448.67000", "2013-12-31": "15291.63000", "2012-12-31": "13611.31000", "2011-12-31": "14132.94000", "2010-12-31": "13855.42000", "2009-12-31": "14470.56000", "2008-12-31": "13872.01000", "2007-12-31": "13240.17000", "2006-12-31": "12153.37000", "2005-12-31": "10810.49000"}, "Total Liabilities": {"2020-12-31": "49464.48000", "2019-12-31": "46929.13000", "2018-12-31": "45244.14000", "2017-12-31": "42328.82000", "2016-12-31": "42802.56000", "2015-12-31": "44383.10000", "2014-12-31": "42777.40000", "2013-12-31": "40952.63000", "2012-12-31": "38488.84000", "2011-12-31": "36458.60000", "2010-12-31": "35664.47000", "2009-12-31": "36786.97000", "2008-12-31": "28247.66000", "2007-12-31": "26397.51000", "2006-12-31": "24792.53000", "2005-12-31": "22958.83000"}, "Common Stock Net": {"2020-12-31": "4.90400", "2019-12-31": "4.90400", "2018-12-31": "4.90400", "2017-12-31": "4.89100", "2016-12-31": "4.87100", "2015-12-31": "4.85000", "2014-12-31": "4.42700", "2013-12-31": "4.40900", "2012-12-31": "4.39100", "2011-12-31": "4.37400", "2010-12-31": "4.35600", "2009-12-31": "4.33200", "2008-12-31": "3.45000", "2007-12-31": "3.23800", "2006-12-31": "2.95400", "2005-12-31": "2.73400"}, "Retained Earnings (Accumulated Deficit)": {"2020-12-31": "494.22900", "2019-12-31": "342.02300", "2018-12-31": "297.20200", "2017-12-31": "237.86800", "2016-12-31": "128.43500", "2015-12-31": "-36.56800", "2014-12-31": "464.56900", "2013-12-31": "422.76100", "2012-12-31": "387.53400", "2011-12-31": "324.96700", "2010-12-31": "281.84400", "2009-12-31": "175.19300", "2008-12-31": "123.51100", "2007-12-31": "390.75700", "2006-12-31": "421.31300", "2005-12-31": "475.50100"}, "Comprehensive Income": {"2020-12-31": "7.53500", "2019-12-31": "-33.69600", "2018-12-31": "-87.65300", "2017-12-31": "-15.16700", "2016-12-31": "-56.71300", "2015-12-31": "-57.02100", "2014-12-31": "-55.68600", "2013-12-31": "-36.49300", "2012-12-31": "-61.70500", "2011-12-31": "-71.91000", "2010-12-31": "-45.69500", "2009-12-31": "-49.90300", "2008-12-31": "-87.31900", "2007-12-31": "-21.31500", "2006-12-31": "-68.05300", "2005-12-31": "-55.85700"}, "Other Share Holders Equity": {"2020-12-31": "-33.01300", "2019-12-31": "0.85300", "2018-12-31": "", "2017-12-31": "", "2016-12-31": "", "2015-12-31": "", "2014-12-31": "", "2013-12-31": "", "2012-12-31": "", "2011-12-31": "", "2010-12-31": "", "2009-12-31": "", "2008-12-31": "", "2007-12-31": "", "2006-12-31": "", "2005-12-31": ""}, "Share Holder Equity": {"2020-12-31": "6841.64400", "2019-12-31": "6711.69400", "2018-12-31": "6655.23500", "2017-12-31": "6795.37600", "2016-12-31": "6123.99100", "2015-12-31": "5934.69600", "2014-12-31": "5781.81500", "2013-12-31": "5735.66200", "2012-12-31": "5656.26400", "2011-12-31": "5565.70400", "2010-12-31": "5526.22000", "2009-12-31": "5366.90200", "2008-12-31": "4219.24600", "2007-12-31": "4182.31300", "2006-12-31": "3689.83700", "2005-12-31": "3324.87700"}, "Total Liabilities And Share Holders Equity": {"2020-12-31": "56306.12000", "2019-12-31": "53640.82000", "2018-12-31": "51899.38000", "2017-12-31": "49124.20000", "2016-12-31": "48926.55000", "2015-12-31": "50317.80000", "2014-12-31": "48559.22000", "2013-12-31": "46688.29000", "2012-12-31": "44145.10000", "2011-12-31": "42024.30000", "2010-12-31": "41190.69000", "2009-12-31": "42153.87000", "2008-12-31": "32466.91000", "2007-12-31": "30579.82000", "2006-12-31": "28482.37000", "2005-12-31": "26283.71000"}}, "balance sheet, quarterly": {"Cash On Hand": {"2020-12-31": "1947.93100", "2020-09-30": "1458.64100", "2020-06-30": "1404.52700", "2020-03-31": "1334.20600", "2019-12-31": "741.87000", "2019-09-30": "854.67800", "2019-06-30": "1228.29500", "2019-03-31": "990.01900", "2018-12-31": "1474.95500", "2018-09-30": "1731.75400", "2018-06-30": "2204.39700", "2018-03-31": "2680.77200", "2017-12-31": "2528.16900", "2017-09-30": "3277.42700", "2017-06-30": "1129.84600", "2017-03-31": "984.29600", "2016-12-31": "557.85000", "2016-09-30": "771.78200", "2016-06-30": "674.28900", "2016-03-31": "650.88000", "2015-12-31": "537.67400", "2015-09-30": "585.79400", "2015-06-30": "588.71800", "2015-03-31": "582.55800", "2014-12-31": "564.15000", "2014-09-30": "662.53700", "2014-06-30": "668.95000", "2014-03-31": "672.87200", "2013-12-31": "644.55000", "2013-09-30": "1253.56200", "2013-06-30": "1319.71000", "2013-03-31": "2055.05800", "2012-12-31": "2427.25800", "2012-09-30": "2538.29000", "2012-06-30": "3160.67300", "2012-03-31": "2355.78400", "2011-12-31": "2001.73700", "2011-09-30": "1596.68000", "2011-06-30": "710.11300", "2011-03-31": "2351.72900", "2010-12-31": "1927.54200", "2010-09-30": "2235.09100", "2010-06-30": "2614.32500", "2010-03-31": "2547.88900", "2009-12-31": "2670.85700", "2009-09-30": "153.83800", "2009-06-30": "162.76400", "2009-03-31": "167.28100", "2008-12-31": "203.21600", "2008-09-30": "276.43000", "2008-06-30": "280.12500", "2008-03-31": "552.25100", "2007-12-31": "335.74300", "2007-09-30": "1279.62200", "2007-06-30": "1080.03400", "2007-03-31": "247.02800", "2006-12-31": "230.75900", "2006-09-30": "269.80700", "2006-06-30": "242.63100", "2006-03-31": "191.97800", "2005-12-31": "231.80300", "2005-09-30": "204.88700", "2005-06-30": "237.15400", "2005-03-31": "197.86800"}, "Receivables": {"2020-12-31": "", "2020-09-30": "", "2020-06-30": "", "2020-03-31": "", "2019-12-31": "", "2019-09-30": "", "2019-06-30": "", "2019-03-31": "", "2018-12-31": "", "2018-09-30": "", "2018-06-30": "", "2018-03-31": "", "2017-12-31": "", "2017-09-30": "", "2017-06-30": "", "2017-03-31": "", "2016-12-31": "", "2016-09-30": "", "2016-06-30": "", "2016-03-31": "", "2015-12-31": "", "2015-09-30": "", "2015-06-30": "", "2015-03-31": "", "2014-12-31": "", "2014-09-30": "", "2014-06-30": "", "2014-03-31": "", "2013-12-31": "", "2013-09-30": "", "2013-06-30": "", "2013-03-31": "", "2012-12-31": "", "2012-09-30": "", "2012-06-30": "", "2012-03-31": "", "2011-12-31": "", "2011-09-30": "", "2011-06-30": "", "2011-03-31": "", "2010-12-31": "", "2010-09-30": "", "2010-06-30": "", "2010-03-31": "", "2009-12-31": "", "2009-09-30": "", "2009-06-30": "", "2009-03-31": "", "2008-12-31": "", "2008-09-30": "", "2008-06-30": "", "2008-03-31": "", "2007-12-31": "", "2007-09-30": "", "2007-06-30": "", "2007-03-31": "", "2006-12-31": "", "2006-09-30": "", "2006-06-30": "", "2006-03-31": "", "2005-12-31": "", "2005-09-30": "", "2005-06-30": "", "2005-03-31": ""}, "Inventory": {"2020-12-31": "", "2020-09-30": "", "2020-06-30": "", "2020-03-31": "", "2019-12-31": "", "2019-09-30": "", "2019-06-30": "", "2019-03-31": "", "2018-12-31": "", "2018-09-30": "", "2018-06-30": "", "2018-03-31": "", "2017-12-31": "", "2017-09-30": "", "2017-06-30": "", "2017-03-31": "", "2016-12-31": "", "2016-09-30": "", "2016-06-30": "", "2016-03-31": "", "2015-12-31": "", "2015-09-30": "", "2015-06-30": "", "2015-03-31": "", "2014-12-31": "", "2014-09-30": "", "2014-06-30": "", "2014-03-31": "", "2013-12-31": "", "2013-09-30": "", "2013-06-30": "", "2013-03-31": "", "2012-12-31": "", "2012-09-30": "", "2012-06-30": "", "2012-03-31": "", "2011-12-31": "", "2011-09-30": "", "2011-06-30": "", "2011-03-31": "", "2010-12-31": "", "2010-09-30": "", "2010-06-30": "", "2010-03-31": "", "2009-12-31": "", "2009-09-30": "", "2009-06-30": "", "2009-03-31": "", "2008-12-31": "", "2008-09-30": "", "2008-06-30": "", "2008-03-31": "", "2007-12-31": "", "2007-09-30": "", "2007-06-30": "", "2007-03-31": "", "2006-12-31": "", "2006-09-30": "", "2006-06-30": "", "2006-03-31": "", "2005-12-31": "", "2005-09-30": "", "2005-06-30": "", "2005-03-31": ""}, "Pre-Paid Expenses": {"2020-12-31": "", "2020-09-30": "", "2020-06-30": "", "2020-03-31": "", "2019-12-31": "", "2019-09-30": "", "2019-06-30": "", "2019-03-31": "", "2018-12-31": "", "2018-09-30": "", "2018-06-30": "", "2018-03-31": "", "2017-12-31": "", "2017-09-30": "", "2017-06-30": "", "2017-03-31": "", "2016-12-31": "", "2016-09-30": "", "2016-06-30": "", "2016-03-31": "", "2015-12-31": "", "2015-09-30": "", "2015-06-30": "", "2015-03-31": "", "2014-12-31": "", "2014-09-30": "", "2014-06-30": "", "2014-03-31": "", "2013-12-31": "", "2013-09-30": "", "2013-06-30": "", "2013-03-31": "", "2012-12-31": "", "2012-09-30": "", "2012-06-30": "", "2012-03-31": "", "2011-12-31": "", "2011-09-30": "", "2011-06-30": "", "2011-03-31": "", "2010-12-31": "", "2010-09-30": "", "2010-06-30": "", "2010-03-31": "", "2009-12-31": "", "2009-09-30": "", "2009-06-30": "", "2009-03-31": "", "2008-12-31": "", "2008-09-30": "", "2008-06-30": "", "2008-03-31": "", "2007-12-31": "", "2007-09-30": "", "2007-06-30": "", "2007-03-31": "", "2006-12-31": "", "2006-09-30": "", "2006-06-30": "", "2006-03-31": "", "2005-12-31": "", "2005-09-30": "", "2005-06-30": "", "2005-03-31": ""}, "Other Current Assets": {"2020-12-31": "", "2020-09-30": "", "2020-06-30": "", "2020-03-31": "", "2019-12-31": "", "2019-09-30": "", "2019-06-30": "", "2019-03-31": "", "2018-12-31": "", "2018-09-30": "", "2018-06-30": "", "2018-03-31": "", "2017-12-31": "", "2017-09-30": "", "2017-06-30": "", "2017-03-31": "", "2016-12-31": "", "2016-09-30": "", "2016-06-30": "", "2016-03-31": "", "2015-12-31": "", "2015-09-30": "", "2015-06-30": "", "2015-03-31": "", "2014-12-31": "", "2014-09-30": "", "2014-06-30": "", "2014-03-31": "", "2013-12-31": "", "2013-09-30": "", "2013-06-30": "", "2013-03-31": "", "2012-12-31": "", "2012-09-30": "", "2012-06-30": "", "2012-03-31": "", "2011-12-31": "", "2011-09-30": "", "2011-06-30": "", "2011-03-31": "", "2010-12-31": "", "2010-09-30": "", "2010-06-30": "", "2010-03-31": "", "2009-12-31": "", "2009-09-30": "", "2009-06-30": "", "2009-03-31": "", "2008-12-31": "", "2008-09-30": "", "2008-06-30": "", "2008-03-31": "", "2007-12-31": "", "2007-09-30": "", "2007-06-30": "", "2007-03-31": "", "2006-12-31": "", "2006-09-30": "", "2006-06-30": "", "2006-03-31": "", "2005-12-31": "", "2005-09-30": "", "2005-06-30": "", "2005-03-31": ""}, "Total Current Assets": {"2020-12-31": "44754.62000", "2020-09-30": "44216.82000", "2020-06-30": "43639.79000", "2020-03-31": "43463.72000", "2019-12-31": "42488.39000", "2019-09-30": "41549.46000", "2019-06-30": "41953.89000", "2019-03-31": "41359.40000", "2018-12-31": "41481.04000", "2018-09-30": "41410.37000", "2018-06-30": "41491.57000", "2018-03-31": "41440.46000", "2017-12-31": "40793.35000", "2017-09-30": "40729.64000", "2017-06-30": "40029.93000", "2017-03-31": "39957.51000", "2016-12-31": "39865.87000", "2016-09-30": "40443.02000", "2016-06-30": "39795.89000", "2016-03-31": "39104.82000", "2015-12-31": "38549.67000", "2015-09-30": "37078.35000", "2015-06-30": "36581.13000", "2015-03-31": "36101.70000", "2014-12-31": "36211.79000", "2014-09-30": "35913.89000", "2014-06-30": "35371.34000", "2014-03-31": "34313.10000", "2013-12-31": "33372.06000", "2013-09-30": "33395.84000", "2013-06-30": "32958.70000", "2013-03-31": "33858.23000", "2012-12-31": "34007.89000", "2012-09-30": "33779.93000", "2012-06-30": "34039.18000", "2012-03-31": "32893.45000", "2011-12-31": "32153.89000", "2011-09-30": "31447.18000", "2011-06-30": "29548.98000", "2011-03-31": "30866.79000", "2010-12-31": "30969.14000", "2010-09-30": "31526.38000", "2010-06-30": "31623.80000", "2010-03-31": "31351.70000", "2009-12-31": "30936.06000", "2009-09-30": "23085.90000", "2009-06-30": "22841.84000", "2009-03-31": "22365.39000", "2008-12-31": "22301.06000", "2008-09-30": "21696.11000", "2008-06-30": "21112.55000", "2008-03-31": "20969.99000", "2007-12-31": "20606.20000", "2007-09-30": "20192.68000", "2007-06-30": "19909.97000", "2007-03-31": "19448.96000", "2006-12-31": "19798.26000", "2006-09-30": "19940.35000", "2006-06-30": "19603.59000", "2006-03-31": "18255.72000", "2005-12-31": "17180.50000", "2005-09-30": "15982.38000", "2005-06-30": "15843.49000", "2005-03-31": "14643.78000"}, "Property, Plant, And Equipment": {"2020-12-31": "287.44700", "2020-09-30": "289.78800", "2020-06-30": "297.18000", "2020-03-31": "306.65700", "2019-12-31": "312.62600", "2019-09-30": "321.79200", "2019-06-30": "327.78800", "2019-03-31": "332.72100", "2018-12-31": "346.17900", "2018-09-30": "352.51800", "2018-06-30": "359.72500", "2018-03-31": "364.31200", "2017-12-31": "368.65500", "2017-09-30": "375.48200", "2017-06-30": "380.32200", "2017-03-31": "379.30400", "2016-12-31": "373.67500", "2016-09-30": "367.36900", "2016-06-30": "366.92100", "2016-03-31": "325.01700", "2015-12-31": "322.30700", "2015-09-30": "327.52300", "2015-06-30": "325.75700", "2015-03-31": "322.03900", "2014-12-31": "319.00200", "2014-09-30": "300.57300", "2014-06-30": "288.49400", "2014-03-31": "278.21600", "2013-12-31": "273.29900", "2013-09-30": "264.47000", "2013-06-30": "265.32100", "2013-03-31": "264.66000", "2012-12-31": "264.14900", "2012-09-30": "253.50400", "2012-06-30": "250.67500", "2012-03-31": "250.65600", "2011-12-31": "250.85900", "2011-09-30": "245.49700", "2011-06-30": "245.79900", "2011-03-31": "246.97500", "2010-12-31": "233.69400", "2010-09-30": "199.81700", "2010-06-30": "200.23300", "2010-03-31": "202.51400", "2009-12-31": "205.16500", "2009-09-30": "207.62200", "2009-06-30": "211.13700", "2009-03-31": "213.39500", "2008-12-31": "217.76200", "2008-09-30": "209.81800", "2008-06-30": "210.49500", "2008-03-31": "212.31600", "2007-12-31": "214.90600", "2007-09-30": "197.45500", "2007-06-30": "227.12300", "2007-03-31": "194.59900", "2006-12-31": "196.08400", "2006-09-30": "197.61500", "2006-06-30": "197.37500", "2006-03-31": "138.35800", "2005-12-31": "140.27900", "2005-09-30": "138.03500", "2005-06-30": "141.83000", "2005-03-31": "144.24800"}, "Long-Term Investments": {"2020-12-31": "6558.91400", "2020-09-30": "5962.67500", "2020-06-30": "5870.39800", "2020-03-31": "6151.73100", "2019-12-31": "6533.44900", "2019-09-30": "6493.80000", "2019-06-30": "6353.07900", "2019-03-31": "6344.96900", "2018-12-31": "6288.66100", "2018-09-30": "5450.94600", "2018-06-30": "4807.72400", "2018-03-31": "4047.01000", "2017-12-31": "4135.24600", "2017-09-30": "3610.50000", "2017-06-30": "3760.18400", "2017-03-31": "4270.27100", "2016-12-31": "4407.99100", "2016-09-30": "4399.42500", "2016-06-30": "4563.66600", "2016-03-31": "4772.24600", "2015-12-31": "6837.61600", "2015-09-30": "7298.08400", "2015-06-30": "7333.70800", "2015-03-31": "7425.53500", "2014-12-31": "7611.77700", "2014-09-30": "8031.72100", "2014-06-30": "8364.66600", "2014-03-31": "8497.52600", "2013-12-31": "8512.41000", "2013-09-30": "7636.24800", "2013-06-30": "6423.86800", "2013-03-31": "5920.74400", "2012-12-31": "5382.67300", "2012-09-30": "5617.83700", "2012-06-30": "4689.35900", "2012-03-31": "5382.20700", "2011-12-31": "5030.74400", "2011-09-30": "5590.20600", "2011-06-30": "6093.65200", "2011-03-31": "5217.72800", "2010-12-31": "5234.90500", "2010-09-30": "5173.14400", "2010-06-30": "5144.09200", "2010-03-31": "5993.59400", "2009-12-31": "6238.98500", "2009-09-30": "5878.05800", "2009-06-30": "6077.94900", "2009-03-31": "6171.22400", "2008-12-31": "6302.47200", "2008-09-30": "6524.84300", "2008-06-30": "6051.23400", "2008-03-31": "6134.79100", "2007-12-31": "6166.97000", "2007-09-30": "6273.19000", "2007-06-30": "6078.26000", "2007-03-31": "5132.96100", "2006-12-31": "5330.29500", "2006-09-30": "5579.38400", "2006-06-30": "5677.15200", "2006-03-31": "5764.79600", "2005-12-31": "5967.46400", "2005-09-30": "5962.32100", "2005-06-30": "6266.95700", "2005-03-31": "6876.23800"}, "Goodwill And Intangible Assets": {"2020-12-31": "2426.37900", "2020-09-30": "2426.37900", "2020-06-30": "2426.37900", "2020-03-31": "2426.37900", "2019-12-31": "2426.37900", "2019-09-30": "2426.37900", "2019-06-30": "2426.37900", "2019-03-31": "2426.37900", "2018-12-31": "2436.13100", "2018-09-30": "2437.38500", "2018-06-30": "2440.49300", "2018-03-31": "2441.31800", "2017-12-31": "2442.23100", "2017-09-30": "2436.13100", "2017-06-30": "2436.15500", "2017-03-31": "2670.49100", "2016-12-31": "2670.30000", "2016-09-30": "2633.93100", "2016-06-30": "2631.27100", "2016-03-31": "2651.15200", "2015-12-31": "2686.46400", "2015-09-30": "2676.08300", "2015-06-30": "2694.78300", "2015-03-31": "2662.86100", "2014-12-31": "2671.37100", "2014-09-30": "2683.16800", "2014-06-30": "2676.78100", "2014-03-31": "2688.05300", "2013-12-31": "2693.38900", "2013-09-30": "2683.54100", "2013-06-30": "2674.60800", "2013-03-31": "2636.71200", "2012-12-31": "2612.86800", "2012-09-30": "2595.39500", "2012-06-30": "2614.28200", "2012-03-31": "2622.91400", "2011-12-31": "2604.81100", "2011-09-30": "2589.00200", "2011-06-30": "2626.99300", "2011-03-31": "2506.50800", "2010-12-31": "2621.27100", "2010-09-30": "2521.73200", "2010-06-30": "2529.55300", "2010-03-31": "2537.50900", "2009-12-31": "2542.16500", "2009-09-30": "2507.60600", "2009-06-30": "2513.01800", "2009-03-31": "2518.49400", "2008-12-31": "2524.18100", "2008-09-30": "2529.57300", "2008-06-30": "2536.15100", "2008-03-31": "2542.02400", "2007-12-31": "2548.52700", "2007-09-30": "2462.20500", "2007-06-30": "2446.86100", "2007-03-31": "2246.02100", "2006-12-31": "2254.48900", "2006-09-30": "2263.38100", "2006-06-30": "2266.30200", "2006-03-31": "2063.66700", "2005-12-31": "2067.22200", "2005-09-30": "2016.43000", "2005-06-30": "2019.36000", "2005-03-31": "2022.29000"}, "Other Long-Term Assets": {"2020-12-31": "2011.89400", "2020-09-30": "1764.57300", "2020-06-30": "1698.39400", "2020-03-31": "1630.73200", "2019-12-31": "1593.78600", "2019-09-30": "1445.23800", "2019-06-30": "1406.71100", "2019-03-31": "1354.62700", "2018-12-31": "1347.36200", "2018-09-30": "1595.43500", "2018-06-30": "1369.65800", "2018-03-31": "1361.77700", "2017-12-31": "1384.71100", "2017-09-30": "1306.13200", "2017-06-30": "1741.07100", "2017-03-31": "1546.98700", "2016-12-31": "1608.72300", "2016-09-30": "1618.87600", "2016-06-30": "1678.00100", "2016-03-31": "1662.34100", "2015-12-31": "1921.74000", "2015-09-30": "1665.44200", "2015-06-30": "1713.15600", "2015-03-31": "1739.57900", "2014-12-31": "1745.27800", "2014-09-30": "1750.42100", "2014-06-30": "1903.48600", "2014-03-31": "1790.57400", "2013-12-31": "1837.13200", "2013-09-30": "1784.03500", "2013-06-30": "1863.33600", "2013-03-31": "1831.37500", "2012-12-31": "1877.51600", "2012-09-30": "1847.13400", "2012-06-30": "1893.85100", "2012-03-31": "1888.92900", "2011-12-31": "1983.99700", "2011-09-30": "2097.13900", "2011-06-30": "2087.20100", "2011-03-31": "2208.93700", "2010-12-31": "2131.68200", "2010-09-30": "2285.36100", "2010-06-30": "2513.06200", "2010-03-31": "2345.42100", "2009-12-31": "2231.48900", "2009-09-30": "1205.27700", "2009-06-30": "1216.17400", "2009-03-31": "1134.04700", "2008-12-31": "1121.43100", "2008-09-30": "1179.15600", "2008-06-30": "1173.06700", "2008-03-31": "1050.96000", "2007-12-31": "1043.22200", "2007-09-30": "914.37900", "2007-06-30": "961.53600", "2007-03-31": "955.37500", "2006-12-31": "903.24100", "2006-09-30": "943.55700", "2006-06-30": "984.40900", "2006-03-31": "914.48300", "2005-12-31": "928.24000", "2005-09-30": "915.77800", "2005-06-30": "933.06000", "2005-03-31": "925.88900"}, "Total Long-Term Assets": {"2020-12-31": "11284.63000", "2020-09-30": "10443.42000", "2020-06-30": "10292.35000", "2020-03-31": "10515.50000", "2019-12-31": "10866.24000", "2019-09-30": "10687.21000", "2019-06-30": "10513.96000", "2019-03-31": "10458.70000", "2018-12-31": "10418.33000", "2018-09-30": "9836.28300", "2018-06-30": "8977.60100", "2018-03-31": "8214.41800", "2017-12-31": "8330.84300", "2017-09-30": "7728.24500", "2017-06-30": "8317.73200", "2017-03-31": "8867.05400", "2016-12-31": "9060.68800", "2016-09-30": "9019.60200", "2016-06-30": "9239.85900", "2016-03-31": "9410.75600", "2015-12-31": "11768.13000", "2015-09-30": "11967.13000", "2015-06-30": "12067.40000", "2015-03-31": "12150.01000", "2014-12-31": "12347.43000", "2014-09-30": "12765.88000", "2014-06-30": "13233.43000", "2014-03-31": "13254.37000", "2013-12-31": "13316.23000", "2013-09-30": "12368.29000", "2013-06-30": "11227.13000", "2013-03-31": "10653.49000", "2012-12-31": "10137.21000", "2012-09-30": "10313.87000", "2012-06-30": "9448.16700", "2012-03-31": "10144.71000", "2011-12-31": "9870.41100", "2011-09-30": "10521.84000", "2011-06-30": "11053.64000", "2011-03-31": "10180.15000", "2010-12-31": "10221.55000", "2010-09-30": "10180.05000", "2010-06-30": "10386.94000", "2010-03-31": "11079.04000", "2009-12-31": "11217.80000", "2009-09-30": "9798.56300", "2009-06-30": "10018.28000", "2009-03-31": "10037.16000", "2008-12-31": "10165.85000", "2008-09-30": "10443.39000", "2008-06-30": "9970.94700", "2008-03-31": "9940.09100", "2007-12-31": "9973.62500", "2007-09-30": "9847.22900", "2007-06-30": "9713.78000", "2007-03-31": "8528.95600", "2006-12-31": "8684.10900", "2006-09-30": "8983.93700", "2006-06-30": "9125.23800", "2006-03-31": "8881.30400", "2005-12-31": "9103.20500", "2005-09-30": "9032.56400", "2005-06-30": "9361.20700", "2005-03-31": "9968.66400"}, "Total Assets": {"2020-12-31": "56306.12000", "2020-09-30": "54931.75000", "2020-06-30": "54210.41000", "2020-03-31": "54261.09000", "2019-12-31": "53640.82000", "2019-09-30": "52537.63000", "2019-06-30": "52776.25000", "2019-03-31": "52131.05000", "2018-12-31": "51899.38000", "2018-09-30": "51246.65000", "2018-06-30": "50469.17000", "2018-03-31": "49654.88000", "2017-12-31": "49124.20000", "2017-09-30": "48457.89000", "2017-06-30": "48347.66000", "2017-03-31": "48824.56000", "2016-12-31": "48926.55000", "2016-09-30": "49462.62000", "2016-06-30": "49035.75000", "2016-03-31": "48515.57000", "2015-12-31": "50317.80000", "2015-09-30": "49045.48000", "2015-06-30": "48648.53000", "2015-03-31": "48251.71000", "2014-12-31": "48559.22000", "2014-09-30": "48679.77000", "2014-06-30": "48604.77000", "2014-03-31": "47567.47000", "2013-12-31": "46688.29000", "2013-09-30": "45764.13000", "2013-06-30": "44185.84000", "2013-03-31": "44511.72000", "2012-12-31": "44145.10000", "2012-09-30": "44093.80000", "2012-06-30": "43487.35000", "2012-03-31": "43038.15000", "2011-12-31": "42024.30000", "2011-09-30": "41969.03000", "2011-06-30": "40602.63000", "2011-03-31": "41046.95000", "2010-12-31": "41190.69000", "2010-09-30": "41706.44000", "2010-06-30": "42010.75000", "2010-03-31": "42430.74000", "2009-12-31": "42153.87000", "2009-09-30": "32884.47000", "2009-06-30": "32860.12000", "2009-03-31": "32402.55000", "2008-12-31": "32466.91000", "2008-09-30": "32139.50000", "2008-06-30": "31083.50000", "2008-03-31": "30910.08000", "2007-12-31": "30579.82000", "2007-09-30": "30039.90000", "2007-06-30": "29623.75000", "2007-03-31": "27977.91000", "2006-12-31": "28482.37000", "2006-09-30": "28924.29000", "2006-06-30": "28728.82000", "2006-03-31": "27137.02000", "2005-12-31": "26283.71000", "2005-09-30": "25014.94000", "2005-06-30": "25204.69000", "2005-03-31": "24612.44000"}, "Total Current Liabilities": {"2020-12-31": "32436.81000", "2020-09-30": "31704.94000", "2020-06-30": "31729.58000", "2020-03-31": "31972.77000", "2019-12-31": "31657.13000", "2019-09-30": "31572.18000", "2019-06-30": "32332.53000", "2019-03-31": "31601.13000", "2018-12-31": "30764.43000", "2018-09-30": "30319.28000", "2018-06-30": "29555.85000", "2018-03-31": "29235.43000", "2017-12-31": "29102.16000", "2017-09-30": "28893.20000", "2017-06-30": "28893.56000", "2017-03-31": "28726.55000", "2016-12-31": "28887.90000", "2016-09-30": "29139.60000", "2016-06-30": "28882.99000", "2016-03-31": "28982.31000", "2015-12-31": "28426.76000", "2015-09-30": "28280.17000", "2015-06-30": "28597.17000", "2015-03-31": "28931.39000", "2014-12-31": "28328.73000", "2014-09-30": "28307.77000", "2014-06-30": "27352.47000", "2014-03-31": "26753.57000", "2013-12-31": "25660.99000", "2013-09-30": "25309.35000", "2013-06-30": "25287.86000", "2013-03-31": "25477.67000", "2012-12-31": "24877.52000", "2012-09-30": "24521.62000", "2012-06-30": "24996.65000", "2012-03-31": "22940.79000", "2011-12-31": "22325.65000", "2011-09-30": "22752.65000", "2011-06-30": "21797.71000", "2011-03-31": "22198.15000", "2010-12-31": "21809.05000", "2010-09-30": "22227.39000", "2010-06-30": "22443.67000", "2010-03-31": "22731.22000", "2009-12-31": "22316.41000", "2009-09-30": "14467.90000", "2009-06-30": "14354.08000", "2009-03-31": "14092.74000", "2008-12-31": "14375.65000", "2008-09-30": "14215.62000", "2008-06-30": "13382.71000", "2008-03-31": "13536.03000", "2007-12-31": "13157.33000", "2007-09-30": "13589.72000", "2007-06-30": "13799.21000", "2007-03-31": "12443.26000", "2006-12-31": "12639.16000", "2006-09-30": "13778.68000", "2006-06-30": "13657.80000", "2006-03-31": "12324.14000", "2005-12-31": "12148.34000", "2005-09-30": "11175.33000", "2005-06-30": "11568.35000", "2005-03-31": "10612.02000"}, "Long Term Debt": {"2020-12-31": "16083.54000", "2020-09-30": "15683.30000", "2020-06-30": "15008.06000", "2020-03-31": "14932.83000", "2019-12-31": "14557.59000", "2019-09-30": "13626.36000", "2019-06-30": "13082.14000", "2019-03-31": "13257.91000", "2018-12-31": "14207.87000", "2018-09-30": "13840.42000", "2018-06-30": "13793.84000", "2018-03-31": "13343.76000", "2017-12-31": "12913.68000", "2017-09-30": "12363.60000", "2017-06-30": "12363.53000", "2017-03-31": "13213.45000", "2016-12-31": "13673.38000", "2016-09-30": "14001.81000", "2016-06-30": "13908.14000", "2016-03-31": "13344.77000", "2015-12-31": "15748.41000", "2015-09-30": "14723.79000", "2015-06-30": "14011.42000", "2015-03-31": "13264.40000", "2014-12-31": "14226.49000", "2014-09-30": "14396.91000", "2014-06-30": "15301.67000", "2014-03-31": "14827.38000", "2013-12-31": "15105.00000", "2013-09-30": "14565.44000", "2013-06-30": "12992.02000", "2013-03-31": "13178.57000", "2012-12-31": "13430.19000", "2012-09-30": "13601.38000", "2012-06-30": "12588.61000", "2012-03-31": "14276.12000", "2011-12-31": "13960.41000", "2011-09-30": "13415.08000", "2011-06-30": "13017.28000", "2011-03-31": "13019.56000", "2010-12-31": "13536.12000", "2010-09-30": "13595.18000", "2010-06-30": "13666.48000", "2010-03-31": "13875.85000", "2009-12-31": "14164.69000", "2009-09-30": "13863.92000", "2009-06-30": "14059.00000", "2009-03-31": "13866.03000", "2008-12-31": "13496.71000", "2008-09-30": "13451.37000", "2008-06-30": "13224.47000", "2008-03-31": "12992.45000", "2007-12-31": "12994.14000", "2007-09-30": "12198.40000", "2007-06-30": "11638.10000", "2007-03-31": "11635.27000", "2006-12-31": "11954.75000", "2006-09-30": "11216.96000", "2006-06-30": "11141.75000", "2006-03-31": "11264.29000", "2005-12-31": "10591.71000", "2005-09-30": "10353.52000", "2005-06-30": "10141.60000", "2005-03-31": "10541.87000"}, "Other Non-Current Liabilities": {"2020-12-31": "677.27300", "2020-09-30": "537.28200", "2020-06-30": "501.48600", "2020-03-31": "436.26200", "2019-12-31": "428.41100", "2019-09-30": "343.47600", "2019-06-30": "378.83800", "2019-03-31": "330.31300", "2018-12-31": "271.84500", "2018-09-30": "292.93300", "2018-06-30": "330.13400", "2018-03-31": "294.96400", "2017-12-31": "312.97700", "2017-09-30": "441.43800", "2017-06-30": "355.78900", "2017-03-31": "237.21500", "2016-12-31": "241.28200", "2016-09-30": "230.70000", "2016-06-30": "205.50400", "2016-03-31": "203.68800", "2015-12-31": "207.93700", "2015-09-30": "214.68900", "2015-06-30": "225.31300", "2015-03-31": "261.12900", "2014-12-31": "222.18100", "2014-09-30": "197.09100", "2014-06-30": "189.61900", "2014-03-31": "243.87200", "2013-12-31": "186.63100", "2013-09-30": "192.29600", "2013-06-30": "217.49800", "2013-03-31": "189.86400", "2012-12-31": "181.12400", "2012-09-30": "328.32200", "2012-06-30": "290.56700", "2012-03-31": "241.29300", "2011-12-31": "172.53100", "2011-09-30": "227.73300", "2011-06-30": "227.52700", "2011-03-31": "288.64900", "2010-12-31": "319.30200", "2010-09-30": "388.57100", "2010-06-30": "454.16100", "2010-03-31": "410.20500", "2009-12-31": "305.87000", "2009-09-30": "212.10800", "2009-06-30": "236.37300", "2009-03-31": "207.89500", "2008-12-31": "375.30200", "2008-09-30": "209.27900", "2008-06-30": "187.05600", "2008-03-31": "223.42600", "2007-12-31": "246.03600", "2007-09-30": "220.31600", "2007-06-30": "224.96600", "2007-03-31": "187.77800", "2006-12-31": "198.62700", "2006-09-30": "216.62900", "2006-06-30": "232.09900", "2006-03-31": "223.96400", "2005-12-31": "218.78200", "2005-09-30": "233.80200", "2005-06-30": "244.47800", "2005-03-31": "259.95600"}, "Total Long Term Liabilities": {"2020-12-31": "16760.82000", "2020-09-30": "16220.59000", "2020-06-30": "15509.55000", "2020-03-31": "15369.09000", "2019-12-31": "14986.00000", "2019-09-30": "13969.84000", "2019-06-30": "13460.98000", "2019-03-31": "13588.22000", "2018-12-31": "14479.71000", "2018-09-30": "14133.35000", "2018-06-30": "14123.97000", "2018-03-31": "13638.72000", "2017-12-31": "13226.66000", "2017-09-30": "12805.04000", "2017-06-30": "12719.32000", "2017-03-31": "13450.67000", "2016-12-31": "13914.66000", "2016-09-30": "14232.51000", "2016-06-30": "14113.64000", "2016-03-31": "13548.46000", "2015-12-31": "15956.34000", "2015-09-30": "14938.47000", "2015-06-30": "14236.74000", "2015-03-31": "13525.53000", "2014-12-31": "14448.67000", "2014-09-30": "14594.00000", "2014-06-30": "15491.29000", "2014-03-31": "15071.25000", "2013-12-31": "15291.63000", "2013-09-30": "14757.74000", "2013-06-30": "13209.52000", "2013-03-31": "13368.43000", "2012-12-31": "13611.31000", "2012-09-30": "13929.71000", "2012-06-30": "12879.18000", "2012-03-31": "14517.42000", "2011-12-31": "14132.94000", "2011-09-30": "13642.81000", "2011-06-30": "13244.81000", "2011-03-31": "13308.21000", "2010-12-31": "13855.42000", "2010-09-30": "13983.75000", "2010-06-30": "14120.65000", "2010-03-31": "14286.06000", "2009-12-31": "14470.56000", "2009-09-30": "14076.03000", "2009-06-30": "14295.38000", "2009-03-31": "14073.92000", "2008-12-31": "13872.01000", "2008-09-30": "13660.65000", "2008-06-30": "13411.53000", "2008-03-31": "13215.88000", "2007-12-31": "13240.17000", "2007-09-30": "12418.71000", "2007-06-30": "11863.07000", "2007-03-31": "11823.04000", "2006-12-31": "12153.37000", "2006-09-30": "11433.59000", "2006-06-30": "11373.85000", "2006-03-31": "11488.26000", "2005-12-31": "10810.49000", "2005-09-30": "10587.32000", "2005-06-30": "10386.08000", "2005-03-31": "10801.83000"}, "Total Liabilities": {"2020-12-31": "49464.48000", "2020-09-30": "48197.02000", "2020-06-30": "47517.40000", "2020-03-31": "47623.71000", "2019-12-31": "46929.13000", "2019-09-30": "45842.62000", "2019-06-30": "46101.57000", "2019-03-31": "45501.98000", "2018-12-31": "45244.14000", "2018-09-30": "44452.64000", "2018-06-30": "43679.82000", "2018-03-31": "42874.16000", "2017-12-31": "42328.82000", "2017-09-30": "41698.24000", "2017-06-30": "41612.88000", "2017-03-31": "42177.21000", "2016-12-31": "42802.56000", "2016-09-30": "43372.11000", "2016-06-30": "42996.64000", "2016-03-31": "42530.77000", "2015-12-31": "44383.10000", "2015-09-30": "43218.64000", "2015-06-30": "42833.91000", "2015-03-31": "42456.92000", "2014-12-31": "42777.40000", "2014-09-30": "42901.77000", "2014-06-30": "42843.75000", "2014-03-31": "41824.82000", "2013-12-31": "40952.63000", "2013-09-30": "40067.09000", "2013-06-30": "38497.38000", "2013-03-31": "38846.11000", "2012-12-31": "38488.84000", "2012-09-30": "38451.33000", "2012-06-30": "37875.83000", "2012-03-31": "37458.21000", "2011-12-31": "36458.60000", "2011-09-30": "36395.46000", "2011-06-30": "35042.52000", "2011-03-31": "35506.36000", "2010-12-31": "35664.47000", "2010-09-30": "36211.14000", "2010-06-30": "36564.31000", "2010-03-31": "37017.28000", "2009-12-31": "36786.97000", "2009-09-30": "28543.93000", "2009-06-30": "28649.46000", "2009-03-31": "28166.67000", "2008-12-31": "28247.66000", "2008-09-30": "27876.27000", "2008-06-30": "26794.24000", "2008-03-31": "26751.91000", "2007-12-31": "26397.51000", "2007-09-30": "26008.43000", "2007-06-30": "25662.28000", "2007-03-31": "24266.31000", "2006-12-31": "24792.53000", "2006-09-30": "25212.28000", "2006-06-30": "25031.65000", "2006-03-31": "23812.40000", "2005-12-31": "22958.83000", "2005-09-30": "21762.65000", "2005-06-30": "21954.43000", "2005-03-31": "21413.85000"}, "Common Stock Net": {"2020-12-31": "4.90400", "2020-09-30": "4.90400", "2020-06-30": "4.90400", "2020-03-31": "4.90400", "2019-12-31": "4.90400", "2019-09-30": "4.90400", "2019-06-30": "4.90400", "2019-03-31": "4.90400", "2018-12-31": "4.90400", "2018-09-30": "4.90400", "2018-06-30": "4.90400", "2018-03-31": "4.90400", "2017-12-31": "4.89100", "2017-09-30": "4.89100", "2017-06-30": "4.89100", "2017-03-31": "4.89000", "2016-12-31": "4.87100", "2016-09-30": "4.87100", "2016-06-30": "4.87000", "2016-03-31": "4.86900", "2015-12-31": "4.85000", "2015-09-30": "4.44400", "2015-06-30": "4.44400", "2015-03-31": "4.44300", "2014-12-31": "4.42700", "2014-09-30": "4.42700", "2014-06-30": "4.42700", "2014-03-31": "4.42700", "2013-12-31": "4.40900", "2013-09-30": "4.40900", "2013-06-30": "4.40900", "2013-03-31": "4.40900", "2012-12-31": "4.39100", "2012-09-30": "4.39100", "2012-06-30": "4.39100", "2012-03-31": "4.39100", "2011-12-31": "4.37400", "2011-09-30": "4.37400", "2011-06-30": "4.37400", "2011-03-31": "4.37300", "2010-12-31": "4.35600", "2010-09-30": "4.35600", "2010-06-30": "4.35500", "2010-03-31": "4.35400", "2009-12-31": "4.33200", "2009-09-30": "3.55800", "2009-06-30": "3.45200", "2009-03-31": "3.45000", "2008-12-31": "3.45000", "2008-09-30": "3.44200", "2008-06-30": "3.43700", "2008-03-31": "3.25000", "2007-12-31": "3.23800", "2007-09-30": "3.14800", "2007-06-30": "3.13900", "2007-03-31": "2.96400", "2006-12-31": "2.95400", "2006-09-30": "2.95100", "2006-06-30": "2.95100", "2006-03-31": "2.73400", "2005-12-31": "2.73400", "2005-09-30": "2.73400", "2005-06-30": "2.73400", "2005-03-31": "2.73400"}, "Retained Earnings (Accumulated Deficit)": {"2020-12-31": "494.22900", "2020-09-30": "391.52800", "2020-06-30": "362.72400", "2020-03-31": "344.34400", "2019-12-31": "342.02300", "2019-09-30": "328.40700", "2019-06-30": "316.92100", "2019-03-31": "307.23200", "2018-12-31": "297.20200", "2018-09-30": "286.76300", "2018-06-30": "271.55900", "2018-03-31": "255.77700", "2017-12-31": "237.86800", "2017-09-30": "192.60700", "2017-06-30": "173.40900", "2017-03-31": "149.42500", "2016-12-31": "128.43500", "2016-09-30": "97.43100", "2016-06-30": "54.86600", "2016-03-31": "11.13500", "2015-12-31": "-36.56800", "2015-09-30": "489.38300", "2015-06-30": "485.68300", "2015-03-31": "472.97700", "2014-12-31": "464.56900", "2014-09-30": "443.94900", "2014-06-30": "434.33600", "2014-03-31": "426.25100", "2013-12-31": "422.76100", "2013-09-30": "412.74200", "2013-06-30": "408.68000", "2013-03-31": "396.24200", "2012-12-31": "387.53400", "2012-09-30": "374.35100", "2012-06-30": "355.21500", "2012-03-31": "333.66600", "2011-12-31": "324.96700", "2011-09-30": "316.57200", "2011-06-30": "306.08200", "2011-03-31": "295.86600", "2010-12-31": "281.84400", "2010-09-30": "245.59700", "2010-06-30": "218.73000", "2010-03-31": "191.18500", "2009-12-31": "175.19300", "2009-09-30": "109.60900", "2009-06-30": "97.12500", "2009-03-31": "126.12100", "2008-12-31": "123.51100", "2008-09-30": "106.95500", "2008-06-30": "134.57100", "2008-03-31": "370.45300", "2007-12-31": "390.75700", "2007-09-30": "403.94000", "2007-06-30": "371.17300", "2007-03-31": "413.19000", "2006-12-31": "421.31300", "2006-09-30": "441.54400", "2006-06-30": "452.29100", "2006-03-31": "474.92400", "2005-12-31": "475.50100", "2005-09-30": "505.33200", "2005-06-30": "493.96500", "2005-03-31": "473.44600"}, "Comprehensive Income": {"2020-12-31": "7.53500", "2020-09-30": "12.61800", "2020-06-30": "10.07800", "2020-03-31": "-45.06300", "2019-12-31": "-33.69600", "2019-09-30": "-27.85100", "2019-06-30": "-28.91500", "2019-03-31": "-56.97000", "2018-12-31": "-87.65300", "2018-09-30": "-91.06400", "2018-06-30": "-71.58800", "2018-03-31": "-55.78200", "2017-12-31": "-15.16700", "2017-09-30": "-4.36700", "2017-06-30": "-1.30100", "2017-03-31": "-56.05900", "2016-12-31": "-56.71300", "2016-09-30": "-51.27300", "2016-06-30": "-52.07000", "2016-03-31": "-54.60400", "2015-12-31": "-57.02100", "2015-09-30": "-53.42700", "2015-06-30": "-53.61000", "2015-03-31": "-52.70600", "2014-12-31": "-55.68600", "2014-09-30": "-32.43300", "2014-06-30": "-32.58400", "2014-03-31": "-35.12500", "2013-12-31": "-36.49300", "2013-09-30": "-59.54200", "2013-06-30": "-57.80500", "2013-03-31": "-62.52800", "2012-12-31": "-61.70500", "2012-09-30": "-57.67400", "2012-06-30": "-64.12900", "2012-03-31": "-68.70200", "2011-12-31": "-71.91000", "2011-09-30": "-51.77500", "2011-06-30": "-50.40200", "2011-03-31": "-50.52100", "2010-12-31": "-45.69500", "2010-09-30": "-35.61100", "2010-06-30": "-52.80500", "2010-03-31": "-53.85200", "2009-12-31": "-49.90300", "2009-09-30": "-68.39400", "2009-06-30": "-76.30100", "2009-03-31": "-78.08600", "2008-12-31": "-87.31900", "2008-09-30": "-25.50900", "2008-06-30": "-17.19700", "2008-03-31": "-32.76600", "2007-12-31": "-21.31500", "2007-09-30": "-28.60900", "2007-06-30": "-41.37800", "2007-03-31": "-59.57200", "2006-12-31": "-68.05300", "2006-09-30": "-55.62600", "2006-06-30": "-78.61900", "2006-03-31": "-69.30200", "2005-12-31": "-55.85700", "2005-09-30": "-50.58000", "2005-06-30": "-33.06000", "2005-03-31": "-58.42400"}, "Other Share Holders Equity": {"2020-12-31": "-33.01300", "2020-09-30": "-37.54100", "2020-06-30": "-39.89800", "2020-03-31": "-35.50200", "2019-12-31": "0.85300", "2019-09-30": "", "2019-06-30": "", "2019-03-31": "", "2018-12-31": "", "2018-09-30": "", "2018-06-30": "", "2018-03-31": "", "2017-12-31": "", "2017-09-30": "", "2017-06-30": "", "2017-03-31": "", "2016-12-31": "", "2016-09-30": "", "2016-06-30": "", "2016-03-31": "", "2015-12-31": "", "2015-09-30": "", "2015-06-30": "", "2015-03-31": "", "2014-12-31": "", "2014-09-30": "", "2014-06-30": "", "2014-03-31": "", "2013-12-31": "", "2013-09-30": "", "2013-06-30": "", "2013-03-31": "", "2012-12-31": "", "2012-09-30": "", "2012-06-30": "", "2012-03-31": "", "2011-12-31": "", "2011-09-30": "", "2011-06-30": "", "2011-03-31": "", "2010-12-31": "", "2010-09-30": "", "2010-06-30": "", "2010-03-31": "", "2009-12-31": "", "2009-09-30": "", "2009-06-30": "", "2009-03-31": "", "2008-12-31": "", "2008-09-30": "", "2008-06-30": "", "2008-03-31": "", "2007-12-31": "", "2007-09-30": "", "2007-06-30": "", "2007-03-31": "", "2006-12-31": "", "2006-09-30": "", "2006-06-30": "", "2006-03-31": "", "2005-12-31": "", "2005-09-30": "", "2005-06-30": "", "2005-03-31": ""}, "Share Holder Equity": {"2020-12-31": "6841.64400", "2020-09-30": "6734.73000", "2020-06-30": "6693.01300", "2020-03-31": "6637.38500", "2019-12-31": "6711.69400", "2019-09-30": "6695.00700", "2019-06-30": "6674.67800", "2019-03-31": "6629.07000", "2018-12-31": "6655.23500", "2018-09-30": "6794.01500", "2018-06-30": "6789.35200", "2018-03-31": "6780.71700", "2017-12-31": "6795.37600", "2017-09-30": "6759.65400", "2017-06-30": "6734.77800", "2017-03-31": "6647.35100", "2016-12-31": "6123.99100", "2016-09-30": "6090.51200", "2016-06-30": "6039.11200", "2016-03-31": "5984.80000", "2015-12-31": "5934.69600", "2015-09-30": "5826.83700", "2015-06-30": "5814.62300", "2015-03-31": "5794.79700", "2014-12-31": "5781.81500", "2014-09-30": "5777.99800", "2014-06-30": "5761.01800", "2014-03-31": "5742.65200", "2013-12-31": "5735.66200", "2013-09-30": "5697.04500", "2013-06-30": "5688.46100", "2013-03-31": "5665.61400", "2012-12-31": "5656.26400", "2012-09-30": "5642.46500", "2012-06-30": "5611.51900", "2012-03-31": "5579.94100", "2011-12-31": "5565.70400", "2011-09-30": "5573.57100", "2011-06-30": "5560.10300", "2011-03-31": "5540.58600", "2010-12-31": "5526.22000", "2010-09-30": "5495.29800", "2010-06-30": "5446.43400", "2010-03-31": "5413.46100", "2009-12-31": "5366.90200", "2009-09-30": "4340.53900", "2009-06-30": "4210.66600", "2009-03-31": "4235.88600", "2008-12-31": "4219.24600", "2008-09-30": "4263.23100", "2008-06-30": "4289.26100", "2008-03-31": "4158.17300", "2007-12-31": "4182.31300", "2007-09-30": "4031.47400", "2007-06-30": "3961.47100", "2007-03-31": "3711.60600", "2006-12-31": "3689.83700", "2006-09-30": "3712.01000", "2006-06-30": "3697.17000", "2006-03-31": "3324.62600", "2005-12-31": "3324.87700", "2005-09-30": "3252.29500", "2005-06-30": "3250.26400", "2005-03-31": "3198.59700"}, "Total Liabilities And Share Holders Equity": {"2020-12-31": "56306.12000", "2020-09-30": "54931.75000", "2020-06-30": "54210.41000", "2020-03-31": "54261.09000", "2019-12-31": "53640.82000", "2019-09-30": "52537.63000", "2019-06-30": "52776.25000", "2019-03-31": "52131.05000", "2018-12-31": "51899.38000", "2018-09-30": "51246.65000", "2018-06-30": "50469.17000", "2018-03-31": "49654.88000", "2017-12-31": "49124.20000", "2017-09-30": "48457.89000", "2017-06-30": "48347.66000", "2017-03-31": "48824.56000", "2016-12-31": "48926.55000", "2016-09-30": "49462.62000", "2016-06-30": "49035.75000", "2016-03-31": "48515.57000", "2015-12-31": "50317.80000", "2015-09-30": "49045.48000", "2015-06-30": "48648.53000", "2015-03-31": "48251.71000", "2014-12-31": "48559.22000", "2014-09-30": "48679.77000", "2014-06-30": "48604.77000", "2014-03-31": "47567.47000", "2013-12-31": "46688.29000", "2013-09-30": "45764.13000", "2013-06-30": "44185.84000", "2013-03-31": "44511.72000", "2012-12-31": "44145.10000", "2012-09-30": "44093.80000", "2012-06-30": "43487.35000", "2012-03-31": "43038.15000", "2011-12-31": "42024.30000", "2011-09-30": "41969.03000", "2011-06-30": "40602.63000", "2011-03-31": "41046.95000", "2010-12-31": "41190.69000", "2010-09-30": "41706.44000", "2010-06-30": "42010.75000", "2010-03-31": "42430.74000", "2009-12-31": "42153.87000", "2009-09-30": "32884.47000", "2009-06-30": "32860.12000", "2009-03-31": "32402.55000", "2008-12-31": "32466.91000", "2008-09-30": "32139.50000", "2008-06-30": "31083.50000", "2008-03-31": "30910.08000", "2007-12-31": "30579.82000", "2007-09-30": "30039.90000", "2007-06-30": "29623.75000", "2007-03-31": "27977.91000", "2006-12-31": "28482.37000", "2006-09-30": "28924.29000", "2006-06-30": "28728.82000", "2006-03-31": "27137.02000", "2005-12-31": "26283.71000", "2005-09-30": "25014.94000", "2005-06-30": "25204.69000", "2005-03-31": "24612.44000"}}, "cash flow statement": {"Net Income/Loss": {"2020-12-31": "0.00000", "2019-12-31": "395.04300", "2018-12-31": "422.41700", "2017-12-31": "466.20100", "2016-12-31": "495.40100", "2015-12-31": "-47.15600", "2014-12-31": "485.39700", "2013-12-31": "475.54700", "2012-12-31": "501.10600", "2011-12-31": "480.03700", "2010-12-31": "541.01700", "2009-12-31": "398.64600", "2008-12-31": "77.88400", "2007-12-31": "279.08200", "2006-12-31": "232.58500", "2005-12-31": "292.08500"}, "Total Depreciation And Amortization - Cash Flow": {"2020-12-31": "", "2019-12-31": "35.04700", "2018-12-31": "28.43200", "2017-12-31": "28.45600", "2016-12-31": "8.94400", "2015-12-31": "28.77200", "2014-12-31": "27.79600", "2013-12-31": "40.27600", "2012-12-31": "42.32700", "2011-12-31": "48.26400", "2010-12-31": "55.02000", "2009-12-31": "38.68500", "2008-12-31": "28.57600", "2007-12-31": "39.85500", "2006-12-31": "30.35000", "2005-12-31": "9.15900"}, "Other Non-Cash Items": {"2020-12-31": "", "2019-12-31": "124.83900", "2018-12-31": "77.72700", "2017-12-31": "64.79100", "2016-12-31": "78.24000", "2015-12-31": "-20.14200", "2014-12-31": "17.13300", "2013-12-31": "57.75800", "2012-12-31": "120.38100", "2011-12-31": "117.11800", "2010-12-31": "131.72100", "2009-12-31": "17.92400", "2008-12-31": "94.02900", "2007-12-31": "35.34700", "2006-12-31": "62.61000", "2005-12-31": "105.92400"}, "Total Non-Cash Items": {"2020-12-31": "", "2019-12-31": "159.88600", "2018-12-31": "106.15900", "2017-12-31": "93.24700", "2016-12-31": "87.18400", "2015-12-31": "8.63000", "2014-12-31": "44.92900", "2013-12-31": "98.03400", "2012-12-31": "162.70800", "2011-12-31": "165.38200", "2010-12-31": "186.74100", "2009-12-31": "56.60900", "2008-12-31": "122.60500", "2007-12-31": "75.20200", "2006-12-31": "92.96000", "2005-12-31": "115.08300"}, "Change In Accounts Receivable": {"2020-12-31": "", "2019-12-31": "0.07500", "2018-12-31": "35.14700", "2017-12-31": "292.05990", "2016-12-31": "-149.38590", "2015-12-31": "-200.42610", "2014-12-31": "102.53600", "2013-12-31": "844.99650", "2012-12-31": "-127.50250", "2011-12-31": "184.94580", "2010-12-31": "-866.42580", "2009-12-31": "-52.87700", "2008-12-31": "-0.33600", "2007-12-31": "-4.09400", "2006-12-31": "-1.14400", "2005-12-31": "-5.77100"}, "Change In Inventories": {"2020-12-31": "", "2019-12-31": "", "2018-12-31": "", "2017-12-31": "", "2016-12-31": "", "2015-12-31": "", "2014-12-31": "", "2013-12-31": "", "2012-12-31": "", "2011-12-31": "", "2010-12-31": "", "2009-12-31": "", "2008-12-31": "", "2007-12-31": "", "2006-12-31": "", "2005-12-31": ""}, "Change In Accounts Payable": {"2020-12-31": "", "2019-12-31": "", "2018-12-31": "", "2017-12-31": "", "2016-12-31": "", "2015-12-31": "", "2014-12-31": "", "2013-12-31": "", "2012-12-31": "", "2011-12-31": "", "2010-12-31": "", "2009-12-31": "", "2008-12-31": "", "2007-12-31": "", "2006-12-31": "", "2005-12-31": ""}, "Change In Assets/Liabilities": {"2020-12-31": "", "2019-12-31": "-45.25400", "2018-12-31": "-23.36800", "2017-12-31": "475.20200", "2016-12-31": "322.45400", "2015-12-31": "-181.47400", "2014-12-31": "89.55500", "2013-12-31": "-42.64700", "2012-12-31": "39.70500", "2011-12-31": "-0.15800", "2010-12-31": "68.98800", "2009-12-31": "-186.95100", "2008-12-31": "44.59700", "2007-12-31": "-53.97000", "2006-12-31": "-33.72400", "2005-12-31": "50.56700"}, "Total Change In Assets/Liabilities": {"2020-12-31": "", "2019-12-31": "-45.17900", "2018-12-31": "11.77900", "2017-12-31": "767.26200", "2016-12-31": "173.06810", "2015-12-31": "-381.90010", "2014-12-31": "192.09100", "2013-12-31": "802.34950", "2012-12-31": "-87.79750", "2011-12-31": "184.78780", "2010-12-31": "-797.43780", "2009-12-31": "-239.82800", "2008-12-31": "44.26100", "2007-12-31": "-58.06400", "2006-12-31": "-34.86800", "2005-12-31": "44.79600"}, "Cash Flow From Operating Activities": {"2020-12-31": "", "2019-12-31": "509.75000", "2018-12-31": "540.35500", "2017-12-31": "1326.71000", "2016-12-31": "755.65300", "2015-12-31": "-420.42600", "2014-12-31": "722.41700", "2013-12-31": "1375.93000", "2012-12-31": "576.01600", "2011-12-31": "830.20700", "2010-12-31": "-69.67900", "2009-12-31": "215.42700", "2008-12-31": "244.75000", "2007-12-31": "296.22000", "2006-12-31": "290.67700", "2005-12-31": "451.96400"}, "Net Change In Property, Plant, And Equipment": {"2020-12-31": "", "2019-12-31": "9.29700", "2018-12-31": "-9.84700", "2017-12-31": "-27.78300", "2016-12-31": "-84.17900", "2015-12-31": "-34.80200", "2014-12-31": "-73.49500", "2013-12-31": "-37.24200", "2012-12-31": "-38.76100", "2011-12-31": "-40.74600", "2010-12-31": "-48.64100", "2009-12-31": "-7.38500", "2008-12-31": "-22.58700", "2007-12-31": "90.80500", "2006-12-31": "-11.52400", "2005-12-31": "5.56100"}, "Net Change In Intangible Assets": {"2020-12-31": "", "2019-12-31": "", "2018-12-31": "", "2017-12-31": "", "2016-12-31": "", "2015-12-31": "", "2014-12-31": "", "2013-12-31": "", "2012-12-31": "", "2011-12-31": "", "2010-12-31": "", "2009-12-31": "", "2008-12-31": "", "2007-12-31": "", "2006-12-31": "-0.55300", "2005-12-31": "13.11200"}, "Net Acquisitions/Divestitures": {"2020-12-31": "", "2019-12-31": "", "2018-12-31": "", "2017-12-31": "", "2016-12-31": "", "2015-12-31": "", "2014-12-31": "", "2013-12-31": "", "2012-12-31": "", "2011-12-31": "100.02700", "2010-12-31": "140.89500", "2009-12-31": "4029.72900", "2008-12-31": "", "2007-12-31": "159.17200", "2006-12-31": "-325.76500", "2005-12-31": "23.74200"}, "Net Change In Short-term Investments": {"2020-12-31": "", "2019-12-31": "", "2018-12-31": "", "2017-12-31": "", "2016-12-31": "", "2015-12-31": "", "2014-12-31": "", "2013-12-31": "", "2012-12-31": "", "2011-12-31": "", "2010-12-31": "", "2009-12-31": "", "2008-12-31": "", "2007-12-31": "", "2006-12-31": "", "2005-12-31": ""}, "Net Change In Long-Term Investments": {"2020-12-31": "", "2019-12-31": "-182.47610", "2018-12-31": "-2232.61400", "2017-12-31": "375.99210", "2016-12-31": "2453.15900", "2015-12-31": "786.57010", "2014-12-31": "927.87790", "2013-12-31": "-3113.44400", "2012-12-31": "-327.94020", "2011-12-31": "217.76810", "2010-12-31": "1033.42600", "2009-12-31": "886.93410", "2008-12-31": "-188.71190", "2007-12-31": "540.17380", "2006-12-31": "1783.52500", "2005-12-31": "1577.26300"}, "Net Change In Investments - Total": {"2020-12-31": "", "2019-12-31": "-182.47610", "2018-12-31": "-2232.61400", "2017-12-31": "375.99210", "2016-12-31": "2453.15900", "2015-12-31": "786.57010", "2014-12-31": "927.87790", "2013-12-31": "-3113.44400", "2012-12-31": "-327.94020", "2011-12-31": "217.76810", "2010-12-31": "1033.42600", "2009-12-31": "886.93410", "2008-12-31": "-188.71190", "2007-12-31": "540.17380", "2006-12-31": "1783.52500", "2005-12-31": "1577.26300"}, "Investing Activities - Other": {"2020-12-31": "", "2019-12-31": "-1885.72800", "2018-12-31": "-1778.00500", "2017-12-31": "713.53110", "2016-12-31": "-1150.81500", "2015-12-31": "-2148.92700", "2014-12-31": "-3000.22500", "2013-12-31": "-2022.62500", "2012-12-31": "-1363.96700", "2011-12-31": "-1488.02500", "2010-12-31": "173.45900", "2009-12-31": "-1161.48400", "2008-12-31": "-1906.96200", "2007-12-31": "1225.50900", "2006-12-31": "-1414.95800", "2005-12-31": "-3371.86900"}, "Cash Flow From Investing Activities": {"2020-12-31": "", "2019-12-31": "-2058.90700", "2018-12-31": "-4020.46600", "2017-12-31": "1061.74000", "2016-12-31": "1218.16500", "2015-12-31": "-1397.15900", "2014-12-31": "-2145.84200", "2013-12-31": "-5173.31100", "2012-12-31": "-1730.66800", "2011-12-31": "-1210.97600", "2010-12-31": "1299.13900", "2009-12-31": "3747.79400", "2008-12-31": "-2118.26100", "2007-12-31": "2015.66000", "2006-12-31": "30.72500", "2005-12-31": "-1752.19100"}, "Net Long-Term Debt": {"2020-12-31": "", "2019-12-31": "-751.18800", "2018-12-31": "1293.76800", "2017-12-31": "-300.00000", "2016-12-31": "1181.00000", "2015-12-31": "753.81840", "2014-12-31": "-110.61500", "2013-12-31": "-791.28910", "2012-12-31": "-218.22200", "2011-12-31": "-637.70300", "2010-12-31": "-1173.07400", "2009-12-31": "-860.78300", "2008-12-31": "-431.88700", "2007-12-31": "400.69900", "2006-12-31": "1242.01900", "2005-12-31": "306.64100"}, "Net Current Debt": {"2020-12-31": "", "2019-12-31": "1100.00000", "2018-12-31": "", "2017-12-31": "-460.00000", "2016-12-31": "-3256.30000", "2015-12-31": "768.10000", "2014-12-31": "-767.90000", "2013-12-31": "2466.10000", "2012-12-31": "-312.00000", "2011-12-31": "1062.00000", "2010-12-31": "500.00000", "2009-12-31": "-1012.90000", "2008-12-31": "1012.90000", "2007-12-31": "-308.20000", "2006-12-31": "-407.38000", "2005-12-31": ""}, "Debt Issuance/Retirement Net - Total": {"2020-12-31": "", "2019-12-31": "348.81200", "2018-12-31": "1293.76800", "2017-12-31": "-760.00000", "2016-12-31": "-2075.30000", "2015-12-31": "1521.91800", "2014-12-31": "-878.51500", "2013-12-31": "1674.81100", "2012-12-31": "-530.22200", "2011-12-31": "424.29700", "2010-12-31": "-673.07400", "2009-12-31": "-1873.68300", "2008-12-31": "581.01310", "2007-12-31": "92.49900", "2006-12-31": "834.63900", "2005-12-31": "306.64100"}, "Net Common Equity Issued/Repurchased": {"2020-12-31": "", "2019-12-31": "-75.22000", "2018-12-31": "-163.24900", "2017-12-31": "-18.46300", "2016-12-31": "-8.67700", "2015-12-31": "622.66200", "2014-12-31": "-7.22300", "2013-12-31": "-4.99300", "2012-12-31": "-3.52200", "2011-12-31": "-0.17700", "2010-12-31": "30.31700", "2009-12-31": "1011.30200", "2008-12-31": "352.05900", "2007-12-31": "43.89600", "2006-12-31": "411.88700", "2005-12-31": "10.80700"}, "Net Total Equity Issued/Repurchased": {"2020-12-31": "", "2019-12-31": "-75.22000", "2018-12-31": "-163.24900", "2017-12-31": "484.37700", "2016-12-31": "-8.67700", "2015-12-31": "622.66200", "2014-12-31": "-7.22300", "2013-12-31": "-4.99300", "2012-12-31": "-3.52200", "2011-12-31": "-0.17700", "2010-12-31": "30.31700", "2009-12-31": "1011.30200", "2008-12-31": "352.05900", "2007-12-31": "43.89600", "2006-12-31": "411.88700", "2005-12-31": "10.80700"}, "Total Common And Preferred Stock Dividends Paid": {"2020-12-31": "", "2019-12-31": "-350.22200", "2018-12-31": "-365.88900", "2017-12-31": "-356.76800", "2016-12-31": "-330.81000", "2015-12-31": "-453.98100", "2014-12-31": "-442.20400", "2013-12-31": "-440.30800", "2012-12-31": "-438.53900", "2011-12-31": "-436.91400", "2010-12-31": "-434.36600", "2009-12-31": "-347.55400", "2008-12-31": "-333.50900", "2007-12-31": "-310.20500", "2006-12-31": "-286.77300", "2005-12-31": "-261.06300"}, "Financial Activities - Other": {"2020-12-31": "", "2019-12-31": "892.70200", "2018-12-31": "1662.26700", "2017-12-31": "214.26000", "2016-12-31": "461.14500", "2015-12-31": "100.51000", "2014-12-31": "2670.96700", "2013-12-31": "785.16300", "2012-12-31": "2552.45600", "2011-12-31": "467.75800", "2010-12-31": "-895.65200", "2009-12-31": "-285.64500", "2008-12-31": "1141.42100", "2007-12-31": "-2033.08600", "2006-12-31": "-1282.19900", "2005-12-31": "1286.79500"}, "Cash Flow From Financial Activities": {"2020-12-31": "", "2019-12-31": "816.07200", "2018-12-31": "2426.89700", "2017-12-31": "-418.13100", "2016-12-31": "-1953.64200", "2015-12-31": "1791.10900", "2014-12-31": "1343.02500", "2013-12-31": "2014.67300", "2012-12-31": "1580.17300", "2011-12-31": "454.96400", "2010-12-31": "-1972.77500", "2009-12-31": "-1495.58000", "2008-12-31": "1740.98400", "2007-12-31": "-2206.89600", "2006-12-31": "-322.44600", "2005-12-31": "1343.18000"}, "Net Cash Flow": {"2020-12-31": "", "2019-12-31": "-733.08500", "2018-12-31": "-1053.21400", "2017-12-31": "1970.31900", "2016-12-31": "20.17600", "2015-12-31": "-26.47600", "2014-12-31": "-80.40000", "2013-12-31": "-1782.70800", "2012-12-31": "425.52100", "2011-12-31": "74.19500", "2010-12-31": "-743.31500", "2009-12-31": "2467.64100", "2008-12-31": "-132.52700", "2007-12-31": "104.98400", "2006-12-31": "-1.04400", "2005-12-31": "42.95300"}, "Stock-Based Compensation": {"2020-12-31": "", "2019-12-31": "32.04800", "2018-12-31": "36.26000", "2017-12-31": "36.02900", "2016-12-31": "32.66100", "2015-12-31": "30.20500", "2014-12-31": "27.45400", "2013-12-31": "22.24700", "2012-12-31": "20.72100", "2011-12-31": "16.73500", "2010-12-31": "15.76400", "2009-12-31": "13.25200", "2008-12-31": "13.68000", "2007-12-31": "12.25200", "2006-12-31": "12.05200", "2005-12-31": "43.65300"}, "Common Stock Dividends Paid": {"2020-12-31": "", "2019-12-31": "-317.39400", "2018-12-31": "-333.06100", "2017-12-31": "-332.14700", "2016-12-31": "-330.81000", "2015-12-31": "-453.98100", "2014-12-31": "-442.20400", "2013-12-31": "-440.30800", "2012-12-31": "-438.53900", "2011-12-31": "-436.91400", "2010-12-31": "-434.36600", "2009-12-31": "-347.55400", "2008-12-31": "-333.50900", "2007-12-31": "-310.20500", "2006-12-31": "-286.77300", "2005-12-31": "-261.06300"}}, "cash flow statement, quarterly": {"Net Income/Loss": {"2020-12-31": -321.445, "2020-09-30": 115.77, "2020-06-30": 105.347, "2020-03-31": "100.32800", "2019-12-31": 101.174, "2019-09-30": 99.046, "2019-06-30": 97.246, "2019-03-31": "97.57700", "2018-12-31": 101.739, "2018-09-30": 106.772, "2018-06-30": 107.354, "2018-03-31": "106.55200", "2017-12-31": 136.521, "2017-09-30": 110.468, "2017-06-30": 115.255, "2017-03-31": "103.95700", "2016-12-31": 113.733, "2016-09-30": 125.299, "2016-06-30": 126.46, "2016-03-31": "129.90900", "2015-12-31": -404.807, "2015-09-30": 114.688, "2015-06-30": 123.704, "2015-03-31": "119.25900", "2014-12-31": 131.197, "2014-09-30": 120.258, "2014-06-30": 118.688, "2014-03-31": "115.25400", "2013-12-31": 120.155, "2013-09-30": 114.2, "2013-06-30": 122.517, "2013-03-31": "118.67500", "2012-12-31": 122.843, "2012-09-30": 128.798, "2012-06-30": 131.212, "2012-03-31": "118.25300", "2011-12-31": 117.652, "2011-09-30": 119.75, "2011-06-30": 119.459, "2011-03-31": "123.17600", "2010-12-31": 149.832, "2010-09-30": 135.609, "2010-06-30": 131.427, "2010-03-31": "124.14900", "2009-12-31": 154.936, "2009-09-30": 98.573, "2009-06-30": 56.448, "2009-03-31": "88.68900", "2008-12-31": 102.232, "2008-09-30": 58.064, "2008-06-30": -154.783, "2008-03-31": "72.37100", "2007-12-31": 67.38, "2007-09-30": 110.909, "2007-06-30": 35.974, "2007-03-31": "64.81900", "2006-12-31": 53.121, "2006-09-30": 62.477, "2006-06-30": 50.612, "2006-03-31": "66.37500", "2005-12-31": 36.916, "2005-09-30": 77.615, "2005-06-30": 86.472, "2005-03-31": "91.08200"}, "Total Depreciation And Amortization - Cash Flow": {"2020-12-31": -29.599, "2020-09-30": 7.318, "2020-06-30": 9.49, "2020-03-31": "12.79100", "2019-12-31": 10.886, "2019-09-30": 7.987, "2019-06-30": 8.029, "2019-03-31": "8.14500", "2018-12-31": 7.912, "2018-09-30": 7.066, "2018-06-30": 7.116, "2018-03-31": "6.33800", "2017-12-31": 6.714, "2017-09-30": 7.687, "2017-06-30": 7.074, "2017-03-31": "6.98100", "2016-12-31": 7.461, "2016-09-30": -0.311, "2016-06-30": 1.365, "2016-03-31": "0.42900", "2015-12-31": 6.381, "2015-09-30": 7.465, "2015-06-30": 7.367, "2015-03-31": "7.55900", "2014-12-31": 6.81, "2014-09-30": 7.021, "2014-06-30": 6.884, "2014-03-31": "7.08100", "2013-12-31": 8.598, "2013-09-30": 10.228, "2013-06-30": 10.348, "2013-03-31": "11.10200", "2012-12-31": 10.957, "2012-09-30": 9.894, "2012-06-30": 10.528, "2012-03-31": "10.94800", "2011-12-31": 10.991, "2011-09-30": 11.718, "2011-06-30": 12.001, "2011-03-31": "13.55400", "2010-12-31": 13.527, "2010-09-30": 13.203, "2010-06-30": 13.582, "2010-03-31": "14.70800", "2009-12-31": 13.245, "2009-09-30": 9.136, "2009-06-30": 6.447, "2009-03-31": "9.85700", "2008-12-31": -1.963, "2008-09-30": 8.88, "2008-06-30": 8.755, "2008-03-31": "12.90400", "2007-12-31": 10.712, "2007-09-30": 8.871, "2007-06-30": 9.03, "2007-03-31": "11.24200", "2006-12-31": 10.253, "2006-09-30": 7.888, "2006-06-30": 8.111, "2006-03-31": "4.09800", "2005-12-31": 4.459, "2005-09-30": 5.406, "2005-06-30": 1.641, "2005-03-31": "-2.34700"}, "Other Non-Cash Items": {"2020-12-31": -170.035, "2020-09-30": 40.009, "2020-06-30": 57.243, "2020-03-31": "72.78300", "2019-12-31": 61.599, "2019-09-30": 34.923, "2019-06-30": 24.227, "2019-03-31": "4.09000", "2018-12-31": -0.933, "2018-09-30": 41.041, "2018-06-30": 125.283, "2018-03-31": "-87.66400", "2017-12-31": 44.431, "2017-09-30": 13.583, "2017-06-30": -19.661, "2017-03-31": "26.43800", "2016-12-31": 15.809, "2016-09-30": 25.271, "2016-06-30": 11.265, "2016-03-31": "25.89500", "2015-12-31": -19.038, "2015-09-30": -14.329, "2015-06-30": -3.155, "2015-03-31": "16.38000", "2014-12-31": 19.692, "2014-09-30": 0.061, "2014-06-30": 3.488, "2014-03-31": "-6.10800", "2013-12-31": -7.121, "2013-09-30": 43.636, "2013-06-30": 15.567, "2013-03-31": "5.67600", "2012-12-31": 16.624, "2012-09-30": 32.281, "2012-06-30": 42.725, "2012-03-31": "28.75100", "2011-12-31": 12.683, "2011-09-30": 28.884, "2011-06-30": 39.306, "2011-03-31": "36.24500", "2010-12-31": 41.092, "2010-09-30": 30.097, "2010-06-30": 34.509, "2010-03-31": "26.02300", "2009-12-31": -23.072, "2009-09-30": -7.273, "2009-06-30": 41.663, "2009-03-31": "6.60600", "2008-12-31": 18.769, "2008-09-30": 36.573, "2008-06-30": 33.068, "2008-03-31": "5.61900", "2007-12-31": 6.169, "2007-09-30": -41.695, "2007-06-30": 64.478, "2007-03-31": "6.39500", "2006-12-31": 23.22, "2006-09-30": 9.812, "2006-06-30": 19.451, "2006-03-31": "10.12700", "2005-12-31": 86.691, "2005-09-30": 13.329, "2005-06-30": 10.436, "2005-03-31": "-4.53200"}, "Total Non-Cash Items": {"2020-12-31": -199.634, "2020-09-30": 47.327, "2020-06-30": 66.733, "2020-03-31": "85.57400", "2019-12-31": 72.485, "2019-09-30": 42.91, "2019-06-30": 32.256, "2019-03-31": "12.23500", "2018-12-31": 6.979, "2018-09-30": 48.107, "2018-06-30": 132.399, "2018-03-31": "-81.32600", "2017-12-31": 51.145, "2017-09-30": 21.27, "2017-06-30": -12.587, "2017-03-31": "33.41900", "2016-12-31": 23.27, "2016-09-30": 24.96, "2016-06-30": 12.63, "2016-03-31": "26.32400", "2015-12-31": -12.657, "2015-09-30": -6.864, "2015-06-30": 4.212, "2015-03-31": "23.93900", "2014-12-31": 26.502, "2014-09-30": 7.082, "2014-06-30": 10.372, "2014-03-31": "0.97300", "2013-12-31": 1.477, "2013-09-30": 53.864, "2013-06-30": 25.915, "2013-03-31": "16.77800", "2012-12-31": 27.581, "2012-09-30": 42.175, "2012-06-30": 53.253, "2012-03-31": "39.69900", "2011-12-31": 23.674, "2011-09-30": 40.602, "2011-06-30": 51.307, "2011-03-31": "49.79900", "2010-12-31": 54.619, "2010-09-30": 43.3, "2010-06-30": 48.091, "2010-03-31": "40.73100", "2009-12-31": -9.827, "2009-09-30": 1.863, "2009-06-30": 48.11, "2009-03-31": "16.46300", "2008-12-31": 16.806, "2008-09-30": 45.453, "2008-06-30": 41.823, "2008-03-31": "18.52300", "2007-12-31": 16.881, "2007-09-30": -32.824, "2007-06-30": 73.508, "2007-03-31": "17.63700", "2006-12-31": 33.473, "2006-09-30": 17.7, "2006-06-30": 27.562, "2006-03-31": "14.22500", "2005-12-31": 91.15, "2005-09-30": 18.735, "2005-06-30": 12.077, "2005-03-31": "-6.87900"}, "Change In Accounts Receivable": {"2020-12-31": -0.002, "2020-09-30": -0.002, "2020-06-30": 0, "2020-03-31": "0.00400", "2019-12-31": 0.032, "2019-09-30": 0.012, "2019-06-30": 0.021, "2019-03-31": "0.01000", "2018-12-31": 0.013, "2018-09-30": 0.054, "2018-06-30": 35.117, "2018-03-31": "-0.03700", "2017-12-31": 66.9459, "2017-09-30": 81.708, "2017-06-30": -54.064, "2017-03-31": "197.47000", "2016-12-31": 242.1542, "2016-09-30": -107.645, "2016-06-30": -166.7561, "2016-03-31": "-117.13900", "2015-12-31": -13.0612, "2015-09-30": -80.2728, "2015-06-30": 1.996, "2015-03-31": "-109.08810", "2014-12-31": 76.611, "2014-09-30": 113.0289, "2014-06-30": -64.1039, "2014-03-31": "-23.00000", "2013-12-31": -36.5304, "2013-09-30": 481.6172, "2013-06-30": -74.2483, "2013-03-31": "474.15800", "2012-12-31": 53.4269, "2012-09-30": -110.7675, "2012-06-30": -574.019, "2012-03-31": "503.85710", "2011-12-31": -37.9975, "2011-09-30": -491.3818, "2011-06-30": 19.8311, "2011-03-31": "694.49400", "2010-12-31": 172.1142, "2010-09-30": -458.9201, "2010-06-30": -133.9399, "2010-03-31": "-445.68000", "2009-12-31": -50.537, "2009-09-30": 5.532, "2009-06-30": -5.549, "2009-03-31": "-2.32300", "2008-12-31": 1.016, "2008-09-30": 0.655, "2008-06-30": 1.423, "2008-03-31": "-3.43000", "2007-12-31": 0, "2007-09-30": -0.65, "2007-06-30": -2.63, "2007-03-31": "-0.81400", "2006-12-31": -0.21, "2006-09-30": -1.144, "2006-06-30": 0, "2006-03-31": "0.21000", "2005-12-31": 0, "2005-09-30": -173.463, "2005-06-30": 167.836, "2005-03-31": "-0.14400"}, "Change In Inventories": {"2020-12-31": 0, "2020-09-30": 0, "2020-06-30": 0, "2020-03-31": "", "2019-12-31": 0, "2019-09-30": 0, "2019-06-30": 0, "2019-03-31": "", "2018-12-31": 0, "2018-09-30": 0, "2018-06-30": 0, "2018-03-31": "", "2017-12-31": 0, "2017-09-30": 0, "2017-06-30": 0, "2017-03-31": "", "2016-12-31": 0, "2016-09-30": 0, "2016-06-30": 0, "2016-03-31": "", "2015-12-31": 0, "2015-09-30": 0, "2015-06-30": 0, "2015-03-31": "", "2014-12-31": 0, "2014-09-30": 0, "2014-06-30": 0, "2014-03-31": "", "2013-12-31": 0, "2013-09-30": 0, "2013-06-30": 0, "2013-03-31": "", "2012-12-31": 0, "2012-09-30": 0, "2012-06-30": 0, "2012-03-31": "", "2011-12-31": 0, "2011-09-30": 0, "2011-06-30": 0, "2011-03-31": "", "2010-12-31": 0, "2010-09-30": 0, "2010-06-30": 0, "2010-03-31": "", "2009-12-31": 0, "2009-09-30": 0, "2009-06-30": 0, "2009-03-31": "", "2008-12-31": 0, "2008-09-30": 0, "2008-06-30": 0, "2008-03-31": "", "2007-12-31": 0, "2007-09-30": 0, "2007-06-30": 0, "2007-03-31": "", "2006-12-31": 0, "2006-09-30": 0, "2006-06-30": 0, "2006-03-31": "", "2005-12-31": 0, "2005-09-30": 0, "2005-06-30": 0, "2005-03-31": ""}, "Change In Accounts Payable": {"2020-12-31": 0, "2020-09-30": 0, "2020-06-30": 0, "2020-03-31": "", "2019-12-31": 0, "2019-09-30": 0, "2019-06-30": 0, "2019-03-31": "", "2018-12-31": 0, "2018-09-30": 0, "2018-06-30": 0, "2018-03-31": "", "2017-12-31": 0, "2017-09-30": 0, "2017-06-30": 0, "2017-03-31": "", "2016-12-31": 0, "2016-09-30": 0, "2016-06-30": 0, "2016-03-31": "", "2015-12-31": 0, "2015-09-30": 0, "2015-06-30": 0, "2015-03-31": "", "2014-12-31": 0, "2014-09-30": 0, "2014-06-30": 0, "2014-03-31": "", "2013-12-31": 0, "2013-09-30": 0, "2013-06-30": 0, "2013-03-31": "", "2012-12-31": 0, "2012-09-30": 0, "2012-06-30": 0, "2012-03-31": "", "2011-12-31": 0, "2011-09-30": 0, "2011-06-30": 0, "2011-03-31": "", "2010-12-31": 0, "2010-09-30": 0, "2010-06-30": 0, "2010-03-31": "", "2009-12-31": 0, "2009-09-30": 0, "2009-06-30": 0, "2009-03-31": "", "2008-12-31": 0, "2008-09-30": 0, "2008-06-30": 0, "2008-03-31": "", "2007-12-31": 0, "2007-09-30": 0, "2007-06-30": 0, "2007-03-31": "", "2006-12-31": 0, "2006-09-30": 0, "2006-06-30": 0, "2006-03-31": "", "2005-12-31": 0, "2005-09-30": 0, "2005-06-30": 0, "2005-03-31": ""}, "Change In Assets/Liabilities": {"2020-12-31": 280.959, "2020-09-30": -69.922, "2020-06-30": -155.827, "2020-03-31": "-55.21000", "2019-12-31": -2.901, "2019-09-30": -61.983, "2019-06-30": -28.985, "2019-03-31": "48.61500", "2018-12-31": 211.773, "2018-09-30": -281.773, "2018-06-30": -76.448, "2018-03-31": "123.08000", "2017-12-31": -242.75, "2017-09-30": 564.947, "2017-06-30": 117.752, "2017-03-31": "35.25300", "2016-12-31": -19.341, "2016-09-30": 65.521, "2016-06-30": 3.695, "2016-03-31": "272.57900", "2015-12-31": -263.461, "2015-09-30": 69.598, "2015-06-30": -29.842, "2015-03-31": "42.23100", "2014-12-31": -5.725, "2014-09-30": 155.503, "2014-06-30": -155.099, "2014-03-31": "94.87600", "2013-12-31": -37.804, "2013-09-30": 20.195, "2013-06-30": -47.442, "2013-03-31": "22.40400", "2012-12-31": -165.642, "2012-09-30": 81.897, "2012-06-30": 43.383, "2012-03-31": "80.06700", "2011-12-31": 85.353, "2011-09-30": 10.041, "2011-06-30": -82.847, "2011-03-31": "-12.70500", "2010-12-31": -45.101, "2010-09-30": 158.64, "2010-06-30": -120.359, "2010-03-31": "75.80800", "2009-12-31": 11.671, "2009-09-30": 22.111, "2009-06-30": -39.721, "2009-03-31": "-181.01200", "2008-12-31": 163.175, "2008-09-30": 37.005, "2008-06-30": -135.709, "2008-03-31": "-19.87400", "2007-12-31": -82.723, "2007-09-30": 26.404, "2007-06-30": 55.725, "2007-03-31": "-53.37600", "2006-12-31": -16.763, "2006-09-30": -14.707, "2006-06-30": 3.655, "2006-03-31": "-5.90900", "2005-12-31": -71.56, "2005-09-30": 16.276, "2005-06-30": -43.756, "2005-03-31": "149.60700"}, "Total Change In Assets/Liabilities": {"2020-12-31": 280.957, "2020-09-30": -69.924, "2020-06-30": -155.827, "2020-03-31": "-55.20600", "2019-12-31": -2.869, "2019-09-30": -61.971, "2019-06-30": -28.964, "2019-03-31": "48.62500", "2018-12-31": 211.786, "2018-09-30": -281.719, "2018-06-30": -41.331, "2018-03-31": "123.04300", "2017-12-31": -175.804, "2017-09-30": 646.655, "2017-06-30": 63.6879, "2017-03-31": "232.72310", "2016-12-31": 222.8132, "2016-09-30": -42.124, "2016-06-30": -163.0611, "2016-03-31": "155.44000", "2015-12-31": -276.5222, "2015-09-30": -10.6748, "2015-06-30": -27.846, "2015-03-31": "-66.85710", "2014-12-31": 70.886, "2014-09-30": 268.5319, "2014-06-30": -219.2029, "2014-03-31": "71.87600", "2013-12-31": -74.3344, "2013-09-30": 501.8122, "2013-06-30": -121.6903, "2013-03-31": "496.56200", "2012-12-31": -112.2151, "2012-09-30": -28.8705, "2012-06-30": -530.636, "2012-03-31": "583.92410", "2011-12-31": 47.3555, "2011-09-30": -481.3408, "2011-06-30": -63.0158, "2011-03-31": "681.78890", "2010-12-31": 127.0131, "2010-09-30": -300.28, "2010-06-30": -254.2989, "2010-03-31": "-369.87200", "2009-12-31": -38.866, "2009-09-30": 27.643, "2009-06-30": -45.27, "2009-03-31": "-183.33500", "2008-12-31": 164.191, "2008-09-30": 37.66, "2008-06-30": -134.286, "2008-03-31": "-23.30400", "2007-12-31": -82.723, "2007-09-30": 25.754, "2007-06-30": 53.095, "2007-03-31": "-54.19000", "2006-12-31": -16.973, "2006-09-30": -15.851, "2006-06-30": 3.655, "2006-03-31": "-5.69900", "2005-12-31": -71.56, "2005-09-30": -157.187, "2005-06-30": 124.08, "2005-03-31": "149.46300"}, "Cash Flow From Operating Activities": {"2020-12-31": -240.122, "2020-09-30": 93.173, "2020-06-30": 16.253, "2020-03-31": "130.69600", "2019-12-31": 170.79, "2019-09-30": 79.985, "2019-06-30": 100.538, "2019-03-31": "158.43700", "2018-12-31": 320.504, "2018-09-30": -126.84, "2018-06-30": 198.422, "2018-03-31": "148.26900", "2017-12-31": 11.862, "2017-09-30": 778.393, "2017-06-30": 166.356, "2017-03-31": "370.09900", "2016-12-31": 359.816, "2016-09-30": 108.135, "2016-06-30": -23.971, "2016-03-31": "311.67300", "2015-12-31": -693.986, "2015-09-30": 97.149, "2015-06-30": 100.07, "2015-03-31": "76.34100", "2014-12-31": 228.585, "2014-09-30": 395.872, "2014-06-30": -90.143, "2014-03-31": "188.10300", "2013-12-31": 47.297, "2013-09-30": 669.876, "2013-06-30": 26.742, "2013-03-31": "632.01500", "2012-12-31": 38.208, "2012-09-30": 142.103, "2012-06-30": -346.171, "2012-03-31": "741.87600", "2011-12-31": 188.682, "2011-09-30": -320.989, "2011-06-30": 107.75, "2011-03-31": "854.76400", "2010-12-31": 331.465, "2010-09-30": -121.371, "2010-06-30": -74.781, "2010-03-31": "-204.99200", "2009-12-31": 106.243, "2009-09-30": 128.079, "2009-06-30": 59.288, "2009-03-31": "-78.18300", "2008-12-31": 283.229, "2008-09-30": 141.177, "2008-06-30": -247.246, "2008-03-31": "67.59000", "2007-12-31": 1.538, "2007-09-30": 103.839, "2007-06-30": 162.577, "2007-03-31": "28.26600", "2006-12-31": 69.621, "2006-09-30": 64.326, "2006-06-30": 81.829, "2006-03-31": "74.90100", "2005-12-31": 56.506, "2005-09-30": -60.837, "2005-06-30": 222.629, "2005-03-31": "233.66600"}, "Net Change In Property, Plant, And Equipment": {"2020-12-31": -4.356, "2020-09-30": 1.577, "2020-06-30": 3.217, "2020-03-31": "-0.43800", "2019-12-31": 9.943, "2019-09-30": -0.704, "2019-06-30": -1.888, "2019-03-31": "1.94600", "2018-12-31": -1.596, "2018-09-30": -0.632, "2018-06-30": -3.58, "2018-03-31": "-4.03900", "2017-12-31": -1.061, "2017-09-30": -4.074, "2017-06-30": -8.977, "2017-03-31": "-13.67100", "2016-12-31": -14.514, "2016-09-30": -8.726, "2016-06-30": -50.176, "2016-03-31": "-10.76300", "2015-12-31": -2.942, "2015-09-30": -9.703, "2015-06-30": -11.475, "2015-03-31": "-10.68200", "2014-12-31": -25.565, "2014-09-30": -19.083, "2014-06-30": -17.165, "2014-03-31": "-11.68200", "2013-12-31": -15.864, "2013-09-30": -6.287, "2013-06-30": -7.7, "2013-03-31": "-7.39100", "2012-12-31": -17.417, "2012-09-30": -9.389, "2012-06-30": -6.153, "2012-03-31": "-5.80200", "2011-12-31": -11.255, "2011-09-30": -5.464, "2011-06-30": -4.855, "2011-03-31": "-19.17200", "2010-12-31": -39.307, "2010-09-30": -4.514, "2010-06-30": -2.536, "2010-03-31": "-2.28400", "2009-12-31": -2.498, "2009-09-30": -1.496, "2009-06-30": -2.734, "2009-03-31": "-0.65700", "2008-12-31": -12.881, "2008-09-30": -4.159, "2008-06-30": -3.097, "2008-03-31": "-2.45000", "2007-12-31": -1.505, "2007-09-30": 98.858, "2007-06-30": -3.948, "2007-03-31": "-2.60000", "2006-12-31": -2.639, "2006-09-30": -4.361, "2006-06-30": -3.025, "2006-03-31": "-1.49900", "2005-12-31": -0.702, "2005-09-30": 0.451, "2005-06-30": -0.934, "2005-03-31": "6.74600"}, "Net Change In Intangible Assets": {"2020-12-31": 0, "2020-09-30": 0, "2020-06-30": 0, "2020-03-31": "", "2019-12-31": 0, "2019-09-30": 0, "2019-06-30": 0, "2019-03-31": "", "2018-12-31": 0, "2018-09-30": 0, "2018-06-30": 0, "2018-03-31": "", "2017-12-31": 0, "2017-09-30": 0, "2017-06-30": 0, "2017-03-31": "", "2016-12-31": 0, "2016-09-30": 0, "2016-06-30": 0, "2016-03-31": "", "2015-12-31": 0, "2015-09-30": 0, "2015-06-30": 0, "2015-03-31": "", "2014-12-31": 0, "2014-09-30": 0, "2014-06-30": 0, "2014-03-31": "", "2013-12-31": 0, "2013-09-30": 0, "2013-06-30": 0, "2013-03-31": "", "2012-12-31": 0, "2012-09-30": 0, "2012-06-30": 0, "2012-03-31": "", "2011-12-31": 0, "2011-09-30": 0, "2011-06-30": 0, "2011-03-31": "", "2010-12-31": 0, "2010-09-30": 0, "2010-06-30": 0, "2010-03-31": "", "2009-12-31": 0, "2009-09-30": 0, "2009-06-30": 0, "2009-03-31": "", "2008-12-31": 0, "2008-09-30": 0, "2008-06-30": 0, "2008-03-31": "", "2007-12-31": 0, "2007-09-30": 0, "2007-06-30": 0, "2007-03-31": "", "2006-12-31": 2.575, "2006-09-30": -2.128, "2006-06-30": -1.249, "2006-03-31": "0.24900", "2005-12-31": -0.646, "2005-09-30": 0, "2005-06-30": 0, "2005-03-31": "13.75800"}, "Net Acquisitions/Divestitures": {"2020-12-31": 0, "2020-09-30": 0, "2020-06-30": 0, "2020-03-31": "", "2019-12-31": 0, "2019-09-30": 0, "2019-06-30": 0, "2019-03-31": "", "2018-12-31": 0, "2018-09-30": 0, "2018-06-30": 0, "2018-03-31": "", "2017-12-31": 0, "2017-09-30": 0, "2017-06-30": 0, "2017-03-31": "", "2016-12-31": 0, "2016-09-30": 0, "2016-06-30": 0, "2016-03-31": "", "2015-12-31": 0, "2015-09-30": 0, "2015-06-30": 0, "2015-03-31": "", "2014-12-31": 0, "2014-09-30": 0, "2014-06-30": 0, "2014-03-31": "", "2013-12-31": 0, "2013-09-30": 0, "2013-06-30": 0, "2013-03-31": "", "2012-12-31": 0, "2012-09-30": 0, "2012-06-30": 0, "2012-03-31": "", "2011-12-31": 0, "2011-09-30": 0, "2011-06-30": 100.027, "2011-03-31": "", "2010-12-31": 0, "2010-09-30": 0, "2010-06-30": 0, "2010-03-31": "140.89500", "2009-12-31": 4029.729, "2009-09-30": 0, "2009-06-30": 0, "2009-03-31": "", "2008-12-31": 0, "2008-09-30": 0, "2008-06-30": 0, "2008-03-31": "", "2007-12-31": 20.391, "2007-09-30": 116.067, "2007-06-30": 22.714, "2007-03-31": "", "2006-12-31": 0, "2006-09-30": 0, "2006-06-30": -325.765, "2006-03-31": "", "2005-12-31": 23.742, "2005-09-30": 0, "2005-06-30": 0, "2005-03-31": ""}, "Net Change In Short-term Investments": {"2020-12-31": 0, "2020-09-30": 0, "2020-06-30": 0, "2020-03-31": "", "2019-12-31": 0, "2019-09-30": 0, "2019-06-30": 0, "2019-03-31": "", "2018-12-31": 0, "2018-09-30": 0, "2018-06-30": 0, "2018-03-31": "", "2017-12-31": 0, "2017-09-30": 0, "2017-06-30": 0, "2017-03-31": "", "2016-12-31": 0, "2016-09-30": 0, "2016-06-30": 0, "2016-03-31": "", "2015-12-31": 0, "2015-09-30": 0, "2015-06-30": 0, "2015-03-31": "", "2014-12-31": 0, "2014-09-30": 0, "2014-06-30": 0, "2014-03-31": "", "2013-12-31": 0, "2013-09-30": 0, "2013-06-30": 0, "2013-03-31": "", "2012-12-31": 0, "2012-09-30": 0, "2012-06-30": 0, "2012-03-31": "", "2011-12-31": 0, "2011-09-30": 0, "2011-06-30": 0, "2011-03-31": "", "2010-12-31": 0, "2010-09-30": 0, "2010-06-30": 0, "2010-03-31": "", "2009-12-31": 0, "2009-09-30": 0, "2009-06-30": 0, "2009-03-31": "", "2008-12-31": 0, "2008-09-30": 0, "2008-06-30": 0, "2008-03-31": "", "2007-12-31": 0, "2007-09-30": 0, "2007-06-30": 0, "2007-03-31": "", "2006-12-31": 0, "2006-09-30": 0, "2006-06-30": 0, "2006-03-31": "", "2005-12-31": 0, "2005-09-30": 0, "2005-06-30": 0, "2005-03-31": ""}, "Net Change In Long-Term Investments": {"2020-12-31": -556.111, "2020-09-30": -89.9209, "2020-06-30": 348.0589, "2020-03-31": "297.97300", "2019-12-31": -59.6402, "2019-09-30": -142.6479, "2019-06-30": 29.892, "2019-03-31": "-10.08000", "2018-12-31": -811.08, "2018-09-30": -671.935, "2018-06-30": -784.116, "2018-03-31": "34.51700", "2017-12-31": -537.4439, "2017-09-30": 143.676, "2017-06-30": 629.741, "2017-03-31": "140.01900", "2016-12-31": -13.724, "2016-09-30": 172.755, "2016-06-30": 218.219, "2016-03-31": "2075.90900", "2015-12-31": 469.0141, "2015-09-30": 35.74, "2015-06-30": 90.79, "2015-03-31": "191.02600", "2014-12-31": 431.615, "2014-09-30": 334.4979, "2014-06-30": 138.588, "2014-03-31": "23.17700", "2013-12-31": -875.568, "2013-09-30": -1215.742, "2013-06-30": -497.014, "2013-03-31": "-525.12000", "2012-12-31": 239.3635, "2012-09-30": -918.2168, "2012-06-30": 698.617, "2012-03-31": "-347.70390", "2011-12-31": 567.199, "2011-09-30": 507.6322, "2011-06-30": -874.6791, "2011-03-31": "17.61600", "2010-12-31": -55.775, "2010-09-30": -3.115, "2010-06-30": 848.577, "2010-03-31": "243.73900", "2009-12-31": 484.9591, "2009-09-30": 198.4051, "2009-06-30": 58.6649, "2009-03-31": "144.90500", "2008-12-31": 195.77, "2008-09-30": -530.1139, "2008-06-30": 62.0379, "2008-03-31": "83.59410", "2007-12-31": 238.7778, "2007-09-30": -32.7501, "2007-06-30": 124.9471, "2007-03-31": "209.19900", "2006-12-31": 254.417, "2006-09-30": 137.755, "2006-06-30": 1206.909, "2006-03-31": "184.44400", "2005-12-31": 225.452, "2005-09-30": 276.849, "2005-06-30": 658.822, "2005-03-31": "416.14000"}, "Net Change In Investments - Total": {"2020-12-31": -556.111, "2020-09-30": -89.9209, "2020-06-30": 348.0589, "2020-03-31": "297.97300", "2019-12-31": -59.6402, "2019-09-30": -142.6479, "2019-06-30": 29.892, "2019-03-31": "-10.08000", "2018-12-31": -811.08, "2018-09-30": -671.935, "2018-06-30": -784.116, "2018-03-31": "34.51700", "2017-12-31": -537.4439, "2017-09-30": 143.676, "2017-06-30": 629.741, "2017-03-31": "140.01900", "2016-12-31": -13.724, "2016-09-30": 172.755, "2016-06-30": 218.219, "2016-03-31": "2075.90900", "2015-12-31": 469.0141, "2015-09-30": 35.74, "2015-06-30": 90.79, "2015-03-31": "191.02600", "2014-12-31": 431.615, "2014-09-30": 334.4979, "2014-06-30": 138.588, "2014-03-31": "23.17700", "2013-12-31": -875.568, "2013-09-30": -1215.742, "2013-06-30": -497.014, "2013-03-31": "-525.12000", "2012-12-31": 239.3635, "2012-09-30": -918.2168, "2012-06-30": 698.617, "2012-03-31": "-347.70390", "2011-12-31": 567.199, "2011-09-30": 507.6322, "2011-06-30": -874.6791, "2011-03-31": "17.61600", "2010-12-31": -55.775, "2010-09-30": -3.115, "2010-06-30": 848.577, "2010-03-31": "243.73900", "2009-12-31": 484.9591, "2009-09-30": 198.4051, "2009-06-30": 58.6649, "2009-03-31": "144.90500", "2008-12-31": 195.77, "2008-09-30": -530.1139, "2008-06-30": 62.0379, "2008-03-31": "83.59410", "2007-12-31": 238.7778, "2007-09-30": -32.7501, "2007-06-30": 124.9471, "2007-03-31": "209.19900", "2006-12-31": 254.417, "2006-09-30": 137.755, "2006-06-30": 1206.909, "2006-03-31": "184.44400", "2005-12-31": 225.452, "2005-09-30": 276.849, "2005-06-30": 658.822, "2005-03-31": "416.14000"}, "Investing Activities - Other": {"2020-12-31": 936.153, "2020-09-30": -513.82, "2020-06-30": -20.502, "2020-03-31": "-401.83100", "2019-12-31": -1162.2509, "2019-09-30": -5.9871, "2019-06-30": -358.071, "2019-03-31": "-359.41900", "2018-12-31": -324.92, "2018-09-30": -391.187, "2018-06-30": -565.647, "2018-03-31": "-496.25100", "2017-12-31": -882.8359, "2017-09-30": 1321.568, "2017-06-30": 133.46, "2017-03-31": "141.33900", "2016-12-31": 117.55, "2016-09-30": -441.938, "2016-06-30": -501.8, "2016-03-31": "-324.62700", "2015-12-31": -1500.0611, "2015-09-30": -410.8458, "2015-06-30": -475.5971, "2015-03-31": "237.57700", "2014-12-31": -472.698, "2014-09-30": -658.041, "2014-06-30": -998.25, "2014-03-31": "-871.23600", "2013-12-31": -545.87, "2013-09-30": -999.366, "2013-06-30": 228.804, "2013-03-31": "-706.19300", "2012-12-31": -394.147, "2012-09-30": -265.181, "2012-06-30": 199.725, "2012-03-31": "-904.36400", "2011-12-31": -296.365, "2011-09-30": -538.255, "2011-06-30": -459.439, "2011-03-31": "-193.96600", "2010-12-31": 38.291, "2010-09-30": 145.11, "2010-06-30": -96.486, "2010-03-31": "86.54400", "2009-12-31": -298.226, "2009-09-30": -272.825, "2009-06-30": -486.811, "2009-03-31": "-103.62200", "2008-12-31": -685.921, "2008-09-30": -587.982, "2008-06-30": -417.642, "2008-03-31": "-215.41700", "2007-12-31": -695.657, "2007-09-30": 123.08, "2007-06-30": 1431.957, "2007-03-31": "366.12900", "2006-12-31": 103.163, "2006-09-30": -308.713, "2006-06-30": -95.418, "2006-03-31": "-1113.99000", "2005-12-31": -917.582, "2005-09-30": 1.822, "2005-06-30": -1328.034, "2005-03-31": "-1128.07500"}, "Cash Flow From Investing Activities": {"2020-12-31": 375.686, "2020-09-30": -602.164, "2020-06-30": 330.774, "2020-03-31": "-104.29600", "2019-12-31": -1211.948, "2019-09-30": -149.339, "2019-06-30": -330.067, "2019-03-31": "-367.55300", "2018-12-31": -1137.596, "2018-09-30": -1063.754, "2018-06-30": -1353.343, "2018-03-31": "-465.77300", "2017-12-31": -1421.341, "2017-09-30": 1461.17, "2017-06-30": 754.224, "2017-03-31": "267.68700", "2016-12-31": 89.312, "2016-09-30": -277.909, "2016-06-30": -333.757, "2016-03-31": "1740.51900", "2015-12-31": -1033.989, "2015-09-30": -384.809, "2015-06-30": -396.282, "2015-03-31": "417.92100", "2014-12-31": -66.648, "2014-09-30": -342.626, "2014-06-30": -876.827, "2014-03-31": "-859.74100", "2013-12-31": -1437.302, "2013-09-30": -2221.395, "2013-06-30": -275.91, "2013-03-31": "-1238.70400", "2012-12-31": -172.2, "2012-09-30": -1192.787, "2012-06-30": 892.189, "2012-03-31": "-1257.87000", "2011-12-31": 259.579, "2011-09-30": -36.087, "2011-06-30": -1238.946, "2011-03-31": "-195.52200", "2010-12-31": -56.791, "2010-09-30": 137.481, "2010-06-30": 749.555, "2010-03-31": "468.89400", "2009-12-31": 4213.964, "2009-09-30": -75.916, "2009-06-30": -430.88, "2009-03-31": "40.62600", "2008-12-31": -503.032, "2008-09-30": -1122.255, "2008-06-30": -358.701, "2008-03-31": "-134.27300", "2007-12-31": -437.993, "2007-09-30": 305.255, "2007-06-30": 1575.67, "2007-03-31": "572.72800", "2006-12-31": 357.516, "2006-09-30": -177.447, "2006-06-30": 781.452, "2006-03-31": "-930.79600", "2005-12-31": -669.736, "2005-09-30": 279.122, "2005-06-30": -670.146, "2005-03-31": "-691.43100"}, "Net Long-Term Debt": {"2020-12-31": 450, "2020-09-30": 550, "2020-06-30": -25, "2020-03-31": "-975.00000", "2019-12-31": -169, "2019-09-30": 543.992, "2019-06-30": -176, "2019-03-31": "-950.18000", "2018-12-31": 367.268, "2018-09-30": 46.5, "2018-06-30": 450, "2018-03-31": "430.00000", "2017-12-31": 550, "2017-09-30": 0, "2017-06-30": -850, "2017-03-31": "", "2016-12-31": 1000, "2016-09-30": 0, "2016-06-30": 181, "2016-03-31": "", "2015-12-31": 54.2204, "2015-09-30": 297.862, "2015-06-30": 202.821, "2015-03-31": "198.91500", "2014-12-31": -105.625, "2014-09-30": -1.954, "2014-06-30": -1.514, "2014-03-31": "-1.52200", "2013-12-31": -1.5401, "2013-09-30": -51.575, "2013-06-30": -711.551, "2013-03-31": "-26.62300", "2012-12-31": -121.194, "2012-09-30": -2.227, "2012-06-30": -92.512, "2012-03-31": "-2.28900", "2011-12-31": -516.664, "2011-09-30": -102.207, "2011-06-30": -2.278, "2011-03-31": "-16.55400", "2010-12-31": -259.062, "2010-09-30": -371.306, "2010-06-30": -209.366, "2010-03-31": "-333.34000", "2009-12-31": -900.546, "2009-09-30": -522.53, "2009-06-30": 512.396, "2009-03-31": "49.89700", "2008-12-31": 484.299, "2008-09-30": -99.182, "2008-06-30": -741.574, "2008-03-31": "-75.43000", "2007-12-31": 896.561, "2007-09-30": 236.796, "2007-06-30": -477.831, "2007-03-31": "-254.82700", "2006-12-31": 1191.944, "2006-09-30": 25.202, "2006-06-30": -571.816, "2006-03-31": "596.68900", "2005-12-31": 196.816, "2005-09-30": 185.616, "2005-06-30": -352.417, "2005-03-31": "276.62600"}, "Net Current Debt": {"2020-12-31": -1575, "2020-09-30": 125, "2020-06-30": 100, "2020-03-31": "1350.00000", "2019-12-31": 1100, "2019-09-30": 0, "2019-06-30": 0, "2019-03-31": "", "2018-12-31": 0, "2018-09-30": 0, "2018-06-30": 0, "2018-03-31": "", "2017-12-31": 0, "2017-09-30": 0, "2017-06-30": 0, "2017-03-31": "-460.00000", "2016-12-31": -1328.5, "2016-09-30": 93.6, "2016-06-30": 382.3, "2016-03-31": "-2403.70000", "2015-12-31": 970.4, "2015-09-30": 414.5, "2015-06-30": 544.2, "2015-03-31": "-1161.00000", "2014-12-31": -64.8, "2014-09-30": -902.8, "2014-06-30": 475.8, "2014-03-31": "-276.10000", "2013-12-31": 541.1, "2013-09-30": 1625, "2013-06-30": 525, "2013-03-31": "-225.00000", "2012-12-31": -50, "2012-09-30": 1015, "2012-06-30": -1595, "2012-03-31": "318.00000", "2011-12-31": 1062, "2011-09-30": 500, "2011-06-30": 0, "2011-03-31": "-500.00000", "2010-12-31": 200, "2010-09-30": 300, "2010-06-30": 0, "2010-03-31": "", "2009-12-31": -1379.5, "2009-09-30": 366.6, "2009-06-30": -159.9, "2009-03-31": "159.90000", "2008-12-31": -307.1, "2008-09-30": 298.9, "2008-06-30": 1021.1, "2008-03-31": "", "2007-12-31": -308.2, "2007-09-30": 145.7, "2007-06-30": 0, "2007-03-31": "-145.70000", "2006-12-31": -407.38, "2006-09-30": 0, "2006-06-30": 0, "2006-03-31": "", "2005-12-31": 0, "2005-09-30": 0, "2005-06-30": 0, "2005-03-31": ""}, "Debt Issuance/Retirement Net - Total": {"2020-12-31": -1125, "2020-09-30": 675, "2020-06-30": 75, "2020-03-31": "375.00000", "2019-12-31": 931, "2019-09-30": 543.992, "2019-06-30": -176, "2019-03-31": "-950.18000", "2018-12-31": 367.268, "2018-09-30": 46.5, "2018-06-30": 450, "2018-03-31": "430.00000", "2017-12-31": 550, "2017-09-30": 0, "2017-06-30": -850, "2017-03-31": "-460.00000", "2016-12-31": -328.5, "2016-09-30": 93.6, "2016-06-30": 563.3, "2016-03-31": "-2403.70000", "2015-12-31": 1024.62, "2015-09-30": 712.362, "2015-06-30": 747.021, "2015-03-31": "-962.08500", "2014-12-31": -170.425, "2014-09-30": -904.754, "2014-06-30": 474.286, "2014-03-31": "-277.62200", "2013-12-31": 539.56, "2013-09-30": 1573.425, "2013-06-30": -186.551, "2013-03-31": "-251.62300", "2012-12-31": -171.194, "2012-09-30": 1012.773, "2012-06-30": -1687.512, "2012-03-31": "315.71100", "2011-12-31": 545.336, "2011-09-30": 397.793, "2011-06-30": -2.278, "2011-03-31": "-516.55400", "2010-12-31": -59.062, "2010-09-30": -71.306, "2010-06-30": -209.366, "2010-03-31": "-333.34000", "2009-12-31": -2280.046, "2009-09-30": -155.93, "2009-06-30": 352.496, "2009-03-31": "209.79700", "2008-12-31": 177.1991, "2008-09-30": 199.7181, "2008-06-30": 279.5259, "2008-03-31": "-75.43000", "2007-12-31": 588.361, "2007-09-30": 382.496, "2007-06-30": -477.831, "2007-03-31": "-400.52700", "2006-12-31": 784.564, "2006-09-30": 25.202, "2006-06-30": -571.816, "2006-03-31": "596.68900", "2005-12-31": 196.816, "2005-09-30": 185.616, "2005-06-30": -352.417, "2005-03-31": "276.62600"}, "Net Common Equity Issued/Repurchased": {"2020-12-31": 59.002, "2020-09-30": -0.289, "2020-06-30": -21.554, "2020-03-31": "-37.15900", "2019-12-31": -0.048, "2019-09-30": -0.345, "2019-06-30": -0.039, "2019-03-31": "-74.78800", "2018-12-31": -160.821, "2018-09-30": -0.42, "2018-06-30": -0.293, "2018-03-31": "-1.71500", "2017-12-31": -7.485, "2017-09-30": -0.344, "2017-06-30": -0.502, "2017-03-31": "-10.13200", "2016-12-31": -0.135, "2016-09-30": -0.206, "2016-06-30": -0.114, "2016-03-31": "-8.22200", "2015-12-31": 629.661, "2015-09-30": -0.317, "2015-06-30": -0.115, "2015-03-31": "-6.56700", "2014-12-31": -0.941, "2014-09-30": -0.178, "2014-06-30": -0.077, "2014-03-31": "-6.02700", "2013-12-31": -0.968, "2013-09-30": 0.113, "2013-06-30": -0.059, "2013-03-31": "-4.07900", "2012-12-31": -0.809, "2012-09-30": -0.159, "2012-06-30": -0.129, "2012-03-31": "-2.42500", "2011-12-31": -0.927, "2011-09-30": -0.092, "2011-06-30": 0.923, "2011-03-31": "-0.08100", "2010-12-31": 0.05, "2010-09-30": 0.551, "2010-06-30": -0.086, "2010-03-31": "29.80200", "2009-12-31": 947.902, "2009-09-30": 64.637, "2009-06-30": -0.638, "2009-03-31": "-0.59900", "2008-12-31": 0.101, "2008-09-30": 2.789, "2008-06-30": 345.221, "2008-03-31": "3.94800", "2007-12-31": 3.226, "2007-09-30": 14.503, "2007-06-30": 11.43, "2007-03-31": "14.73700", "2006-12-31": 2.301, "2006-09-30": 0.571, "2006-06-30": 396.876, "2006-03-31": "12.13900", "2005-12-31": 1.657, "2005-09-30": 5.114, "2005-06-30": 3.021, "2005-03-31": "1.01500"}, "Net Total Equity Issued/Repurchased": {"2020-12-31": 59.002, "2020-09-30": -0.289, "2020-06-30": -21.554, "2020-03-31": "-37.15900", "2019-12-31": -0.048, "2019-09-30": -0.345, "2019-06-30": -0.039, "2019-03-31": "-74.78800", "2018-12-31": -160.821, "2018-09-30": -0.42, "2018-06-30": -0.293, "2018-03-31": "-1.71500", "2017-12-31": -7.485, "2017-09-30": -0.344, "2017-06-30": -0.778, "2017-03-31": "492.98400", "2016-12-31": -0.135, "2016-09-30": -0.206, "2016-06-30": -0.114, "2016-03-31": "-8.22200", "2015-12-31": 629.661, "2015-09-30": -0.317, "2015-06-30": -0.115, "2015-03-31": "-6.56700", "2014-12-31": -0.941, "2014-09-30": -0.178, "2014-06-30": -0.077, "2014-03-31": "-6.02700", "2013-12-31": -0.968, "2013-09-30": 0.113, "2013-06-30": -0.059, "2013-03-31": "-4.07900", "2012-12-31": -0.809, "2012-09-30": -0.159, "2012-06-30": -0.129, "2012-03-31": "-2.42500", "2011-12-31": -0.927, "2011-09-30": -0.092, "2011-06-30": 0.923, "2011-03-31": "-0.08100", "2010-12-31": 0.05, "2010-09-30": 0.551, "2010-06-30": -0.086, "2010-03-31": "29.80200", "2009-12-31": 947.902, "2009-09-30": 64.637, "2009-06-30": -0.638, "2009-03-31": "-0.59900", "2008-12-31": 0.101, "2008-09-30": 2.789, "2008-06-30": 345.221, "2008-03-31": "3.94800", "2007-12-31": 3.226, "2007-09-30": 14.503, "2007-06-30": 11.43, "2007-03-31": "14.73700", "2006-12-31": 2.301, "2006-09-30": 0.571, "2006-06-30": 396.876, "2006-03-31": "12.13900", "2005-12-31": 1.657, "2005-09-30": 5.114, "2005-06-30": 3.021, "2005-03-31": "1.01500"}, "Total Common And Preferred Stock Dividends Paid": {"2020-12-31": 261.472, "2020-09-30": -86.966, "2020-06-30": -86.967, "2020-03-31": "-87.53900", "2019-12-31": -87.558, "2019-09-30": -87.56, "2019-06-30": -87.557, "2019-03-31": "-87.54700", "2018-12-31": -91.3, "2018-09-30": -91.568, "2018-06-30": -91.572, "2018-03-31": "-91.44900", "2017-12-31": -91.26, "2017-09-30": -91.27, "2017-06-30": -91.271, "2017-03-31": "-82.96700", "2016-12-31": -82.729, "2016-09-30": -82.734, "2016-06-30": -82.729, "2016-03-31": "-82.61800", "2015-12-31": -121.144, "2015-09-30": -110.988, "2015-06-30": -110.998, "2015-03-31": "-110.85100", "2014-12-31": -110.577, "2014-09-30": -110.579, "2014-06-30": -110.587, "2014-03-31": "-110.46100", "2013-12-31": -110.136, "2013-09-30": -110.138, "2013-06-30": -110.138, "2013-03-31": "-109.89600", "2012-12-31": -109.66, "2012-09-30": -109.662, "2012-06-30": -109.663, "2012-03-31": "-109.55400", "2011-12-31": -109.257, "2011-09-30": -109.26, "2011-06-30": -109.243, "2011-03-31": "-109.15400", "2010-12-31": -108.754, "2010-09-30": -108.742, "2010-06-30": -108.713, "2010-03-31": "-108.15700", "2009-12-31": -89.352, "2009-09-30": -86.089, "2009-06-30": -86.034, "2009-03-31": "-86.07900", "2008-12-31": -85.803, "2008-09-30": -85.68, "2008-06-30": -81.099, "2008-03-31": "-80.92700", "2007-12-31": -80.563, "2007-09-30": -78.142, "2007-06-30": -77.991, "2007-03-31": "-73.50900", "2006-12-31": -73.352, "2006-09-30": -73.224, "2006-06-30": -73.245, "2006-03-31": "-66.95200", "2005-12-31": -65.36, "2005-09-30": -65.299, "2005-06-30": -65.224, "2005-03-31": "-65.18000"}, "Financial Activities - Other": {"2020-12-31": -47.809, "2020-09-30": -24.64, "2020-06-30": -243.185, "2020-03-31": "315.63400", "2019-12-31": 84.956, "2019-09-30": -760.35, "2019-06-30": 731.401, "2019-03-31": "836.69500", "2018-12-31": 445.146, "2018-09-30": 763.439, "2018-06-30": 320.411, "2018-03-31": "133.27100", "2017-12-31": 208.966, "2017-09-30": -0.368, "2017-06-30": 167.019, "2017-03-31": "-161.35700", "2016-12-31": -251.696, "2016-09-30": 256.607, "2016-06-30": -99.32, "2016-03-31": "555.55400", "2015-12-31": 146.718, "2015-09-30": -316.321, "2015-06-30": -333.536, "2015-03-31": "603.64900", "2014-12-31": 21.619, "2014-09-30": 955.852, "2014-06-30": 599.426, "2014-03-31": "1094.07000", "2013-12-31": 352.537, "2013-09-30": 21.971, "2013-06-30": -189.432, "2013-03-31": "600.08700", "2012-12-31": 304.623, "2012-09-30": -474.651, "2012-06-30": 2056.175, "2012-03-31": "666.30900", "2011-12-31": -478.356, "2011-09-30": 955.202, "2011-06-30": -399.822, "2011-03-31": "390.73400", "2010-12-31": -417.523, "2010-09-30": -215.847, "2010-06-30": -287.107, "2010-03-31": "24.82500", "2009-12-31": -381.692, "2009-09-30": 116.293, "2009-06-30": 101.251, "2009-03-31": "-121.49700", "2008-12-31": 55.092, "2008-09-30": 860.556, "2008-06-30": -209.827, "2008-03-31": "435.60000", "2007-12-31": -1018.448, "2007-09-30": -528.363, "2007-06-30": -360.849, "2007-03-31": "-125.42600", "2006-12-31": -1179.698, "2006-09-30": 187.748, "2006-06-30": -564.443, "2006-03-31": "274.19400", "2005-12-31": 507.033, "2005-09-30": -375.983, "2005-06-30": 901.423, "2005-03-31": "254.32200"}, "Cash Flow From Financial Activities": {"2020-12-31": -852.335, "2020-09-30": 563.105, "2020-06-30": -276.706, "2020-03-31": "565.93600", "2019-12-31": 928.35, "2019-09-30": -304.263, "2019-06-30": 467.805, "2019-03-31": "-275.82000", "2018-12-31": 560.293, "2018-09-30": 717.951, "2018-06-30": 678.546, "2018-03-31": "470.10700", "2017-12-31": 660.221, "2017-09-30": -91.982, "2017-06-30": -775.03, "2017-03-31": "-211.34000", "2016-12-31": -663.06, "2016-09-30": 267.267, "2016-06-30": 381.137, "2016-03-31": "-1938.98600", "2015-12-31": 1679.855, "2015-09-30": 284.736, "2015-06-30": 302.372, "2015-03-31": "-475.85400", "2014-12-31": -260.324, "2014-09-30": -59.659, "2014-06-30": 963.048, "2014-03-31": "699.96000", "2013-12-31": 780.993, "2013-09-30": 1485.371, "2013-06-30": -486.18, "2013-03-31": "234.48900", "2012-12-31": 22.96, "2012-09-30": 428.301, "2012-06-30": 258.871, "2012-03-31": "870.04100", "2011-12-31": -43.204, "2011-09-30": 1243.643, "2011-06-30": -510.42, "2011-03-31": "-235.05500", "2010-12-31": -585.289, "2010-09-30": -395.344, "2010-06-30": -605.272, "2010-03-31": "-386.87000", "2009-12-31": -1803.188, "2009-09-30": -61.089, "2009-06-30": 367.075, "2009-03-31": "1.62200", "2008-12-31": 146.589, "2008-09-30": 977.383, "2008-06-30": 333.821, "2008-03-31": "283.19100", "2007-12-31": -507.424, "2007-09-30": -209.506, "2007-06-30": -905.241, "2007-03-31": "-584.72500", "2006-12-31": -466.185, "2006-09-30": 140.297, "2006-06-30": -812.628, "2006-03-31": "816.07000", "2005-12-31": 640.146, "2005-09-30": -250.552, "2005-06-30": 486.803, "2005-03-31": "466.78300"}, "Net Cash Flow": {"2020-12-31": -716.771, "2020-09-30": 54.114, "2020-06-30": 70.321, "2020-03-31": "592.33600", "2019-12-31": -112.808, "2019-09-30": -373.617, "2019-06-30": 238.276, "2019-03-31": "-484.93600", "2018-12-31": -256.799, "2018-09-30": -472.643, "2018-06-30": -476.375, "2018-03-31": "152.60300", "2017-12-31": -749.258, "2017-09-30": 2147.581, "2017-06-30": 145.55, "2017-03-31": "426.44600", "2016-12-31": -213.932, "2016-09-30": 97.493, "2016-06-30": 23.409, "2016-03-31": "113.20600", "2015-12-31": -48.12, "2015-09-30": -2.924, "2015-06-30": 6.16, "2015-03-31": "18.40800", "2014-12-31": -98.387, "2014-09-30": -6.413, "2014-06-30": -3.922, "2014-03-31": "28.32200", "2013-12-31": -609.012, "2013-09-30": -66.148, "2013-06-30": -735.348, "2013-03-31": "-372.20000", "2012-12-31": -111.032, "2012-09-30": -622.383, "2012-06-30": 804.889, "2012-03-31": "354.04700", "2011-12-31": 405.057, "2011-09-30": 886.567, "2011-06-30": -1641.616, "2011-03-31": "424.18700", "2010-12-31": -310.615, "2010-09-30": -379.234, "2010-06-30": 69.502, "2010-03-31": "-122.96800", "2009-12-31": 2517.019, "2009-09-30": -8.926, "2009-06-30": -4.517, "2009-03-31": "-35.93500", "2008-12-31": -73.214, "2008-09-30": -3.695, "2008-06-30": -272.126, "2008-03-31": "216.50800", "2007-12-31": -943.879, "2007-09-30": 199.588, "2007-06-30": 833.006, "2007-03-31": "16.26900", "2006-12-31": -39.048, "2006-09-30": 27.176, "2006-06-30": 50.653, "2006-03-31": "-39.82500", "2005-12-31": 26.916, "2005-09-30": -32.267, "2005-06-30": 39.286, "2005-03-31": "9.01800"}, "Stock-Based Compensation": {"2020-12-31": -24.613, "2020-09-30": 8.305, "2020-06-30": 8.057, "2020-03-31": "8.25100", "2019-12-31": 8.111, "2019-09-30": 8.124, "2019-06-30": 7.903, "2019-03-31": "7.91000", "2018-12-31": 8.191, "2018-09-30": 9.355, "2018-06-30": 8.952, "2018-03-31": "9.76200", "2017-12-31": 8.746, "2017-09-30": 9.088, "2017-06-30": 9.463, "2017-03-31": "8.73200", "2016-12-31": 8.05, "2016-09-30": 8.244, "2016-06-30": 8.16, "2016-03-31": "8.20700", "2015-12-31": 7.611, "2015-09-30": 7.967, "2015-06-30": 7.462, "2015-03-31": "7.16500", "2014-12-31": 6.734, "2014-09-30": 6.778, "2014-06-30": 7.278, "2014-03-31": "6.66400", "2013-12-31": 5.621, "2013-09-30": 5.663, "2013-06-30": 5.426, "2013-03-31": "5.53700", "2012-12-31": 5.207, "2012-09-30": 5.139, "2012-06-30": 5.266, "2012-03-31": "5.10900", "2011-12-31": 4.639, "2011-09-30": 4.177, "2011-06-30": 4.307, "2011-03-31": "3.61200", "2010-12-31": 3.88, "2010-09-30": 3.822, "2010-06-30": 4.005, "2010-03-31": "4.05700", "2009-12-31": 3.354, "2009-09-30": 3.219, "2009-06-30": 3.194, "2009-03-31": "3.48500", "2008-12-31": 3.236, "2008-09-30": 3.557, "2008-06-30": 3.749, "2008-03-31": "3.13800", "2007-12-31": 5.143, "2007-09-30": 2.871, "2007-06-30": 2.64, "2007-03-31": "1.59800", "2006-12-31": 7.312, "2006-09-30": 1.556, "2006-06-30": 1.569, "2006-03-31": "1.61500", "2005-12-31": 38.243, "2005-09-30": 1.774, "2005-06-30": 1.792, "2005-03-31": "1.84400"}, "Common Stock Dividends Paid": {"2020-12-31": 236.851, "2020-09-30": -78.759, "2020-06-30": -78.76, "2020-03-31": "-79.33200", "2019-12-31": -79.351, "2019-09-30": -79.353, "2019-06-30": -79.35, "2019-03-31": "-79.34000", "2018-12-31": -83.093, "2018-09-30": -83.361, "2018-06-30": -83.365, "2018-03-31": "-83.24200", "2017-12-31": -83.053, "2017-09-30": -83.063, "2017-06-30": -83.064, "2017-03-31": "-82.96700", "2016-12-31": -82.729, "2016-09-30": -82.734, "2016-06-30": -82.729, "2016-03-31": "-82.61800", "2015-12-31": -121.144, "2015-09-30": -110.988, "2015-06-30": -110.998, "2015-03-31": "-110.85100", "2014-12-31": -110.577, "2014-09-30": -110.579, "2014-06-30": -110.587, "2014-03-31": "-110.46100", "2013-12-31": -110.136, "2013-09-30": -110.138, "2013-06-30": -110.138, "2013-03-31": "-109.89600", "2012-12-31": -109.66, "2012-09-30": -109.662, "2012-06-30": -109.663, "2012-03-31": "-109.55400", "2011-12-31": -109.257, "2011-09-30": -109.26, "2011-06-30": -109.243, "2011-03-31": "-109.15400", "2010-12-31": -108.754, "2010-09-30": -108.742, "2010-06-30": -108.713, "2010-03-31": "-108.15700", "2009-12-31": -89.352, "2009-09-30": -86.089, "2009-06-30": -86.034, "2009-03-31": "-86.07900", "2008-12-31": -85.803, "2008-09-30": -85.68, "2008-06-30": -81.099, "2008-03-31": "-80.92700", "2007-12-31": -80.563, "2007-09-30": -78.142, "2007-06-30": -77.991, "2007-03-31": "-73.50900", "2006-12-31": -73.352, "2006-09-30": -73.224, "2006-06-30": -73.245, "2006-03-31": "-66.95200", "2005-12-31": -65.36, "2005-09-30": -65.299, "2005-06-30": -65.224, "2005-03-31": "-65.18000"}}, "financial ratios": {"Current Ratio": {"2019-12-31": "", "2018-12-31": "", "2017-12-31": "", "2016-12-31": "", "2015-12-31": "", "2014-12-31": "", "2013-12-31": "", "2012-12-31": "", "2011-12-31": "", "2010-12-31": "", "2009-12-31": "", "2008-12-31": "", "2007-12-31": "", "2006-12-31": "", "2005-12-31": ""}, "Long-term Debt / Capital": {"2019-12-31": "0.68440", "2018-12-31": "0.68100", "2017-12-31": "0.65520", "2016-12-31": "0.69070", "2015-12-31": "0.72630", "2014-12-31": "0.71100", "2013-12-31": "0.72480", "2012-12-31": "0.70370", "2011-12-31": "0.71500", "2010-12-31": "0.71010", "2009-12-31": "0.72520", "2008-12-31": "0.76180", "2007-12-31": "0.75650", "2006-12-31": "0.76410", "2005-12-31": "0.76110"}, "Debt/Equity Ratio": {"2019-12-31": "2.16900", "2018-12-31": "2.13480", "2017-12-31": "1.90040", "2016-12-31": "2.23280", "2015-12-31": "2.65360", "2014-12-31": "2.46060", "2013-12-31": "2.63350", "2012-12-31": "2.37440", "2011-12-31": "2.50830", "2010-12-31": "2.44940", "2009-12-31": "2.63930", "2008-12-31": "3.19880", "2007-12-31": "3.10690", "2006-12-31": "3.24540", "2005-12-31": "3.19870"}, "Gross Margin": {"2019-12-31": "", "2018-12-31": "", "2017-12-31": "", "2016-12-31": "", "2015-12-31": "", "2014-12-31": "", "2013-12-31": "", "2012-12-31": "", "2011-12-31": "", "2010-12-31": "", "2009-12-31": "", "2008-12-31": "", "2007-12-31": "", "2006-12-31": "", "2005-12-31": ""}, "Operating Margin": {"2019-12-31": "", "2018-12-31": "", "2017-12-31": "", "2016-12-31": "", "2015-12-31": "", "2014-12-31": "", "2013-12-31": "", "2012-12-31": "", "2011-12-31": "", "2010-12-31": "", "2009-12-31": "", "2008-12-31": "", "2007-12-31": "", "2006-12-31": "", "2005-12-31": ""}, "EBIT Margin": {"2019-12-31": "", "2018-12-31": "", "2017-12-31": "", "2016-12-31": "", "2015-12-31": "", "2014-12-31": "", "2013-12-31": "", "2012-12-31": "", "2011-12-31": "", "2010-12-31": "", "2009-12-31": "", "2008-12-31": "", "2007-12-31": "", "2006-12-31": "", "2005-12-31": ""}, "EBITDA Margin": {"2019-12-31": "", "2018-12-31": "", "2017-12-31": "", "2016-12-31": "", "2015-12-31": "", "2014-12-31": "", "2013-12-31": "", "2012-12-31": "", "2011-12-31": "", "2010-12-31": "", "2009-12-31": "", "2008-12-31": "", "2007-12-31": "", "2006-12-31": "", "2005-12-31": ""}, "Pre-Tax Profit Margin": {"2019-12-31": "50.58430", "2018-12-31": "50.49990", "2017-12-31": "51.02280", "2016-12-31": "54.39130", "2015-12-31": "-20.82740", "2014-12-31": "56.82080", "2013-12-31": "55.15120", "2012-12-31": "56.00380", "2011-12-31": "55.01110", "2010-12-31": "59.18590", "2009-12-31": "59.31700", "2008-12-31": "7.87240", "2007-12-31": "55.26210", "2006-12-31": "53.60250", "2005-12-31": "64.16600"}, "Net Profit Margin": {"2019-12-31": "35.01270", "2018-12-31": "35.27940", "2017-12-31": "33.71760", "2016-12-31": "34.67320", "2015-12-31": "-7.43970", "2014-12-31": "35.42520", "2013-12-31": "34.88180", "2012-12-31": "35.60020", "2011-12-31": "35.67840", "2010-12-31": "38.23490", "2009-12-31": "39.86600", "2008-12-31": "11.39780", "2007-12-31": "38.35540", "2006-12-31": "35.75170", "2005-12-31": "42.14380"}, "Asset Turnover": {"2019-12-31": "0.01930", "2018-12-31": "0.02130", "2017-12-31": "0.02670", "2016-12-31": "0.02920", "2015-12-31": "0.01260", "2014-12-31": "0.02800", "2013-12-31": "0.02900", "2012-12-31": "0.03160", "2011-12-31": "0.03180", "2010-12-31": "0.03440", "2009-12-31": "0.02370", "2008-12-31": "0.02100", "2007-12-31": "0.02380", "2006-12-31": "0.02280", "2005-12-31": "0.02640"}, "Inventory Turnover Ratio": {"2019-12-31": "", "2018-12-31": "", "2017-12-31": "", "2016-12-31": "", "2015-12-31": "", "2014-12-31": "", "2013-12-31": "", "2012-12-31": "", "2011-12-31": "", "2010-12-31": "", "2009-12-31": "", "2008-12-31": "", "2007-12-31": "", "2006-12-31": "", "2005-12-31": ""}, "Receiveable Turnover": {"2019-12-31": "", "2018-12-31": "", "2017-12-31": "", "2016-12-31": "", "2015-12-31": "", "2014-12-31": "", "2013-12-31": "", "2012-12-31": "", "2011-12-31": "", "2010-12-31": "", "2009-12-31": "", "2008-12-31": "", "2007-12-31": "", "2006-12-31": "", "2005-12-31": ""}, "Days Sales In Receivables": {"2019-12-31": "", "2018-12-31": "", "2017-12-31": "", "2016-12-31": "", "2015-12-31": "", "2014-12-31": "", "2013-12-31": "", "2012-12-31": "", "2011-12-31": "", "2010-12-31": "", "2009-12-31": "", "2008-12-31": "", "2007-12-31": "", "2006-12-31": "", "2005-12-31": ""}, "ROE - Return On Equity": {"2019-12-31": "6.36260", "2018-12-31": "6.86590", "2017-12-31": "7.40880", "2016-12-31": "8.08950", "2015-12-31": "-0.79460", "2014-12-31": "8.39520", "2013-12-31": "8.29110", "2012-12-31": "8.85930", "2011-12-31": "8.62490", "2010-12-31": "9.79000", "2009-12-31": "7.42790", "2008-12-31": "1.84590", "2007-12-31": "6.67290", "2006-12-31": "6.30340", "2005-12-31": "8.78480"}, "Return On Tangible Equity": {"2019-12-31": "9.21850", "2018-12-31": "10.01200", "2017-12-31": "10.70950", "2016-12-31": "14.34410", "2015-12-31": "-1.45170", "2014-12-31": "15.60540", "2013-12-31": "15.63130", "2012-12-31": "16.46540", "2011-12-31": "16.21260", "2010-12-31": "18.62400", "2009-12-31": "14.11270", "2008-12-31": "4.59470", "2007-12-31": "17.08190", "2006-12-31": "16.20410", "2005-12-31": "23.22460"}, "ROA - Return On Assets": {"2019-12-31": "0.73650", "2018-12-31": "0.81390", "2017-12-31": "0.94900", "2016-12-31": "1.01250", "2015-12-31": "-0.09370", "2014-12-31": "0.99960", "2013-12-31": "1.01860", "2012-12-31": "1.13510", "2011-12-31": "1.14230", "2010-12-31": "1.31340", "2009-12-31": "0.94570", "2008-12-31": "0.23990", "2007-12-31": "0.91260", "2006-12-31": "0.81660", "2005-12-31": "1.11130"}, "ROI - Return On Investment": {"2019-12-31": "1.85730", "2018-12-31": "2.02470", "2017-12-31": "2.36540", "2016-12-31": "2.50240", "2015-12-31": "-0.21750", "2014-12-31": "2.42600", "2013-12-31": "2.28180", "2012-12-31": "2.62550", "2011-12-31": "2.45840", "2010-12-31": "2.83810", "2009-12-31": "2.04100", "2008-12-31": "0.43960", "2007-12-31": "1.62480", "2006-12-31": "1.48670", "2005-12-31": "2.09880"}, "Book Value Per Share": {"2019-12-31": "14.36130", "2018-12-31": "14.05430", "2017-12-31": "13.91100", "2016-12-31": "12.57350", "2015-12-31": "12.23790", "2014-12-31": "13.06370", "2013-12-31": "13.01170", "2012-12-31": "12.88290", "2011-12-31": "12.72610", "2010-12-31": "12.68510", "2009-12-31": "12.38910", "2008-12-31": "12.23020", "2007-12-31": "12.91580", "2006-12-31": "12.49310", "2005-12-31": "12.32450"}, "Operating Cash Flow Per Share": {"2019-12-31": -0.0142, "2018-12-31": -1.6149, "2017-12-31": 1.1662, "2016-12-31": 2.494, "2015-12-31": -2.5746, "2014-12-31": -1.4942, "2013-12-31": 1.8164, "2012-12-31": -0.5875, "2011-12-31": 2.0641, "2010-12-31": -0.7727, "2009-12-31": -0.1177, "2008-12-31": -0.2272, "2007-12-31": -0.0584, "2006-12-31": -0.7064, "2005-12-31": 1.7218}, "Free Cash Flow Per Share": {"2019-12-31": 0.0259, "2018-12-31": -1.5781, "2017-12-31": 1.2827, "2016-12-31": 2.398, "2015-12-31": -2.4854, "2014-12-31": -1.5762, "2013-12-31": 1.8203, "2012-12-31": -0.5827, "2011-12-31": 2.0829, "2010-12-31": -0.8639, "2009-12-31": -0.0713, "2008-12-31": -0.5879, "2007-12-31": 0.2751, "2006-12-31": -0.7678, "2005-12-31": 1.743}}, "financial ratios, quarterly": {"Current Ratio": {"2020-09-30": "", "2020-06-30": "", "2020-03-31": "", "2019-12-31": "", "2019-09-30": "", "2019-06-30": "", "2019-03-31": "", "2018-12-31": "", "2018-09-30": "", "2018-06-30": "", "2018-03-31": "", "2017-12-31": "", "2017-09-30": "", "2017-06-30": "", "2017-03-31": "", "2016-12-31": "", "2016-09-30": "", "2016-06-30": "", "2016-03-31": "", "2015-12-31": "", "2015-09-30": "", "2015-06-30": "", "2015-03-31": "", "2014-12-31": "", "2014-09-30": "", "2014-06-30": "", "2014-03-31": "", "2013-12-31": "", "2013-09-30": "", "2013-06-30": "", "2013-03-31": "", "2012-12-31": "", "2012-09-30": "", "2012-06-30": "", "2012-03-31": "", "2011-12-31": "", "2011-09-30": "", "2011-06-30": "", "2011-03-31": "", "2010-12-31": "", "2010-09-30": "", "2010-06-30": "", "2010-03-31": "", "2009-12-31": "", "2009-09-30": "", "2009-06-30": "", "2009-03-31": "", "2008-12-31": "", "2008-09-30": "", "2008-06-30": "", "2008-03-31": "", "2007-12-31": "", "2007-09-30": "", "2007-06-30": "", "2007-03-31": "", "2006-12-31": "", "2006-09-30": "", "2006-06-30": "", "2006-03-31": "", "2005-12-31": "", "2005-09-30": "", "2005-06-30": "", "2005-03-31": ""}, "Long-term Debt / Capital": {"2020-09-30": "0.69960", "2020-06-30": "0.69160", "2020-03-31": "0.69230", "2019-12-31": "0.68440", "2019-09-30": "0.67050", "2019-06-30": "0.66220", "2019-03-31": "0.66670", "2018-12-31": "0.68100", "2018-09-30": "0.67070", "2018-06-30": "0.67020", "2018-03-31": "0.66310", "2017-12-31": "0.65520", "2017-09-30": "0.64650", "2017-06-30": "0.64740", "2017-03-31": "0.66530", "2016-12-31": "0.69070", "2016-09-30": "0.69690", "2016-06-30": "0.69720", "2016-03-31": "0.69040", "2015-12-31": "0.72630", "2015-09-30": "0.71650", "2015-06-30": "0.70670", "2015-03-31": "0.69600", "2014-12-31": "0.71100", "2014-09-30": "0.71360", "2014-06-30": "0.72650", "2014-03-31": "0.72080", "2013-12-31": "0.72480", "2013-09-30": "0.71880", "2013-06-30": "0.69550", "2013-03-31": "0.69930", "2012-12-31": "0.70370", "2012-09-30": "0.70680", "2012-06-30": "0.69170", "2012-03-31": "0.71900", "2011-12-31": "0.71500", "2011-09-30": "0.70650", "2011-06-30": "0.70070", "2011-03-31": "0.70150", "2010-12-31": "0.71010", "2010-09-30": "0.71210", "2010-06-30": "0.71500", "2010-03-31": "0.71940", "2009-12-31": "0.72520", "2009-09-30": "0.76160", "2009-06-30": "0.76950", "2009-03-31": "0.76600", "2008-12-31": "0.76180", "2008-09-30": "0.75930", "2008-06-30": "0.75510", "2008-03-31": "0.75750", "2007-12-31": "0.75650", "2007-09-30": "0.75160", "2007-06-30": "0.74610", "2007-03-31": "0.75820", "2006-12-31": "0.76410", "2006-09-30": "0.75140", "2006-06-30": "0.75080", "2006-03-31": "0.77210", "2005-12-31": "0.76110", "2005-09-30": "0.76100", "2005-06-30": "0.75730", "2005-03-31": "0.76720"}, "Debt/Equity Ratio": {"2020-09-30": "2.32870", "2020-06-30": "2.24230", "2020-03-31": "2.24980", "2019-12-31": "2.16900", "2019-09-30": "2.03530", "2019-06-30": "1.96000", "2019-03-31": "2.00000", "2018-12-31": "2.13480", "2018-09-30": "2.03710", "2018-06-30": "2.03170", "2018-03-31": "1.96790", "2017-12-31": "1.90040", "2017-09-30": "1.82900", "2017-06-30": "1.83580", "2017-03-31": "1.98780", "2016-12-31": "2.23280", "2016-09-30": "2.29900", "2016-06-30": "2.30300", "2016-03-31": "2.22980", "2015-12-31": "2.65360", "2015-09-30": "2.52690", "2015-06-30": "2.40970", "2015-03-31": "2.28900", "2014-12-31": "2.46060", "2014-09-30": "2.49170", "2014-06-30": "2.65610", "2014-03-31": "2.58200", "2013-12-31": "2.63350", "2013-09-30": "2.55670", "2013-06-30": "2.28390", "2013-03-31": "2.32610", "2012-12-31": "2.37440", "2012-09-30": "2.41050", "2012-06-30": "2.24340", "2012-03-31": "2.55850", "2011-12-31": "2.50830", "2011-09-30": "2.40690", "2011-06-30": "2.34120", "2011-03-31": "2.34990", "2010-12-31": "2.44940", "2010-09-30": "2.47400", "2010-06-30": "2.50930", "2010-03-31": "2.56320", "2009-12-31": "2.63930", "2009-09-30": "3.19410", "2009-06-30": "3.33890", "2009-03-31": "3.27350", "2008-12-31": "3.19880", "2008-09-30": "3.16200", "2008-06-30": "3.08970", "2008-03-31": "3.12870", "2007-12-31": "3.10690", "2007-09-30": "3.03130", "2007-06-30": "2.94540", "2007-03-31": "3.14270", "2006-12-31": "3.24540", "2006-09-30": "3.02900", "2006-06-30": "3.02540", "2006-03-31": "3.39440", "2005-12-31": "3.19870", "2005-09-30": "3.19580", "2005-06-30": "3.12970", "2005-03-31": "3.30320"}, "Gross Margin": {"2020-09-30": "", "2020-06-30": "", "2020-03-31": "", "2019-12-31": "", "2019-09-30": "", "2019-06-30": "", "2019-03-31": "", "2018-12-31": "", "2018-09-30": "", "2018-06-30": "", "2018-03-31": "", "2017-12-31": "", "2017-09-30": "", "2017-06-30": "", "2017-03-31": "", "2016-12-31": "", "2016-09-30": "", "2016-06-30": "", "2016-03-31": "", "2015-12-31": "", "2015-09-30": "", "2015-06-30": "", "2015-03-31": "", "2014-12-31": "", "2014-09-30": "", "2014-06-30": "", "2014-03-31": "", "2013-12-31": "", "2013-09-30": "", "2013-06-30": "", "2013-03-31": "", "2012-12-31": "", "2012-09-30": "", "2012-06-30": "", "2012-03-31": "", "2011-12-31": "", "2011-09-30": "", "2011-06-30": "", "2011-03-31": "", "2010-12-31": "", "2010-09-30": "", "2010-06-30": "", "2010-03-31": "", "2009-12-31": "", "2009-09-30": "", "2009-06-30": "", "2009-03-31": "", "2008-12-31": "", "2008-09-30": "", "2008-06-30": "", "2008-03-31": "", "2007-12-31": "", "2007-09-30": "", "2007-06-30": "", "2007-03-31": "", "2006-12-31": "", "2006-09-30": "", "2006-06-30": "", "2006-03-31": "", "2005-12-31": "", "2005-09-30": "", "2005-06-30": "", "2005-03-31": ""}, "Operating Margin": {"2020-09-30": "", "2020-06-30": "", "2020-03-31": "", "2019-12-31": "", "2019-09-30": "", "2019-06-30": "", "2019-03-31": "", "2018-12-31": "", "2018-09-30": "", "2018-06-30": "", "2018-03-31": "", "2017-12-31": "", "2017-09-30": "", "2017-06-30": "", "2017-03-31": "", "2016-12-31": "", "2016-09-30": "", "2016-06-30": "", "2016-03-31": "", "2015-12-31": "", "2015-09-30": "", "2015-06-30": "", "2015-03-31": "", "2014-12-31": "", "2014-09-30": "", "2014-06-30": "", "2014-03-31": "", "2013-12-31": "", "2013-09-30": "", "2013-06-30": "", "2013-03-31": "", "2012-12-31": "", "2012-09-30": "", "2012-06-30": "", "2012-03-31": "", "2011-12-31": "", "2011-09-30": "", "2011-06-30": "", "2011-03-31": "", "2010-12-31": "", "2010-09-30": "", "2010-06-30": "", "2010-03-31": "", "2009-12-31": "", "2009-09-30": "", "2009-06-30": "", "2009-03-31": "", "2008-12-31": "", "2008-09-30": "", "2008-06-30": "", "2008-03-31": "", "2007-12-31": "", "2007-09-30": "", "2007-06-30": "", "2007-03-31": "", "2006-12-31": "", "2006-09-30": "", "2006-06-30": "", "2006-03-31": "", "2005-12-31": "", "2005-09-30": "", "2005-06-30": "", "2005-03-31": ""}, "EBIT Margin": {"2020-09-30": "", "2020-06-30": "", "2020-03-31": "", "2019-12-31": "", "2019-09-30": "", "2019-06-30": "", "2019-03-31": "", "2018-12-31": "", "2018-09-30": "", "2018-06-30": "", "2018-03-31": "", "2017-12-31": "", "2017-09-30": "", "2017-06-30": "", "2017-03-31": "", "2016-12-31": "", "2016-09-30": "", "2016-06-30": "", "2016-03-31": "", "2015-12-31": "", "2015-09-30": "", "2015-06-30": "", "2015-03-31": "", "2014-12-31": "", "2014-09-30": "", "2014-06-30": "", "2014-03-31": "", "2013-12-31": "", "2013-09-30": "", "2013-06-30": "", "2013-03-31": "", "2012-12-31": "", "2012-09-30": "", "2012-06-30": "", "2012-03-31": "", "2011-12-31": "", "2011-09-30": "", "2011-06-30": "", "2011-03-31": "", "2010-12-31": "", "2010-09-30": "", "2010-06-30": "", "2010-03-31": "", "2009-12-31": "", "2009-09-30": "", "2009-06-30": "", "2009-03-31": "", "2008-12-31": "", "2008-09-30": "", "2008-06-30": "", "2008-03-31": "", "2007-12-31": "", "2007-09-30": "", "2007-06-30": "", "2007-03-31": "", "2006-12-31": "", "2006-09-30": "", "2006-06-30": "", "2006-03-31": "", "2005-12-31": "", "2005-09-30": "", "2005-06-30": "", "2005-03-31": ""}, "EBITDA Margin": {"2020-09-30": "", "2020-06-30": "", "2020-03-31": "", "2019-12-31": "", "2019-09-30": "", "2019-06-30": "", "2019-03-31": "", "2018-12-31": "", "2018-09-30": "", "2018-06-30": "", "2018-03-31": "", "2017-12-31": "", "2017-09-30": "", "2017-06-30": "", "2017-03-31": "", "2016-12-31": "", "2016-09-30": "", "2016-06-30": "", "2016-03-31": "", "2015-12-31": "", "2015-09-30": "", "2015-06-30": "", "2015-03-31": "", "2014-12-31": "", "2014-09-30": "", "2014-06-30": "", "2014-03-31": "", "2013-12-31": "", "2013-09-30": "", "2013-06-30": "", "2013-03-31": "", "2012-12-31": "", "2012-09-30": "", "2012-06-30": "", "2012-03-31": "", "2011-12-31": "", "2011-09-30": "", "2011-06-30": "", "2011-03-31": "", "2010-12-31": "", "2010-09-30": "", "2010-06-30": "", "2010-03-31": "", "2009-12-31": "", "2009-09-30": "", "2009-06-30": "", "2009-03-31": "", "2008-12-31": "", "2008-09-30": "", "2008-06-30": "", "2008-03-31": "", "2007-12-31": "", "2007-09-30": "", "2007-06-30": "", "2007-03-31": "", "2006-12-31": "", "2006-09-30": "", "2006-06-30": "", "2006-03-31": "", "2005-12-31": "", "2005-09-30": "", "2005-06-30": "", "2005-03-31": ""}, "Pre-Tax Profit Margin": {"2020-09-30": "54.53270", "2020-06-30": "53.12730", "2020-03-31": "47.86530", "2019-12-31": "51.16870", "2019-09-30": "51.74470", "2019-06-30": "51.44790", "2019-03-31": "48.09190", "2018-12-31": "49.56020", "2018-09-30": "50.43530", "2018-06-30": "51.00430", "2018-03-31": "50.94680", "2017-12-31": "49.39040", "2017-09-30": "52.38020", "2017-06-30": "52.45840", "2017-03-31": "49.57880", "2016-12-31": "50.46080", "2016-09-30": "54.97160", "2016-06-30": "55.55490", "2016-03-31": "56.38390", "2015-12-31": "180.70490", "2015-09-30": "54.81720", "2015-06-30": "56.17370", "2015-03-31": "54.53960", "2014-12-31": "58.20340", "2014-09-30": "56.56230", "2014-06-30": "55.98770", "2014-03-31": "56.45280", "2013-12-31": "55.90270", "2013-09-30": "54.51360", "2013-06-30": "55.91280", "2013-03-31": "54.25420", "2012-12-31": "55.04340", "2012-09-30": "56.66290", "2012-06-30": "56.99410", "2012-03-31": "55.22580", "2011-12-31": "55.27490", "2011-09-30": "54.44790", "2011-06-30": "54.00980", "2011-03-31": "56.32080", "2010-12-31": "60.90520", "2010-09-30": "58.18080", "2010-06-30": "58.98930", "2010-03-31": "58.51470", "2009-12-31": "68.46510", "2009-09-30": "57.83330", "2009-06-30": "42.83240", "2009-03-31": "59.83790", "2008-12-31": "61.49180", "2008-09-30": "47.98860", "2008-06-30": "-251.90360", "2008-03-31": "55.33180", "2007-12-31": "51.40410", "2007-09-30": "67.13040", "2007-06-30": "38.31120", "2007-03-31": "56.33560", "2006-12-31": "51.95640", "2006-09-30": "56.23340", "2006-06-30": "44.42110", "2006-03-31": "62.43770", "2005-12-31": "42.26700", "2005-09-30": "68.44550", "2005-06-30": "70.81510", "2005-03-31": "71.91500"}, "Net Profit Margin": {"2020-09-30": "38.05680", "2020-06-30": "36.84040", "2020-03-31": "38.26180", "2019-12-31": "36.00160", "2019-09-30": "35.55060", "2019-06-30": "35.13180", "2019-03-31": "33.43030", "2018-12-31": "34.96010", "2018-09-30": "36.34040", "2018-06-30": "35.16510", "2018-03-31": "34.67930", "2017-12-31": "43.73480", "2017-09-30": "30.01620", "2017-06-30": "31.07640", "2017-03-31": "31.39780", "2016-12-31": "33.30990", "2016-09-30": "34.89510", "2016-06-30": "34.92950", "2016-03-31": "35.49060", "2015-12-31": "104.77960", "2015-09-30": "34.92170", "2015-06-30": "35.42130", "2015-03-31": "34.31560", "2014-12-31": "36.76220", "2014-09-30": "35.72280", "2014-06-30": "35.08100", "2014-03-31": "34.06340", "2013-12-31": "34.77360", "2013-09-30": "34.33620", "2013-06-30": "35.61430", "2013-03-31": "34.77910", "2012-12-31": "34.36570", "2012-09-30": "36.40550", "2012-06-30": "36.30530", "2012-03-31": "35.25630", "2011-12-31": "35.40230", "2011-09-30": "35.46960", "2011-06-30": "35.16150", "2011-03-31": "36.67460", "2010-12-31": "39.49740", "2010-09-30": "37.53460", "2010-06-30": "38.12610", "2010-03-31": "37.66340", "2009-12-31": "42.73310", "2009-09-30": "43.53320", "2009-06-30": "30.04570", "2009-03-31": "39.75460", "2008-12-31": "45.43040", "2008-09-30": "35.80950", "2008-06-30": "-145.75900", "2008-03-31": "38.09880", "2007-12-31": "37.24590", "2007-09-30": "46.34840", "2007-06-30": "26.22910", "2007-03-31": "38.06860", "2006-12-31": "32.49130", "2006-09-30": "38.25580", "2006-06-30": "30.18460", "2006-03-31": "42.52790", "2005-12-31": "23.84990", "2005-09-30": "46.06180", "2005-06-30": "48.30380", "2005-03-31": "47.74590"}, "Asset Turnover": {"2020-09-30": "0.00510", "2020-06-30": "0.00490", "2020-03-31": "0.00440", "2019-12-31": "0.00480", "2019-09-30": "0.00490", "2019-06-30": "0.00480", "2019-03-31": "0.00510", "2018-12-31": "0.00520", "2018-09-30": "0.00530", "2018-06-30": "0.00560", "2018-03-31": "0.00570", "2017-12-31": "0.00600", "2017-09-30": "0.00700", "2017-06-30": "0.00710", "2017-03-31": "0.00680", "2016-12-31": "0.00700", "2016-09-30": "0.00730", "2016-06-30": "0.00740", "2016-03-31": "0.00750", "2015-12-31": "-0.00760", "2015-09-30": "0.00660", "2015-06-30": "0.00710", "2015-03-31": "0.00710", "2014-12-31": "0.00730", "2014-09-30": "0.00690", "2014-06-30": "0.00690", "2014-03-31": "0.00710", "2013-12-31": "0.00730", "2013-09-30": "0.00720", "2013-06-30": "0.00780", "2013-03-31": "0.00770", "2012-12-31": "0.00780", "2012-09-30": "0.00800", "2012-06-30": "0.00830", "2012-03-31": "0.00780", "2011-12-31": "0.00780", "2011-09-30": "0.00800", "2011-06-30": "0.00830", "2011-03-31": "0.00820", "2010-12-31": "0.00920", "2010-09-30": "0.00870", "2010-06-30": "0.00820", "2010-03-31": "0.00780", "2009-12-31": "0.00860", "2009-09-30": "0.00690", "2009-06-30": "0.00570", "2009-03-31": "0.00690", "2008-12-31": "0.00690", "2008-09-30": "0.00500", "2008-06-30": "0.00340", "2008-03-31": "0.00610", "2007-12-31": "0.00590", "2007-09-30": "0.00800", "2007-06-30": "0.00460", "2007-03-31": "0.00610", "2006-12-31": "0.00570", "2006-09-30": "0.00560", "2006-06-30": "0.00580", "2006-03-31": "0.00580", "2005-12-31": "0.00590", "2005-09-30": "0.00670", "2005-06-30": "0.00710", "2005-03-31": "0.00780"}, "Inventory Turnover Ratio": {"2020-09-30": "", "2020-06-30": "", "2020-03-31": "", "2019-12-31": "", "2019-09-30": "", "2019-06-30": "", "2019-03-31": "", "2018-12-31": "", "2018-09-30": "", "2018-06-30": "", "2018-03-31": "", "2017-12-31": "", "2017-09-30": "", "2017-06-30": "", "2017-03-31": "", "2016-12-31": "", "2016-09-30": "", "2016-06-30": "", "2016-03-31": "", "2015-12-31": "", "2015-09-30": "", "2015-06-30": "", "2015-03-31": "", "2014-12-31": "", "2014-09-30": "", "2014-06-30": "", "2014-03-31": "", "2013-12-31": "", "2013-09-30": "", "2013-06-30": "", "2013-03-31": "", "2012-12-31": "", "2012-09-30": "", "2012-06-30": "", "2012-03-31": "", "2011-12-31": "", "2011-09-30": "", "2011-06-30": "", "2011-03-31": "", "2010-12-31": "", "2010-09-30": "", "2010-06-30": "", "2010-03-31": "", "2009-12-31": "", "2009-09-30": "", "2009-06-30": "", "2009-03-31": "", "2008-12-31": "", "2008-09-30": "", "2008-06-30": "", "2008-03-31": "", "2007-12-31": "", "2007-09-30": "", "2007-06-30": "", "2007-03-31": "", "2006-12-31": "", "2006-09-30": "", "2006-06-30": "", "2006-03-31": "", "2005-12-31": "", "2005-09-30": "", "2005-06-30": "", "2005-03-31": ""}, "Receiveable Turnover": {"2020-09-30": "", "2020-06-30": "", "2020-03-31": "", "2019-12-31": "", "2019-09-30": "", "2019-06-30": "", "2019-03-31": "", "2018-12-31": "", "2018-09-30": "", "2018-06-30": "", "2018-03-31": "", "2017-12-31": "", "2017-09-30": "", "2017-06-30": "", "2017-03-31": "", "2016-12-31": "", "2016-09-30": "", "2016-06-30": "", "2016-03-31": "", "2015-12-31": "", "2015-09-30": "", "2015-06-30": "", "2015-03-31": "", "2014-12-31": "", "2014-09-30": "", "2014-06-30": "", "2014-03-31": "", "2013-12-31": "", "2013-09-30": "", "2013-06-30": "", "2013-03-31": "", "2012-12-31": "", "2012-09-30": "", "2012-06-30": "", "2012-03-31": "", "2011-12-31": "", "2011-09-30": "", "2011-06-30": "", "2011-03-31": "", "2010-12-31": "", "2010-09-30": "", "2010-06-30": "", "2010-03-31": "", "2009-12-31": "", "2009-09-30": "", "2009-06-30": "", "2009-03-31": "", "2008-12-31": "", "2008-09-30": "", "2008-06-30": "", "2008-03-31": "", "2007-12-31": "", "2007-09-30": "", "2007-06-30": "", "2007-03-31": "", "2006-12-31": "", "2006-09-30": "", "2006-06-30": "", "2006-03-31": "", "2005-12-31": "", "2005-09-30": "", "2005-06-30": "", "2005-03-31": ""}, "Days Sales In Receivables": {"2020-09-30": "", "2020-06-30": "", "2020-03-31": "", "2019-12-31": "", "2019-09-30": "", "2019-06-30": "", "2019-03-31": "", "2018-12-31": "", "2018-09-30": "", "2018-06-30": "", "2018-03-31": "", "2017-12-31": "", "2017-09-30": "", "2017-06-30": "", "2017-03-31": "", "2016-12-31": "", "2016-09-30": "", "2016-06-30": "", "2016-03-31": "", "2015-12-31": "", "2015-09-30": "", "2015-06-30": "", "2015-03-31": "", "2014-12-31": "", "2014-09-30": "", "2014-06-30": "", "2014-03-31": "", "2013-12-31": "", "2013-09-30": "", "2013-06-30": "", "2013-03-31": "", "2012-12-31": "", "2012-09-30": "", "2012-06-30": "", "2012-03-31": "", "2011-12-31": "", "2011-09-30": "", "2011-06-30": "", "2011-03-31": "", "2010-12-31": "", "2010-09-30": "", "2010-06-30": "", "2010-03-31": "", "2009-12-31": "", "2009-09-30": "", "2009-06-30": "", "2009-03-31": "", "2008-12-31": "", "2008-09-30": "", "2008-06-30": "", "2008-03-31": "", "2007-12-31": "", "2007-09-30": "", "2007-06-30": "", "2007-03-31": "", "2006-12-31": "", "2006-09-30": "", "2006-06-30": "", "2006-03-31": "", "2005-12-31": "", "2005-09-30": "", "2005-06-30": "", "2005-03-31": ""}, "ROE - Return On Equity": {"2020-09-30": "1.85770", "2020-06-30": "1.70180", "2020-03-31": "1.63550", "2019-12-31": "1.62950", "2019-09-30": "1.59950", "2019-06-30": "1.57560", "2019-03-31": "1.59280", "2018-12-31": "1.65360", "2018-09-30": "1.69720", "2018-06-30": "1.70770", "2018-03-31": "1.69730", "2017-12-31": "2.16960", "2017-09-30": "1.76560", "2017-06-30": "1.84940", "2017-03-31": "1.69190", "2016-12-31": "1.85720", "2016-09-30": "2.05730", "2016-06-30": "2.09400", "2016-03-31": "2.17060", "2015-12-31": "-6.82100", "2015-09-30": "1.96830", "2015-06-30": "2.12750", "2015-03-31": "2.05800", "2014-12-31": "2.26910", "2014-09-30": "2.08130", "2014-06-30": "2.06020", "2014-03-31": "2.00700", "2013-12-31": "2.09490", "2013-09-30": "2.00450", "2013-06-30": "2.15380", "2013-03-31": "2.09470", "2012-12-31": "2.17180", "2012-09-30": "2.28270", "2012-06-30": "2.33830", "2012-03-31": "2.11930", "2011-12-31": "2.11390", "2011-09-30": "2.14850", "2011-06-30": "2.14850", "2011-03-31": "2.22320", "2010-12-31": "2.71130", "2010-09-30": "2.46770", "2010-06-30": "2.41310", "2010-03-31": "2.29330", "2009-12-31": "2.88690", "2009-09-30": "2.27100", "2009-06-30": "1.34060", "2009-03-31": "2.09380", "2008-12-31": "2.42300", "2008-09-30": "1.36200", "2008-06-30": "-3.60860", "2008-03-31": "1.74050", "2007-12-31": "1.61110", "2007-09-30": "2.75110", "2007-06-30": "0.90810", "2007-03-31": "1.74640", "2006-12-31": "1.43970", "2006-09-30": "1.68310", "2006-06-30": "1.36890", "2006-03-31": "1.99650", "2005-12-31": "1.11030", "2005-09-30": "2.38650", "2005-06-30": "2.66050", "2005-03-31": "2.84760"}, "Return On Tangible Equity": {"2020-09-30": "2.68710", "2020-06-30": "2.46910", "2020-03-31": "2.38250", "2019-12-31": "2.36090", "2019-09-30": "2.32030", "2019-06-30": "2.28910", "2019-03-31": "2.32180", "2018-12-31": "2.41140", "2018-09-30": "2.45080", "2018-06-30": "2.46860", "2018-03-31": "2.45550", "2017-12-31": "3.13610", "2017-09-30": "2.55500", "2017-06-30": "2.68120", "2017-03-31": "2.61410", "2016-12-31": "3.29310", "2016-09-30": "3.62490", "2016-06-30": "3.71090", "2016-03-31": "3.89690", "2015-12-31": "-12.46240", "2015-09-30": "3.64000", "2015-06-30": "3.96510", "2015-03-31": "3.80780", "2014-12-31": "4.21790", "2014-09-30": "3.88580", "2014-06-30": "3.84820", "2014-03-31": "3.77310", "2013-12-31": "3.94950", "2013-09-30": "3.78960", "2013-06-30": "4.06510", "2013-03-31": "3.91810", "2012-12-31": "4.03640", "2012-09-30": "4.22690", "2012-06-30": "4.37780", "2012-03-31": "3.99910", "2011-12-31": "3.97350", "2011-09-30": "4.01230", "2011-06-30": "4.07280", "2011-03-31": "4.05980", "2010-12-31": "5.15780", "2010-09-30": "4.56050", "2010-06-30": "4.50570", "2010-03-31": "4.31680", "2009-12-31": "5.48500", "2009-09-30": "5.37790", "2009-06-30": "3.32510", "2009-03-31": "5.16420", "2008-12-31": "6.03120", "2008-09-30": "3.34920", "2008-06-30": "-8.82910", "2008-03-31": "4.47800", "2007-12-31": "4.12420", "2007-09-30": "7.06760", "2007-06-30": "2.37510", "2007-03-31": "4.42270", "2006-12-31": "3.70090", "2006-09-30": "4.31280", "2006-06-30": "3.53720", "2006-03-31": "5.26390", "2005-12-31": "2.93530", "2005-09-30": "6.28020", "2005-06-30": "7.02510", "2005-03-31": "7.74310"}, "ROA - Return On Assets": {"2020-09-30": "0.21080", "2020-06-30": "0.19430", "2020-03-31": "0.18490", "2019-12-31": "0.18860", "2019-09-30": "0.18850", "2019-06-30": "0.18430", "2019-03-31": "0.18720", "2018-12-31": "0.19600", "2018-09-30": "0.20830", "2018-06-30": "0.21270", "2018-03-31": "0.21460", "2017-12-31": "0.27790", "2017-09-30": "0.22800", "2017-06-30": "0.23840", "2017-03-31": "0.21290", "2016-12-31": "0.23250", "2016-09-30": "0.25330", "2016-06-30": "0.25790", "2016-03-31": "0.26780", "2015-12-31": "-0.80450", "2015-09-30": "0.23380", "2015-06-30": "0.25430", "2015-03-31": "0.24720", "2014-12-31": "0.27020", "2014-09-30": "0.24700", "2014-06-30": "0.24420", "2014-03-31": "0.24230", "2013-12-31": "0.25740", "2013-09-30": "0.24950", "2013-06-30": "0.27730", "2013-03-31": "0.26660", "2012-12-31": "0.27830", "2012-09-30": "0.29210", "2012-06-30": "0.30170", "2012-03-31": "0.27480", "2011-12-31": "0.28000", "2011-09-30": "0.28530", "2011-06-30": "0.29420", "2011-03-31": "0.30010", "2010-12-31": "0.36380", "2010-09-30": "0.32520", "2010-06-30": "0.31280", "2010-03-31": "0.29260", "2009-12-31": "0.36750", "2009-09-30": "0.29980", "2009-06-30": "0.17180", "2009-03-31": "0.27370", "2008-12-31": "0.31490", "2008-09-30": "0.18070", "2008-06-30": "-0.49800", "2008-03-31": "0.23410", "2007-12-31": "0.22030", "2007-09-30": "0.36920", "2007-06-30": "0.12140", "2007-03-31": "0.23170", "2006-12-31": "0.18650", "2006-09-30": "0.21600", "2006-06-30": "0.17620", "2006-03-31": "0.24460", "2005-12-31": "0.14050", "2005-09-30": "0.31030", "2005-06-30": "0.34310", "2005-03-31": "0.37010"}, "ROI - Return On Investment": {"2020-09-30": "0.51640", "2020-06-30": "0.48540", "2020-03-31": "0.46510", "2019-12-31": "0.47570", "2019-09-30": "0.48740", "2019-06-30": "0.49220", "2019-03-31": "0.49070", "2018-12-31": "0.48770", "2018-09-30": "0.51740", "2018-06-30": "0.52160", "2018-03-31": "0.52950", "2017-12-31": "0.69270", "2017-09-30": "0.57770", "2017-06-30": "0.60350", "2017-03-31": "0.52340", "2016-12-31": "0.57450", "2016-09-30": "0.62360", "2016-06-30": "0.63400", "2016-03-31": "0.67210", "2015-12-31": "-1.86690", "2015-09-30": "0.55810", "2015-06-30": "0.62390", "2015-03-31": "0.62570", "2014-12-31": "0.65570", "2014-09-30": "0.59610", "2014-06-30": "0.56350", "2014-03-31": "0.56030", "2013-12-31": "0.57650", "2013-09-30": "0.56360", "2013-06-30": "0.65590", "2013-03-31": "0.62980", "2012-12-31": "0.64360", "2012-09-30": "0.66930", "2012-06-30": "0.72090", "2012-03-31": "0.59560", "2011-12-31": "0.60250", "2011-09-30": "0.63060", "2011-06-30": "0.64300", "2011-03-31": "0.66370", "2010-12-31": "0.78600", "2010-09-30": "0.71030", "2010-06-30": "0.68760", "2010-03-31": "0.64360", "2009-12-31": "0.79330", "2009-09-30": "0.54150", "2009-06-30": "0.30900", "2009-03-31": "0.48990", "2008-12-31": "0.57710", "2008-09-30": "0.32780", "2008-06-30": "-0.88380", "2008-03-31": "0.42200", "2007-12-31": "0.39230", "2007-09-30": "0.68340", "2007-06-30": "0.23060", "2007-03-31": "0.42240", "2006-12-31": "0.33950", "2006-09-30": "0.41850", "2006-06-30": "0.34110", "2006-03-31": "0.45500", "2005-12-31": "0.26530", "2005-09-30": "0.57050", "2005-06-30": "0.64570", "2005-03-31": "0.66290"}, "Book Value Per Share": {"2020-09-30": "14.51750", "2020-06-30": "14.42670", "2020-03-31": "14.23230", "2019-12-31": "14.36130", "2019-09-30": "14.32540", "2019-06-30": "14.28170", "2019-03-31": "14.18780", "2018-12-31": "14.05430", "2018-09-30": "13.85570", "2018-06-30": "13.84510", "2018-03-31": "13.82750", "2017-12-31": "13.91100", "2017-09-30": "13.82170", "2017-06-30": "13.77190", "2017-03-31": "13.59500", "2016-12-31": "12.57350", "2016-09-30": "12.50450", "2016-06-30": "12.40040", "2016-03-31": "12.29090", "2015-12-31": "12.23790", "2015-09-30": "13.11410", "2015-06-30": "13.08610", "2015-03-31": "13.04320", "2014-12-31": "13.06370", "2014-09-30": "13.05330", "2014-06-30": "13.01470", "2014-03-31": "12.97320", "2013-12-31": "13.01170", "2013-09-30": "12.92230", "2013-06-30": "12.90320", "2013-03-31": "12.85110", "2012-12-31": "12.88290", "2012-09-30": "12.84970", "2012-06-30": "12.77890", "2012-03-31": "12.70670", "2011-12-31": "12.72610", "2011-09-30": "12.74190", "2011-06-30": "12.71130", "2011-03-31": "12.66880", "2010-12-31": "12.68510", "2010-09-30": "12.61590", "2010-06-30": "12.50600", "2010-03-31": "12.43210", "2009-12-31": "12.38910", "2009-09-30": "12.19800", "2009-06-30": "12.19750", "2009-03-31": "12.27980", "2008-12-31": "12.23020", "2008-09-30": "12.38650", "2008-06-30": "12.48130", "2008-03-31": "12.79620", "2007-12-31": "12.91580", "2007-09-30": "12.80550", "2007-06-30": "12.62210", "2007-03-31": "12.52290", "2006-12-31": "12.49310", "2006-09-30": "12.57810", "2006-06-30": "12.53040", "2006-03-31": "12.29640", "2005-12-31": "12.32450", "2005-09-30": "12.22620", "2005-06-30": "12.23370", "2005-03-31": "12.04840"}, "Operating Cash Flow Per Share": {"2020-09-30": 0.2013, "2020-06-30": 0.0369, "2020-03-31": "0.28080", "2019-12-31": 0.367, "2019-09-30": 0.1715, "2019-06-30": 0.2158, "2019-03-31": "0.34040", "2018-12-31": 0.6588, "2018-09-30": -0.2596, "2018-06-30": 0.406, "2018-03-31": "0.30370", "2017-12-31": 0.0254, "2017-09-30": 1.5975, "2017-06-30": 0.3402, "2017-03-31": "0.76070", "2016-12-31": 0.742, "2016-09-30": 0.2228, "2016-06-30": -0.0503, "2016-03-31": "0.64310", "2015-12-31": -1.5543, "2015-09-30": 0.2194, "2015-06-30": 0.2258, "2015-03-31": "0.17270", "2014-12-31": 0.5187, "2014-09-30": 0.8974, "2014-06-30": -0.2049, "2014-03-31": "0.42700", "2013-12-31": 0.1089, "2013-09-30": 1.5245, "2013-06-30": 0.0584, "2013-03-31": "1.44060", "2012-12-31": 0.0875, "2012-09-30": 0.3247, "2012-06-30": -0.792, "2012-03-31": "1.69580", "2011-12-31": 0.433, "2011-09-30": -0.734, "2011-06-30": 0.2459, "2011-03-31": "1.95860", "2010-12-31": 0.7619, "2010-09-30": -0.2788, "2010-06-30": -0.1697, "2010-03-31": "-0.47400", "2009-12-31": 0.2967, "2009-09-30": 0.3704, "2009-06-30": 0.1727, "2009-03-31": "-0.22770", "2008-12-31": 0.8423, "2008-09-30": 0.4298, "2008-06-30": -0.7509, "2008-03-31": "0.20860", "2007-12-31": 0.0173, "2007-09-30": 0.3258, "2007-06-30": 0.518, "2007-03-31": "0.09590", "2006-12-31": 0.2624, "2006-09-30": 0.2106, "2006-06-30": 0.2636, "2006-03-31": "0.27880", "2005-12-31": 0.216, "2005-09-30": -0.2335, "2005-06-30": 0.8484, "2005-03-31": "0.89090"}, "Free Cash Flow Per Share": {"2020-09-30": 0.2047, "2020-06-30": 0.0438, "2020-03-31": "0.27990", "2019-12-31": 0.3883, "2019-09-30": 0.17, "2019-06-30": 0.2118, "2019-03-31": "0.34450", "2018-12-31": 0.6555, "2018-09-30": -0.2609, "2018-06-30": 0.3986, "2018-03-31": "0.29550", "2017-12-31": 0.0233, "2017-09-30": 1.5891, "2017-06-30": 0.3218, "2017-03-31": "0.73260", "2016-12-31": 0.7121, "2016-09-30": 0.2047, "2016-06-30": -0.1536, "2016-03-31": "0.62090", "2015-12-31": -1.5599, "2015-09-30": 0.1976, "2015-06-30": 0.1998, "2015-03-31": "0.14860", "2014-12-31": 0.4607, "2014-09-30": 0.8541, "2014-06-30": -0.2437, "2014-03-31": "0.40040", "2013-12-31": 0.0729, "2013-09-30": 1.5101, "2013-06-30": 0.0409, "2013-03-31": "1.42380", "2012-12-31": 0.0477, "2012-09-30": 0.3032, "2012-06-30": -0.8061, "2012-03-31": "1.68260", "2011-12-31": 0.4072, "2011-09-30": -0.7466, "2011-06-30": 0.2348, "2011-03-31": "1.91470", "2010-12-31": 0.6712, "2010-09-30": -0.2892, "2010-06-30": -0.1755, "2010-03-31": "-0.47930", "2009-12-31": 0.2898, "2009-09-30": 0.3662, "2009-06-30": 0.1647, "2009-03-31": "-0.22960", "2008-12-31": 0.8033, "2008-09-30": 0.4182, "2008-06-30": -0.7602, "2008-03-31": "0.20110", "2007-12-31": 0.0163, "2007-09-30": 0.6411, "2007-06-30": 0.5058, "2007-03-31": "0.08710", "2006-12-31": 0.2524, "2006-09-30": 0.196, "2006-06-30": 0.2535, "2006-03-31": "0.27330", "2005-12-31": 0.2133, "2005-09-30": -0.2317, "2005-06-30": 0.8448, "2005-03-31": "0.91660"}}, "revenue": {"New York Community Bancorp Annual Revenue (Millions of US $)": {"2020": "$1,769", "2019": "$1,889", "2018": "$1,781", "2017": "$1,799", "2016": "$1,820", "2015": "$1,902", "2014": "$1,885", "2013": "$1,927", "2012": "$2,088", "2011": "$2,102", "2010": "$2,252", "2009": "$1,792", "2008": "$1,621", "2007": "$1,678", "2006": "$1,498", "2005": "$1,277"}, "New York Community Bancorp Quarterly Revenue (Millions of US $)": {"2020-12-31": "$441", "2020-09-30": "$432", "2020-06-30": "$438", "2020-03-31": "$458", "2019-12-31": "$468", "2019-09-30": "$479", "2019-06-30": "$471", "2019-03-31": "$471", "2018-12-31": "$466", "2018-09-30": "$448", "2018-06-30": "$440", "2018-03-31": "$427", "2017-12-31": "$416", "2017-09-30": "$503", "2017-06-30": "$450", "2017-03-31": "$431", "2016-12-31": "$448", "2016-09-30": "$457", "2016-06-30": "$457", "2016-03-31": "$459", "2015-12-31": "$484", "2015-09-30": "$454", "2015-06-30": "$484", "2015-03-31": "$481", "2014-12-31": "$493", "2014-09-30": "$468", "2014-06-30": "$470", "2014-03-31": "$453", "2013-12-31": "$470", "2013-09-30": "$478", "2013-06-30": "$490", "2013-03-31": "$488", "2012-12-31": "$502", "2012-09-30": "$524", "2012-06-30": "$553", "2012-03-31": "$509", "2011-12-31": "$525", "2011-09-30": "$520", "2011-06-30": "$528", "2011-03-31": "$530", "2010-12-31": "$584", "2010-09-30": "$575", "2010-06-30": "$556", "2010-03-31": "$537", "2009-12-31": "$568", "2009-09-30": "$418", "2009-06-30": "$384", "2009-03-31": "$422", "2008-12-31": "$440", "2008-09-30": "$379", "2008-06-30": "$371", "2008-03-31": "$431", "2007-12-31": "$426", "2007-09-30": "$482", "2007-06-30": "$377", "2007-03-31": "$393", "2006-12-31": "$390", "2006-09-30": "$385", "2006-06-30": "$376", "2006-03-31": "$347", "2005-12-31": "$320", "2005-09-30": "$321", "2005-06-30": "$321", "2005-03-31": "$314"}}, "gross-profit": {"New York Community Bancorp Annual Gross Profit (Millions of US $)": {"2020": "$1,161", "2019": "$1,042", "2018": "$1,123", "2017": "$1,347", "2016": "$1,433", "2015": "$619", "2014": "$1,342", "2013": "$1,385", "2012": "$1,457", "2011": "$1,436", "2010": "$1,518", "2009": "$1,063", "2008": "$691", "2007": "$728", "2006": "$651", "2005": "$693"}, "New York Community Bancorp Quarterly Gross Profit (Millions of US $)": {"2020-12-31": "$323", "2020-09-30": "$296", "2020-06-30": "$281", "2020-03-31": "$261", "2019-12-31": "$260", "2019-09-30": "$260", "2019-06-30": "$255", "2019-03-31": "$266", "2018-12-31": "$270", "2018-09-30": "$272", "2018-06-30": "$287", "2018-03-31": "$293", "2017-12-31": "$296", "2017-09-30": "$385", "2017-06-30": "$338", "2017-03-31": "$327", "2016-12-31": "$348", "2016-09-30": "$359", "2016-06-30": "$363", "2016-03-31": "$363", "2015-12-31": "$-390", "2015-09-30": "$317", "2015-06-30": "$347", "2015-03-31": "$345", "2014-12-31": "$354", "2014-09-30": "$330", "2014-06-30": "$336", "2014-03-31": "$321", "2013-12-31": "$336", "2013-09-30": "$345", "2013-06-30": "$354", "2013-03-31": "$351", "2012-12-31": "$345", "2012-09-30": "$367", "2012-06-30": "$395", "2012-03-31": "$350", "2011-12-31": "$360", "2011-09-30": "$353", "2011-06-30": "$361", "2011-03-31": "$362", "2010-12-31": "$408", "2010-09-30": "$393", "2010-06-30": "$367", "2010-03-31": "$350", "2009-12-31": "$393", "2009-09-30": "$241", "2009-06-30": "$200", "2009-03-31": "$229", "2008-12-31": "$231", "2008-09-30": "$163", "2008-06-30": "$108", "2008-03-31": "$190", "2007-12-31": "$181", "2007-09-30": "$239", "2007-06-30": "$137", "2007-03-31": "$170", "2006-12-31": "$163", "2006-09-30": "$163", "2006-06-30": "$168", "2006-03-31": "$156", "2005-12-31": "$155", "2005-09-30": "$169", "2005-06-30": "$179", "2005-03-31": "$191"}}, "operating-income": {"New York Community Bancorp Annual Operating Income (Millions of US $)": {"2020": "$588", "2019": "$523", "2018": "$558", "2017": "$668", "2016": "$788", "2015": "$-128", "2014": "$773", "2013": "$747", "2012": "$781", "2011": "$735", "2010": "$837", "2009": "$593", "2008": "$54", "2007": "$402", "2006": "$349", "2005": "$445"}, "New York Community Bancorp Quarterly Operating Income (Millions of US $)": {"2020-12-31": "$178", "2020-09-30": "$154", "2020-06-30": "$140", "2020-03-31": "$115", "2019-12-31": "$132", "2019-09-30": "$132", "2019-06-30": "$130", "2019-03-31": "$129", "2018-12-31": "$133", "2018-09-30": "$137", "2018-06-30": "$144", "2018-03-31": "$144", "2017-12-31": "$145", "2017-09-30": "$178", "2017-06-30": "$181", "2017-03-31": "$164", "2016-12-31": "$180", "2016-09-30": "$200", "2016-06-30": "$202", "2016-03-31": "$206", "2015-12-31": "$-549", "2015-09-30": "$179", "2015-06-30": "$195", "2015-03-31": "$188", "2014-12-31": "$206", "2014-09-30": "$189", "2014-06-30": "$188", "2014-03-31": "$190", "2013-12-31": "$189", "2013-09-30": "$180", "2013-06-30": "$192", "2013-03-31": "$185", "2012-12-31": "$189", "2012-09-30": "$200", "2012-06-30": "$206", "2012-03-31": "$185", "2011-12-31": "$181", "2011-09-30": "$182", "2011-06-30": "$182", "2011-03-31": "$189", "2010-12-31": "$231", "2010-09-30": "$210", "2010-06-30": "$203", "2010-03-31": "$193", "2009-12-31": "$248", "2009-09-30": "$131", "2009-06-30": "$80", "2009-03-31": "$133", "2008-12-31": "$138", "2008-09-30": "$78", "2008-06-30": "$-267", "2008-03-31": "$105", "2007-12-31": "$93", "2007-09-30": "$161", "2007-06-30": "$53", "2007-03-31": "$96", "2006-12-31": "$85", "2006-09-30": "$92", "2006-06-30": "$74", "2006-03-31": "$97", "2005-12-31": "$60", "2005-09-30": "$115", "2005-06-30": "$127", "2005-03-31": "$137"}}, "ebitda": {"New York Community Bancorp Annual EBITDA (Millions of US $)": {"2019": "$", "2018": "$", "2017": "$", "2016": "$", "2015": "$", "2014": "$", "2013": "$", "2012": "$", "2011": "$", "2010": "$", "2009": "$", "2008": "$", "2007": "$", "2006": "$", "2005": "$"}, "New York Community Bancorp Quarterly EBITDA (Millions of US $)": {"2020-09-30": "", "2020-06-30": "", "2020-03-31": "", "2019-12-31": "", "2019-09-30": "", "2019-06-30": "", "2019-03-31": "", "2018-12-31": "", "2018-09-30": "", "2018-06-30": "", "2018-03-31": "", "2017-12-31": "", "2017-09-30": "", "2017-06-30": "", "2017-03-31": "", "2016-12-31": "", "2016-09-30": "", "2016-06-30": "", "2016-03-31": "", "2015-12-31": "", "2015-09-30": "", "2015-06-30": "", "2015-03-31": "", "2014-12-31": "", "2014-09-30": "", "2014-06-30": "", "2014-03-31": "", "2013-12-31": "", "2013-09-30": "", "2013-06-30": "", "2013-03-31": "", "2012-12-31": "", "2012-09-30": "", "2012-06-30": "", "2012-03-31": "", "2011-12-31": "", "2011-09-30": "", "2011-06-30": "", "2011-03-31": "", "2010-12-31": "", "2010-09-30": "", "2010-06-30": "", "2010-03-31": "", "2009-12-31": "", "2009-09-30": "", "2009-06-30": "", "2009-03-31": "", "2008-12-31": "", "2008-09-30": "", "2008-06-30": "", "2008-03-31": "", "2007-12-31": "", "2007-09-30": "", "2007-06-30": "", "2007-03-31": "", "2006-12-31": "", "2006-09-30": "", "2006-06-30": "", "2006-03-31": "", "2005-12-31": "", "2005-09-30": "", "2005-06-30": "", "2005-03-31": ""}}, "net-income": {"New York Community Bancorp Annual Net Income (Millions of US $)": {"2020": "$478", "2019": "$362", "2018": "$390", "2017": "$442", "2016": "$495", "2015": "$-47", "2014": "$482", "2013": "$473", "2012": "$496", "2011": "$476", "2010": "$541", "2009": "$399", "2008": "$78", "2007": "$279", "2006": "$233", "2005": "$292"}, "New York Community Bancorp Quarterly Net Income (Millions of US $)": {"2020-12-31": "$181", "2020-09-30": "$108", "2020-06-30": "$97", "2020-03-31": "$92", "2019-12-31": "$93", "2019-09-30": "$91", "2019-06-30": "$89", "2019-03-31": "$89", "2018-12-31": "$94", "2018-09-30": "$99", "2018-06-30": "$99", "2018-03-31": "$98", "2017-12-31": "$128", "2017-09-30": "$102", "2017-06-30": "$107", "2017-03-31": "$104", "2016-12-31": "$115", "2016-09-30": "$125", "2016-06-30": "$126", "2016-03-31": "$129", "2015-12-31": "$-402", "2015-09-30": "$114", "2015-06-30": "$123", "2015-03-31": "$118", "2014-12-31": "$130", "2014-09-30": "$119", "2014-06-30": "$118", "2014-03-31": "$114", "2013-12-31": "$118", "2013-09-30": "$113", "2013-06-30": "$123", "2013-03-31": "$119", "2012-12-31": "$118", "2012-09-30": "$129", "2012-06-30": "$131", "2012-03-31": "$118", "2011-12-31": "$116", "2011-09-30": "$119", "2011-06-30": "$119", "2011-03-31": "$123", "2010-12-31": "$150", "2010-09-30": "$136", "2010-06-30": "$131", "2010-03-31": "$124", "2009-12-31": "$155", "2009-09-30": "$99", "2009-06-30": "$56", "2009-03-31": "$89", "2008-12-31": "$102", "2008-09-30": "$58", "2008-06-30": "$-155", "2008-03-31": "$72", "2007-12-31": "$67", "2007-09-30": "$111", "2007-06-30": "$36", "2007-03-31": "$65", "2006-12-31": "$53", "2006-09-30": "$62", "2006-06-30": "$51", "2006-03-31": "$66", "2005-12-31": "$37", "2005-09-30": "$78", "2005-06-30": "$86", "2005-03-31": "$91"}}, "eps-earnings-per-share-diluted": {"New York Community Bancorp Annual EPS": {"2020": "$1.02", "2019": "$0.77", "2018": "$0.79", "2017": "$0.90", "2016": "$1.01", "2015": "$-0.11", "2014": "$1.09", "2013": "$1.08", "2012": "$1.13", "2011": "$1.09", "2010": "$1.24", "2009": "$1.13", "2008": "$0.23", "2007": "$0.90", "2006": "$0.81", "2005": "$1.11"}, "New York Community Bancorp Quarterly EPS": {"2020-12-31": "$0.39", "2020-09-30": "$0.23", "2020-06-30": "$0.21", "2020-03-31": "$0.20", "2019-12-31": "$0.20", "2019-09-30": "$0.19", "2019-06-30": "$0.19", "2019-03-31": "$0.19", "2018-12-31": "$0.19", "2018-09-30": "$0.20", "2018-06-30": "$0.20", "2018-03-31": "$0.20", "2017-12-31": "$0.26", "2017-09-30": "$0.21", "2017-06-30": "$0.22", "2017-03-31": "$0.21", "2016-12-31": "$0.22", "2016-09-30": "$0.26", "2016-06-30": "$0.26", "2016-03-31": "$0.27", "2015-12-31": "$-0.92", "2015-09-30": "$0.26", "2015-06-30": "$0.28", "2015-03-31": "$0.27", "2014-12-31": "$0.29", "2014-09-30": "$0.27", "2014-06-30": "$0.27", "2014-03-31": "$0.26", "2013-12-31": "$0.27", "2013-09-30": "$0.26", "2013-06-30": "$0.28", "2013-03-31": "$0.27", "2012-12-31": "$0.27", "2012-09-30": "$0.29", "2012-06-30": "$0.30", "2012-03-31": "$0.27", "2011-12-31": "$0.27", "2011-09-30": "$0.27", "2011-06-30": "$0.27", "2011-03-31": "$0.28", "2010-12-31": "$0.34", "2010-09-30": "$0.31", "2010-06-30": "$0.30", "2010-03-31": "$0.29", "2009-12-31": "$0.43", "2009-09-30": "$0.28", "2009-06-30": "$0.16", "2009-03-31": "$0.26", "2008-12-31": "$0.31", "2008-09-30": "$0.17", "2008-06-30": "$-0.47", "2008-03-31": "$0.22", "2007-12-31": "$0.21", "2007-09-30": "$0.35", "2007-06-30": "$0.12", "2007-03-31": "$0.22", "2006-12-31": "$0.17", "2006-09-30": "$0.21", "2006-06-30": "$0.18", "2006-03-31": "$0.25", "2005-12-31": "$0.13", "2005-09-30": "$0.30", "2005-06-30": "$0.33", "2005-03-31": "$0.35"}}, "shares-outstanding": {"New York Community Bancorp Annual Shares Outstanding (Millions of Shares)": {"2020": "463", "2019": "466", "2018": "487", "2017": "487", "2016": "485", "2015": "449", "2014": "441", "2013": "439", "2012": "438", "2011": "436", "2010": "434", "2009": "352", "2008": "335", "2007": "310", "2006": "286", "2005": "262"}, "New York Community Bancorp Quarterly Shares Outstanding (Millions of Shares)": {"2020-12-31": "463", "2020-09-30": "463", "2020-06-30": "462", "2020-03-31": "465", "2019-12-31": "466", "2019-09-30": "466", "2019-06-30": "466", "2019-03-31": "465", "2018-12-31": "487", "2018-09-30": "488", "2018-06-30": "489", "2018-03-31": "488", "2017-12-31": "487", "2017-09-30": "487", "2017-06-30": "487", "2017-03-31": "487", "2016-12-31": "485", "2016-09-30": "485", "2016-06-30": "485", "2016-03-31": "485", "2015-12-31": "449", "2015-09-30": "443", "2015-06-30": "443", "2015-03-31": "442", "2014-12-31": "441", "2014-09-30": "441", "2014-06-30": "441", "2014-03-31": "441", "2013-12-31": "439", "2013-09-30": "439", "2013-06-30": "439", "2013-03-31": "439", "2012-12-31": "438", "2012-09-30": "438", "2012-06-30": "438", "2012-03-31": "437", "2011-12-31": "436", "2011-09-30": "436", "2011-06-30": "437", "2011-03-31": "436", "2010-12-31": "434", "2010-09-30": "435", "2010-06-30": "435", "2010-03-31": "432", "2009-12-31": "352", "2009-09-30": "346", "2009-06-30": "344", "2009-03-31": "343", "2008-12-31": "335", "2008-09-30": "342", "2008-06-30": "331", "2008-03-31": "324", "2007-12-31": "310", "2007-09-30": "314", "2007-06-30": "311", "2007-03-31": "295", "2006-12-31": "286", "2006-09-30": "294", "2006-06-30": "289", "2006-03-31": "269", "2005-12-31": "262", "2005-09-30": "263", "2005-06-30": "262", "2005-03-31": "262"}}, "total-assets": {"New York Community Bancorp Annual Total Assets (Millions of US $)": {"2019": "$53,641", "2018": "$51,899", "2017": "$49,124", "2016": "$48,927", "2015": "$50,318", "2014": "$48,559", "2013": "$46,688", "2012": "$44,145", "2011": "$42,024", "2010": "$41,191", "2009": "$42,154", "2008": "$32,467", "2007": "$30,580", "2006": "$28,482", "2005": "$26,284"}, "New York Community Bancorp Quarterly Total Assets (Millions of US $)": {"2020-09-30": "$54,932", "2020-06-30": "$54,210", "2020-03-31": "$54,261", "2019-12-31": "$53,641", "2019-09-30": "$52,538", "2019-06-30": "$52,776", "2019-03-31": "$52,131", "2018-12-31": "$51,899", "2018-09-30": "$51,247", "2018-06-30": "$50,469", "2018-03-31": "$49,655", "2017-12-31": "$49,124", "2017-09-30": "$48,458", "2017-06-30": "$48,348", "2017-03-31": "$48,825", "2016-12-31": "$48,927", "2016-09-30": "$49,463", "2016-06-30": "$49,036", "2016-03-31": "$48,516", "2015-12-31": "$50,318", "2015-09-30": "$49,045", "2015-06-30": "$48,649", "2015-03-31": "$48,252", "2014-12-31": "$48,559", "2014-09-30": "$48,680", "2014-06-30": "$48,605", "2014-03-31": "$47,567", "2013-12-31": "$46,688", "2013-09-30": "$45,764", "2013-06-30": "$44,186", "2013-03-31": "$44,512", "2012-12-31": "$44,145", "2012-09-30": "$44,094", "2012-06-30": "$43,487", "2012-03-31": "$43,038", "2011-12-31": "$42,024", "2011-09-30": "$41,969", "2011-06-30": "$40,603", "2011-03-31": "$41,047", "2010-12-31": "$41,191", "2010-09-30": "$41,706", "2010-06-30": "$42,011", "2010-03-31": "$42,431", "2009-12-31": "$42,154", "2009-09-30": "$32,884", "2009-06-30": "$32,860", "2009-03-31": "$32,403", "2008-12-31": "$32,467", "2008-09-30": "$32,140", "2008-06-30": "$31,084", "2008-03-31": "$30,910", "2007-12-31": "$30,580", "2007-09-30": "$30,040", "2007-06-30": "$29,624", "2007-03-31": "$27,978", "2006-12-31": "$28,482", "2006-09-30": "$28,924", "2006-06-30": "$28,729", "2006-03-31": "$27,137", "2005-12-31": "$26,284", "2005-09-30": "$25,015", "2005-06-30": "$25,205", "2005-03-31": "$24,612"}}, "cash-on-hand": {"New York Community Bancorp Annual Cash on Hand (Millions of US $)": {"2019": "$742", "2018": "$1,475", "2017": "$2,528", "2016": "$558", "2015": "$538", "2014": "$564", "2013": "$645", "2012": "$2,427", "2011": "$2,002", "2010": "$1,928", "2009": "$2,671", "2008": "$203", "2007": "$336", "2006": "$231", "2005": "$232"}, "New York Community Bancorp Quarterly Cash on Hand (Millions of US $)": {"2020-09-30": "$1,459", "2020-06-30": "$1,405", "2020-03-31": "$1,334", "2019-12-31": "$742", "2019-09-30": "$855", "2019-06-30": "$1,228", "2019-03-31": "$990", "2018-12-31": "$1,475", "2018-09-30": "$1,732", "2018-06-30": "$2,204", "2018-03-31": "$2,681", "2017-12-31": "$2,528", "2017-09-30": "$3,277", "2017-06-30": "$1,130", "2017-03-31": "$984", "2016-12-31": "$558", "2016-09-30": "$772", "2016-06-30": "$674", "2016-03-31": "$651", "2015-12-31": "$538", "2015-09-30": "$586", "2015-06-30": "$589", "2015-03-31": "$583", "2014-12-31": "$564", "2014-09-30": "$663", "2014-06-30": "$669", "2014-03-31": "$673", "2013-12-31": "$645", "2013-09-30": "$1,254", "2013-06-30": "$1,320", "2013-03-31": "$2,055", "2012-12-31": "$2,427", "2012-09-30": "$2,538", "2012-06-30": "$3,161", "2012-03-31": "$2,356", "2011-12-31": "$2,002", "2011-09-30": "$1,597", "2011-06-30": "$710", "2011-03-31": "$2,352", "2010-12-31": "$1,928", "2010-09-30": "$2,235", "2010-06-30": "$2,614", "2010-03-31": "$2,548", "2009-12-31": "$2,671", "2009-09-30": "$154", "2009-06-30": "$163", "2009-03-31": "$167", "2008-12-31": "$203", "2008-09-30": "$276", "2008-06-30": "$280", "2008-03-31": "$552", "2007-12-31": "$336", "2007-09-30": "$1,280", "2007-06-30": "$1,080", "2007-03-31": "$247", "2006-12-31": "$231", "2006-09-30": "$270", "2006-06-30": "$243", "2006-03-31": "$192", "2005-12-31": "$232", "2005-09-30": "$205", "2005-06-30": "$237", "2005-03-31": "$198"}}, "long-term-debt": {"New York Community Bancorp Annual Long Term Debt (Millions of US $)": {"2019": "$14,558", "2018": "$14,208", "2017": "$12,914", "2016": "$13,673", "2015": "$15,748", "2014": "$14,226", "2013": "$15,105", "2012": "$13,430", "2011": "$13,960", "2010": "$13,536", "2009": "$14,165", "2008": "$13,497", "2007": "$12,994", "2006": "$11,955", "2005": "$10,592"}, "New York Community Bancorp Quarterly Long Term Debt (Millions of US $)": {"2020-09-30": "$15,683", "2020-06-30": "$15,008", "2020-03-31": "$14,933", "2019-12-31": "$14,558", "2019-09-30": "$13,626", "2019-06-30": "$13,082", "2019-03-31": "$13,258", "2018-12-31": "$14,208", "2018-09-30": "$13,840", "2018-06-30": "$13,794", "2018-03-31": "$13,344", "2017-12-31": "$12,914", "2017-09-30": "$12,364", "2017-06-30": "$12,364", "2017-03-31": "$13,213", "2016-12-31": "$13,673", "2016-09-30": "$14,002", "2016-06-30": "$13,908", "2016-03-31": "$13,345", "2015-12-31": "$15,748", "2015-09-30": "$14,724", "2015-06-30": "$14,011", "2015-03-31": "$13,264", "2014-12-31": "$14,226", "2014-09-30": "$14,397", "2014-06-30": "$15,302", "2014-03-31": "$14,827", "2013-12-31": "$15,105", "2013-09-30": "$14,565", "2013-06-30": "$12,992", "2013-03-31": "$13,179", "2012-12-31": "$13,430", "2012-09-30": "$13,601", "2012-06-30": "$12,589", "2012-03-31": "$14,276", "2011-12-31": "$13,960", "2011-09-30": "$13,415", "2011-06-30": "$13,017", "2011-03-31": "$13,020", "2010-12-31": "$13,536", "2010-09-30": "$13,595", "2010-06-30": "$13,666", "2010-03-31": "$13,876", "2009-12-31": "$14,165", "2009-09-30": "$13,864", "2009-06-30": "$14,059", "2009-03-31": "$13,866", "2008-12-31": "$13,497", "2008-09-30": "$13,451", "2008-06-30": "$13,224", "2008-03-31": "$12,992", "2007-12-31": "$12,994", "2007-09-30": "$12,198", "2007-06-30": "$11,638", "2007-03-31": "$11,635", "2006-12-31": "$11,955", "2006-09-30": "$11,217", "2006-06-30": "$11,142", "2006-03-31": "$11,264", "2005-12-31": "$10,592", "2005-09-30": "$10,354", "2005-06-30": "$10,142", "2005-03-31": "$10,542"}}, "total-liabilities": {"New York Community Bancorp Annual Total Liabilities (Millions of US $)": {"2019": "$46,929", "2018": "$45,244", "2017": "$42,329", "2016": "$42,803", "2015": "$44,383", "2014": "$42,777", "2013": "$40,953", "2012": "$38,489", "2011": "$36,459", "2010": "$35,664", "2009": "$36,787", "2008": "$28,248", "2007": "$26,398", "2006": "$24,793", "2005": "$22,959"}, "New York Community Bancorp Quarterly Total Liabilities (Millions of US $)": {"2020-09-30": "$48,197", "2020-06-30": "$47,517", "2020-03-31": "$47,624", "2019-12-31": "$46,929", "2019-09-30": "$45,843", "2019-06-30": "$46,102", "2019-03-31": "$45,502", "2018-12-31": "$45,244", "2018-09-30": "$44,453", "2018-06-30": "$43,680", "2018-03-31": "$42,874", "2017-12-31": "$42,329", "2017-09-30": "$41,698", "2017-06-30": "$41,613", "2017-03-31": "$42,177", "2016-12-31": "$42,803", "2016-09-30": "$43,372", "2016-06-30": "$42,997", "2016-03-31": "$42,531", "2015-12-31": "$44,383", "2015-09-30": "$43,219", "2015-06-30": "$42,834", "2015-03-31": "$42,457", "2014-12-31": "$42,777", "2014-09-30": "$42,902", "2014-06-30": "$42,844", "2014-03-31": "$41,825", "2013-12-31": "$40,953", "2013-09-30": "$40,067", "2013-06-30": "$38,497", "2013-03-31": "$38,846", "2012-12-31": "$38,489", "2012-09-30": "$38,451", "2012-06-30": "$37,876", "2012-03-31": "$37,458", "2011-12-31": "$36,459", "2011-09-30": "$36,395", "2011-06-30": "$35,043", "2011-03-31": "$35,506", "2010-12-31": "$35,664", "2010-09-30": "$36,211", "2010-06-30": "$36,564", "2010-03-31": "$37,017", "2009-12-31": "$36,787", "2009-09-30": "$28,544", "2009-06-30": "$28,649", "2009-03-31": "$28,167", "2008-12-31": "$28,248", "2008-09-30": "$27,876", "2008-06-30": "$26,794", "2008-03-31": "$26,752", "2007-12-31": "$26,398", "2007-09-30": "$26,008", "2007-06-30": "$25,662", "2007-03-31": "$24,266", "2006-12-31": "$24,793", "2006-09-30": "$25,212", "2006-06-30": "$25,032", "2006-03-31": "$23,812", "2005-12-31": "$22,959", "2005-09-30": "$21,763", "2005-06-30": "$21,954", "2005-03-31": "$21,414"}}, "total-share-holder-equity": {"New York Community Bancorp Annual Share Holder Equity (Millions of US $)": {"2019": "$6,712", "2018": "$6,655", "2017": "$6,795", "2016": "$6,124", "2015": "$5,935", "2014": "$5,782", "2013": "$5,736", "2012": "$5,656", "2011": "$5,566", "2010": "$5,526", "2009": "$5,367", "2008": "$4,219", "2007": "$4,182", "2006": "$3,690", "2005": "$3,325"}, "New York Community Bancorp Quarterly Share Holder Equity (Millions of US $)": {"2020-09-30": "$6,735", "2020-06-30": "$6,693", "2020-03-31": "$6,637", "2019-12-31": "$6,712", "2019-09-30": "$6,695", "2019-06-30": "$6,675", "2019-03-31": "$6,629", "2018-12-31": "$6,655", "2018-09-30": "$6,794", "2018-06-30": "$6,789", "2018-03-31": "$6,781", "2017-12-31": "$6,795", "2017-09-30": "$6,760", "2017-06-30": "$6,735", "2017-03-31": "$6,647", "2016-12-31": "$6,124", "2016-09-30": "$6,091", "2016-06-30": "$6,039", "2016-03-31": "$5,985", "2015-12-31": "$5,935", "2015-09-30": "$5,827", "2015-06-30": "$5,815", "2015-03-31": "$5,795", "2014-12-31": "$5,782", "2014-09-30": "$5,778", "2014-06-30": "$5,761", "2014-03-31": "$5,743", "2013-12-31": "$5,736", "2013-09-30": "$5,697", "2013-06-30": "$5,688", "2013-03-31": "$5,666", "2012-12-31": "$5,656", "2012-09-30": "$5,642", "2012-06-30": "$5,612", "2012-03-31": "$5,580", "2011-12-31": "$5,566", "2011-09-30": "$5,574", "2011-06-30": "$5,560", "2011-03-31": "$5,541", "2010-12-31": "$5,526", "2010-09-30": "$5,495", "2010-06-30": "$5,446", "2010-03-31": "$5,413", "2009-12-31": "$5,367", "2009-09-30": "$4,341", "2009-06-30": "$4,211", "2009-03-31": "$4,236", "2008-12-31": "$4,219", "2008-09-30": "$4,263", "2008-06-30": "$4,289", "2008-03-31": "$4,158", "2007-12-31": "$4,182", "2007-09-30": "$4,031", "2007-06-30": "$3,961", "2007-03-31": "$3,712", "2006-12-31": "$3,690", "2006-09-30": "$3,712", "2006-06-30": "$3,697", "2006-03-31": "$3,325", "2005-12-31": "$3,325", "2005-09-30": "$3,252", "2005-06-30": "$3,250", "2005-03-31": "$3,199"}}, "profit-margins": {"current": "28.43%"}, "gross margin": {"2020-12-31": "65.63%", "2020-09-30": "61.14%", "2020-06-30": "57.62%", "2020-03-31": "55.22%", "2019-12-31": "55.11%", "2019-09-30": "55.70%", "2019-06-30": "57.27%", "2019-03-31": "60.00%", "2018-12-31": "63.00%", "2018-09-30": "66.32%", "2018-06-30": "70.60%", "2018-03-31": "73.05%", "2017-12-31": "74.78%", "2017-09-30": "76.31%", "2017-06-30": "76.82%", "2017-03-31": "77.91%", "2016-12-31": "78.69%", "2016-09-30": "37.43%", "2016-06-30": "35.22%", "2016-03-31": "33.86%", "2015-12-31": "32.53%", "2015-09-30": "71.29%", "2015-06-30": "71.44%", "2015-03-31": "71.39%", "2014-12-31": "71.18%", "2014-09-30": "71.09%", "2014-06-30": "71.51%", "2014-03-31": "71.71%", "2013-12-31": "71.96%", "2013-09-30": "71.25%", "2013-06-30": "70.71%", "2013-03-31": "70.54%", "2012-12-31": "69.78%", "2012-09-30": "69.73%", "2012-06-30": "69.20%", "2012-03-31": "68.40%", "2011-12-31": "68.28%", "2011-09-30": "68.64%", "2011-06-30": "68.74%", "2011-03-31": "68.15%", "2010-12-31": "67.41%", "2010-09-30": "67.22%", "2010-06-30": "64.98%", "2010-03-31": "62.09%", "2009-12-31": "59.32%", "2009-09-30": "54.15%", "2009-06-30": "50.65%", "2009-03-31": "45.35%", "2008-12-31": "42.69%", "2008-09-30": "39.95%", "2008-06-30": "41.99%", "2008-03-31": "43.53%", "2007-12-31": "43.33%", "2007-09-30": "43.18%", "2007-06-30": "40.97%", "2007-03-31": "43.01%", "2006-12-31": "43.39%", "2006-09-30": "44.96%", "2006-06-30": "47.51%", "2006-03-31": "50.34%", "2005-12-31": "54.39%"}, "operating margin": {"2020-12-31": "33.18%", "2020-09-30": "30.12%", "2020-06-30": "28.16%", "2020-03-31": "27.13%", "2019-12-31": "27.69%", "2019-09-30": "27.77%", "2019-06-30": "28.50%", "2019-03-31": "29.75%", "2018-12-31": "31.33%", "2018-09-30": "32.93%", "2018-06-30": "34.21%", "2018-03-31": "36.08%", "2017-12-31": "37.11%", "2017-09-30": "38.37%", "2017-06-30": "40.59%", "2017-03-31": "41.61%", "2016-12-31": "43.27%", "2016-09-30": "3.18%", "2016-06-30": "2.05%", "2016-03-31": "1.65%", "2015-12-31": "0.68%", "2015-09-30": "40.17%", "2015-06-30": "40.39%", "2015-03-31": "40.32%", "2014-12-31": "41.03%", "2014-09-30": "40.62%", "2014-06-30": "39.93%", "2014-03-31": "39.71%", "2013-12-31": "38.73%", "2013-09-30": "38.10%", "2013-06-30": "38.22%", "2013-03-31": "37.74%", "2012-12-31": "37.36%", "2012-09-30": "36.57%", "2012-06-30": "35.79%", "2012-03-31": "35.06%", "2011-12-31": "34.90%", "2011-09-30": "36.26%", "2011-06-30": "36.63%", "2011-03-31": "37.10%", "2010-12-31": "37.17%", "2010-09-30": "38.19%", "2010-06-30": "37.28%", "2010-03-31": "34.19%", "2009-12-31": "33.04%", "2009-09-30": "28.97%", "2009-06-30": "26.40%", "2009-03-31": "5.09%", "2008-12-31": "3.33%", "2008-09-30": "0.56%", "2008-06-30": "5.38%", "2008-03-31": "24.01%", "2007-12-31": "24.02%", "2007-09-30": "24.06%", "2007-06-30": "21.10%", "2007-03-31": "22.47%", "2006-12-31": "23.23%", "2006-09-30": "22.62%", "2006-06-30": "25.37%", "2006-03-31": "30.48%", "2005-12-31": "34.40%"}, "ebitda margin": {"2020-09-30": "0.00%", "2020-06-30": "0.00%", "2020-03-31": "0.00%", "2019-12-31": "0.00%", "2019-09-30": "0.00%", "2019-06-30": "0.00%", "2019-03-31": "0.00%", "2018-12-31": "0.00%", "2018-09-30": "0.00%", "2018-06-30": "0.00%", "2018-03-31": "0.00%", "2017-12-31": "0.00%", "2017-09-30": "0.00%", "2017-06-30": "0.00%", "2017-03-31": "0.00%", "2016-12-31": "0.00%", "2016-09-30": "0.00%", "2016-06-30": "0.00%", "2016-03-31": "0.00%", "2015-12-31": "0.00%", "2015-09-30": "0.00%", "2015-06-30": "0.00%", "2015-03-31": "0.00%", "2014-12-31": "0.00%", "2014-09-30": "0.00%", "2014-06-30": "0.00%", "2014-03-31": "0.00%", "2013-12-31": "0.00%", "2013-09-30": "0.00%", "2013-06-30": "0.00%", "2013-03-31": "0.00%", "2012-12-31": "0.00%", "2012-09-30": "0.00%", "2012-06-30": "0.00%", "2012-03-31": "0.00%", "2011-12-31": "0.00%", "2011-09-30": "0.00%", "2011-06-30": "0.00%", "2011-03-31": "0.00%", "2010-12-31": "0.00%", "2010-09-30": "0.00%", "2010-06-30": "0.00%", "2010-03-31": "0.00%", "2009-12-31": "0.00%", "2009-09-30": "0.00%", "2009-06-30": "0.00%", "2009-03-31": "0.00%", "2008-12-31": "0.00%", "2008-09-30": "0.00%", "2008-06-30": "0.00%", "2008-03-31": "0.00%", "2007-12-31": "0.00%", "2007-09-30": "0.00%", "2007-06-30": "0.00%", "2007-03-31": "0.00%", "2006-12-31": "0.00%", "2006-09-30": "0.00%", "2006-06-30": "0.00%", "2006-03-31": "0.00%", "2005-12-31": "0.00%"}, "pre tax profit margin": {"2020-12-31": "33.18%", "2020-09-30": "30.12%", "2020-06-30": "28.16%", "2020-03-31": "27.13%", "2019-12-31": "27.69%", "2019-09-30": "27.77%", "2019-06-30": "28.50%", "2019-03-31": "29.75%", "2018-12-31": "31.33%", "2018-09-30": "32.93%", "2018-06-30": "34.21%", "2018-03-31": "36.08%", "2017-12-31": "37.11%", "2017-09-30": "38.05%", "2017-06-30": "40.09%", "2017-03-31": "41.05%", "2016-12-31": "42.67%", "2016-09-30": "-4.90%", "2016-06-30": "-5.88%", "2016-03-31": "-6.11%", "2015-12-31": "-6.94%", "2015-09-30": "40.17%", "2015-06-30": "40.39%", "2015-03-31": "40.32%", "2014-12-31": "41.03%", "2014-09-30": "40.62%", "2014-06-30": "39.93%", "2014-03-31": "39.71%", "2013-12-31": "38.73%", "2013-09-30": "38.10%", "2013-06-30": "38.22%", "2013-03-31": "37.74%", "2012-12-31": "37.36%", "2012-09-30": "36.57%", "2012-06-30": "35.79%", "2012-03-31": "35.06%", "2011-12-31": "34.90%", "2011-09-30": "36.26%", "2011-06-30": "36.63%", "2011-03-31": "37.10%", "2010-12-31": "37.17%", "2010-09-30": "38.19%", "2010-06-30": "37.28%", "2010-03-31": "34.19%", "2009-12-31": "33.04%", "2009-09-30": "28.97%", "2009-06-30": "26.40%", "2009-03-31": "5.09%", "2008-12-31": "3.33%", "2008-09-30": "0.56%", "2008-06-30": "5.38%", "2008-03-31": "24.01%", "2007-12-31": "24.02%", "2007-09-30": "24.06%", "2007-06-30": "21.10%", "2007-03-31": "22.47%", "2006-12-31": "23.23%", "2006-09-30": "22.97%", "2006-06-30": "25.73%", "2006-03-31": "30.86%", "2005-12-31": "34.80%"}, "net profit margin": {"2020-12-31": "27.02%", "2020-09-30": "21.71%", "2020-06-30": "20.24%", "2020-03-31": "19.46%", "2019-12-31": "19.16%", "2019-09-30": "19.24%", "2019-06-30": "19.99%", "2019-03-31": "20.88%", "2018-12-31": "21.90%", "2018-09-30": "24.49%", "2018-06-30": "23.91%", "2018-03-31": "24.22%", "2017-12-31": "24.50%", "2017-09-30": "23.36%", "2017-06-30": "25.25%", "2017-03-31": "26.21%", "2016-12-31": "27.18%", "2016-09-30": "-1.18%", "2016-06-30": "-1.78%", "2016-03-31": "-1.91%", "2015-12-31": "-2.47%", "2015-09-30": "25.37%", "2015-06-30": "25.44%", "2015-03-31": "25.37%", "2014-12-31": "25.53%", "2014-09-30": "25.20%", "2014-06-30": "24.75%", "2014-03-31": "24.75%", "2013-12-31": "24.56%", "2013-09-30": "24.16%", "2013-06-30": "24.40%", "2013-03-31": "24.04%", "2012-12-31": "23.75%", "2012-09-30": "23.40%", "2012-06-30": "22.97%", "2012-03-31": "22.67%", "2011-12-31": "22.68%", "2011-09-30": "23.64%", "2011-06-30": "23.82%", "2011-03-31": "24.05%", "2010-12-31": "24.02%", "2010-09-30": "24.42%", "2010-06-30": "24.48%", "2010-03-31": "22.76%", "2009-12-31": "22.27%", "2009-09-30": "20.79%", "2009-06-30": "18.77%", "2009-03-31": "5.83%", "2008-12-31": "4.75%", "2008-09-30": "2.61%", "2008-06-30": "5.56%", "2008-03-31": "16.67%", "2007-12-31": "16.63%", "2007-09-30": "16.14%", "2007-06-30": "13.98%", "2007-03-31": "14.96%", "2006-12-31": "15.49%", "2006-09-30": "15.13%", "2006-06-30": "17.01%", "2006-03-31": "20.40%", "2005-12-31": "22.88%"}, "pe ratio": {"current": "11.44", "2021-02-05": "16.27", "2020-12-31": "16.22", "2020-09-30": "9.49", "2020-06-30": "12.08", "2020-03-31": "11.22", "2019-12-31": "14.33", "2019-09-30": "14.94", "2019-06-30": "11.56", "2019-03-31": "13.02", "2018-12-31": "10.31", "2018-09-30": "10.26", "2018-06-30": "10.62", "2018-03-31": "12.08", "2017-12-31": "11.79", "2017-09-30": "11.91", "2017-06-30": "11.32", "2017-03-31": "11.40", "2016-12-31": "12.08", "2016-09-30": "0.00", "2016-06-30": "0.00", "2016-03-31": "0.00", "2015-12-31": "0.00", "2015-09-30": "11.84", "2015-06-30": "11.78", "2015-03-31": "10.66", "2014-12-31": "10.13", "2014-09-30": "10.17", "2014-06-30": "10.17", "2014-03-31": "9.97", "2013-12-31": "10.19", "2013-09-30": "8.91", "2013-06-30": "7.91", "2013-03-31": "7.82", "2012-12-31": "7.00", "2012-09-30": "7.50", "2012-06-30": "6.63", "2012-03-31": "7.42", "2011-12-31": "6.41", "2011-09-30": "5.68", "2011-06-30": "6.79", "2011-03-31": "7.45", "2010-12-31": "7.96", "2010-09-30": "6.22", "2010-06-30": "5.89", "2010-03-31": "7.09", "2009-12-31": "6.27", "2009-09-30": "5.55", "2009-06-30": "5.70", "2009-03-31": "19.96", "2008-12-31": "24.75", "2008-09-30": "57.76", "2008-06-30": "24.55", "2008-03-31": "8.70", "2007-12-31": "8.28", "2007-09-30": "9.15", "2007-06-30": "9.70", "2007-03-31": "9.13", "2006-12-31": "7.94"}, "price sales": {"2021-02-05": "2.73", "2020-12-31": "2.72", "2020-09-30": "2.06", "2020-06-30": "2.44", "2020-03-31": "2.17", "2019-12-31": "2.72", "2019-09-30": "2.83", "2019-06-30": "2.28", "2019-03-31": "2.68", "2018-12-31": "2.23", "2018-09-30": "2.49", "2018-06-30": "2.52", "2018-03-31": "2.92", "2017-12-31": "2.87", "2017-09-30": "2.75", "2017-06-30": "2.84", "2017-03-31": "2.96", "2016-12-31": "3.28", "2016-09-30": "2.79", "2016-06-30": "2.84", "2016-03-31": "2.87", "2015-12-31": "2.82", "2015-09-30": "3.04", "2015-06-30": "3.03", "2015-03-31": "2.73", "2014-12-31": "2.61", "2014-09-30": "2.57", "2014-06-30": "2.54", "2014-03-31": "2.48", "2013-12-31": "2.51", "2013-09-30": "2.18", "2013-06-30": "1.94", "2013-03-31": "1.89", "2012-12-31": "1.67", "2012-09-30": "1.76", "2012-06-30": "1.53", "2012-03-31": "1.68", "2011-12-31": "1.45", "2011-09-30": "1.33", "2011-06-30": "1.60", "2011-03-31": "1.79", "2010-12-31": "1.92", "2010-09-30": "1.55", "2010-06-30": "1.47", "2010-03-31": "1.61", "2009-12-31": "1.40", "2009-09-30": "1.14", "2009-06-30": "1.06", "2009-03-31": "1.09", "2008-12-31": "1.12", "2008-09-30": "1.52", "2008-06-30": "1.47", "2008-03-31": "1.45", "2007-12-31": "1.38", "2007-09-30": "1.48", "2007-06-30": "1.36", "2007-03-31": "1.36", "2006-12-31": "1.24"}, "price book": {"current": "0.76", "2021-02-05": "0.72", "2020-09-30": "0.55", "2020-06-30": "0.67", "2020-03-31": "0.61", "2019-12-31": "0.77", "2019-09-30": "0.79", "2019-06-30": "0.62", "2019-03-31": "0.72", "2018-12-31": "0.58", "2018-09-30": "0.64", "2018-06-30": "0.67", "2018-03-31": "0.78", "2017-12-31": "0.76", "2017-09-30": "0.75", "2017-06-30": "0.76", "2017-03-31": "0.80", "2016-12-31": "0.98", "2016-09-30": "0.87", "2016-06-30": "0.91", "2016-03-31": "0.97", "2015-12-31": "0.99", "2015-09-30": "1.00", "2015-06-30": "1.01", "2015-03-31": "0.91", "2014-12-31": "0.85", "2014-09-30": "0.83", "2014-06-30": "0.83", "2014-03-31": "0.82", "2013-12-31": "0.85", "2013-09-30": "0.75", "2013-06-30": "0.69", "2013-03-31": "0.69", "2012-12-31": "0.62", "2012-09-30": "0.66", "2012-06-30": "0.58", "2012-03-31": "0.63", "2011-12-31": "0.55", "2011-09-30": "0.52", "2011-06-30": "0.64", "2011-03-31": "0.73", "2010-12-31": "0.78", "2010-09-30": "0.67", "2010-06-30": "0.63", "2010-03-31": "0.67", "2009-12-31": "0.58", "2009-09-30": "0.45", "2009-06-30": "0.42", "2009-03-31": "0.42", "2008-12-31": "0.45", "2008-09-30": "0.61", "2008-06-30": "0.63", "2008-03-31": "0.62", "2007-12-31": "0.58", "2007-09-30": "0.63", "2007-06-30": "0.56", "2007-03-31": "0.58", "2006-12-31": "0.52", "2006-09-30": "0.52", "2006-06-30": "0.52", "2006-03-31": "0.55"}, "price fcf": {"2021-02-05": "", "2020-09-30": "$0.92", "2020-06-30": "$0.88", "2020-03-31": "$1.05", "2019-12-31": "$1.11", "2019-09-30": "$1.38", "2019-06-30": "$0.95", "2019-03-31": "$1.14", "2018-12-31": "$1.09", "2018-09-30": "$0.46", "2018-06-30": "$2.31", "2018-03-31": "$2.23", "2017-12-31": "$2.67", "2017-09-30": "$3.36", "2017-06-30": "$1.97", "2017-03-31": "$1.50", "2016-12-31": "$1.38", "2016-09-30": "$-0.89", "2016-06-30": "$-0.90", "2016-03-31": "$-0.54", "2015-12-31": "$-1.01", "2015-09-30": "$1.01", "2015-06-30": "$1.66", "2015-03-31": "$1.22", "2014-12-31": "$1.47", "2014-09-30": "$1.08", "2014-06-30": "$1.74", "2014-03-31": "$2.02", "2013-12-31": "$3.05", "2013-09-30": "$3.02", "2013-06-30": "$1.82", "2013-03-31": "$0.97", "2012-12-31": "$1.23", "2012-09-30": "$1.59", "2012-06-30": "$0.54", "2012-03-31": "$1.58", "2011-12-31": "$1.81", "2011-09-30": "$2.07", "2011-06-30": "$2.53", "2011-03-31": "$2.12", "2010-12-31": "$-0.27", "2010-09-30": "$-0.65", "2010-06-30": "$0.00", "2010-03-31": "$0.34", "2009-12-31": "$0.59", "2009-09-30": "$1.10", "2009-06-30": "$1.16", "2009-03-31": "$0.23", "2008-12-31": "$0.66", "2008-09-30": "$-0.12", "2008-06-30": "$0.10", "2008-03-31": "$1.36", "2007-12-31": "$1.25", "2007-09-30": "$1.49", "2007-06-30": "$1.04", "2007-03-31": "$0.79", "2006-12-31": "$0.98"}, "net worth": {"value": "$4.83B"}, "current ratio": {"2020-12-31": "1.38", "2020-09-30": "1.40", "2020-06-30": "1.38", "2020-03-31": "1.36", "2019-12-31": "1.34", "2019-09-30": "1.32", "2019-06-30": "1.30", "2019-03-31": "1.31", "2018-12-31": "1.35", "2018-09-30": "1.37", "2018-06-30": "1.40", "2018-03-31": "1.42", "2017-12-31": "1.40", "2017-09-30": "1.41", "2017-06-30": "1.39", "2017-03-31": "1.39", "2016-12-31": "1.38", "2016-09-30": "1.39", "2016-06-30": "1.38", "2016-03-31": "1.35", "2015-12-31": "1.36", "2015-09-30": "1.31", "2015-06-30": "1.28", "2015-03-31": "1.25", "2014-12-31": "1.28", "2014-09-30": "1.27", "2014-06-30": "1.29", "2014-03-31": "1.28", "2013-12-31": "1.30", "2013-09-30": "1.32", "2013-06-30": "1.30", "2013-03-31": "1.33", "2012-12-31": "1.37", "2012-09-30": "1.38", "2012-06-30": "1.36", "2012-03-31": "1.43", "2011-12-31": "1.44", "2011-09-30": "1.38", "2011-06-30": "1.36", "2011-03-31": "1.39", "2010-12-31": "1.42", "2010-09-30": "1.42", "2010-06-30": "1.41", "2010-03-31": "1.38", "2009-12-31": "1.39", "2009-09-30": "1.60", "2009-06-30": "1.59", "2009-03-31": "1.59", "2008-12-31": "1.55", "2008-09-30": "1.53", "2008-06-30": "1.58", "2008-03-31": "1.55", "2007-12-31": "1.57", "2007-09-30": "1.49", "2007-06-30": "1.44", "2007-03-31": "1.56", "2006-12-31": "1.57", "2006-09-30": "1.45", "2006-06-30": "1.44", "2006-03-31": "1.48", "2005-12-31": "1.41", "2005-09-30": "1.43", "2005-06-30": "1.37", "2005-03-31": "1.38"}, "quick ratio": {"2020-12-31": "0.00", "2020-09-30": "0.00", "2020-06-30": "0.00", "2020-03-31": "0.00", "2019-12-31": "0.00", "2019-09-30": "0.00", "2019-06-30": "0.00", "2019-03-31": "0.00", "2018-12-31": "0.00", "2018-09-30": "0.00", "2018-06-30": "0.00", "2018-03-31": "0.00", "2017-12-31": "0.00", "2017-09-30": "0.00", "2017-06-30": "0.00", "2017-03-31": "0.00", "2016-12-31": "0.00", "2016-09-30": "0.00", "2016-06-30": "0.00", "2016-03-31": "0.00", "2015-12-31": "0.00", "2015-09-30": "0.00", "2015-06-30": "0.00", "2015-03-31": "0.00", "2014-12-31": "0.00", "2014-09-30": "0.00", "2014-06-30": "0.00", "2014-03-31": "0.00", "2013-12-31": "0.00", "2013-09-30": "0.00", "2013-06-30": "0.00", "2013-03-31": "0.00", "2012-12-31": "0.00", "2012-09-30": "0.00", "2012-06-30": "0.00", "2012-03-31": "0.00", "2011-12-31": "0.00", "2011-09-30": "0.00", "2011-06-30": "0.00", "2011-03-31": "0.00", "2010-12-31": "0.00", "2010-09-30": "0.00", "2010-06-30": "0.00", "2010-03-31": "0.00", "2009-12-31": "0.00", "2009-09-30": "0.00", "2009-06-30": "0.00", "2009-03-31": "0.00", "2008-12-31": "0.00", "2008-09-30": "0.00", "2008-06-30": "0.00", "2008-03-31": "0.00", "2007-12-31": "0.00", "2007-09-30": "0.00", "2007-06-30": "0.00", "2007-03-31": "0.00", "2006-12-31": "0.00", "2006-09-30": "0.00", "2006-06-30": "0.00", "2006-03-31": "0.00", "2005-12-31": "0.00", "2005-09-30": "0.00", "2005-06-30": "0.00", "2005-03-31": "0.00"}, "debt equity ratio": {"current": "2.54", "2020-12-31": "7.23", "2020-09-30": "7.16", "2020-06-30": "7.10", "2020-03-31": "7.18", "2019-12-31": "6.99", "2019-09-30": "6.85", "2019-06-30": "6.91", "2019-03-31": "6.86", "2018-12-31": "6.80", "2018-09-30": "6.54", "2018-06-30": "6.43", "2018-03-31": "6.32", "2017-12-31": "6.23", "2017-09-30": "6.17", "2017-06-30": "6.18", "2017-03-31": "6.35", "2016-12-31": "6.99", "2016-09-30": "7.12", "2016-06-30": "7.12", "2016-03-31": "7.11", "2015-12-31": "7.48", "2015-09-30": "7.42", "2015-06-30": "7.37", "2015-03-31": "7.33", "2014-12-31": "7.40", "2014-09-30": "7.43", "2014-06-30": "7.44", "2014-03-31": "7.28", "2013-12-31": "7.14", "2013-09-30": "7.03", "2013-06-30": "6.77", "2013-03-31": "6.86", "2012-12-31": "6.81", "2012-09-30": "6.82", "2012-06-30": "6.75", "2012-03-31": "6.71", "2011-12-31": "6.55", "2011-09-30": "6.53", "2011-06-30": "6.30", "2011-03-31": "6.41", "2010-12-31": "6.45", "2010-09-30": "6.59", "2010-06-30": "6.71", "2010-03-31": "6.84", "2009-12-31": "6.85", "2009-09-30": "6.58", "2009-06-30": "6.80", "2009-03-31": "6.65", "2008-12-31": "6.70", "2008-09-30": "6.54", "2008-06-30": "6.25", "2008-03-31": "6.43", "2007-12-31": "6.31", "2007-09-30": "6.45", "2007-06-30": "6.48", "2007-03-31": "6.54", "2006-12-31": "6.72", "2006-09-30": "6.79", "2006-06-30": "6.77", "2006-03-31": "7.16", "2005-12-31": "6.91", "2005-09-30": "6.69", "2005-06-30": "6.76", "2005-03-31": "6.70"}, "return on equity": {"2020-12-31": "7.11%", "2020-09-30": "5.83%", "2020-06-30": "5.58%", "2020-03-31": "5.46%", "2019-12-31": "5.42%", "2019-09-30": "5.45%", "2019-06-30": "5.55%", "2019-03-31": "5.67%", "2018-12-31": "5.77%", "2018-09-30": "6.24%", "2018-06-30": "6.30%", "2018-03-31": "6.43%", "2017-12-31": "6.55%", "2017-09-30": "6.52%", "2017-06-30": "7.05%", "2017-03-31": "7.55%", "2016-12-31": "8.17%", "2016-09-30": "-0.37%", "2016-06-30": "-0.55%", "2016-03-31": "-0.61%", "2015-12-31": "-0.80%", "2015-09-30": "8.36%", "2015-06-30": "8.46%", "2015-03-31": "8.39%", "2014-12-31": "8.34%", "2014-09-30": "8.15%", "2014-06-30": "8.07%", "2014-03-31": "8.19%", "2013-12-31": "8.30%", "2013-09-30": "8.33%", "2013-06-30": "8.63%", "2013-03-31": "8.81%", "2012-12-31": "8.82%", "2012-09-30": "8.82%", "2012-06-30": "8.67%", "2012-03-31": "8.47%", "2011-12-31": "8.58%", "2011-09-30": "9.21%", "2011-06-30": "9.55%", "2011-03-31": "9.81%", "2010-12-31": "9.89%", "2010-09-30": "10.05%", "2010-06-30": "9.90%", "2010-03-31": "8.98%", "2009-12-31": "8.79%", "2009-09-30": "8.14%", "2009-06-30": "7.21%", "2009-03-31": "2.21%", "2008-12-31": "1.82%", "2008-09-30": "0.99%", "2008-06-30": "2.28%", "2008-03-31": "7.00%", "2007-12-31": "7.03%", "2007-09-30": "6.89%", "2007-06-30": "5.73%", "2007-03-31": "6.24%", "2006-12-31": "6.43%", "2006-09-30": "6.15%", "2006-06-30": "6.82%", "2006-03-31": "8.12%", "2005-12-31": "8.97%"}, "return on assets": {"2020-12-31": "0.87%", "2020-09-30": "0.72%", "2020-06-30": "0.70%", "2020-03-31": "0.68%", "2019-12-31": "0.69%", "2019-09-30": "0.69%", "2019-06-30": "0.71%", "2019-03-31": "0.74%", "2018-12-31": "0.77%", "2018-09-30": "0.85%", "2018-06-30": "0.86%", "2018-03-31": "0.89%", "2017-12-31": "0.91%", "2017-09-30": "0.88%", "2017-06-30": "0.92%", "2017-03-31": "0.96%", "2016-12-31": "1.01%", "2016-09-30": "-0.04%", "2016-06-30": "-0.07%", "2016-03-31": "-0.07%", "2015-12-31": "-0.10%", "2015-09-30": "1.00%", "2015-06-30": "1.01%", "2015-03-31": "1.00%", "2014-12-31": "0.99%", "2014-09-30": "0.98%", "2014-06-30": "0.98%", "2014-03-31": "1.02%", "2013-12-31": "1.04%", "2013-09-30": "1.06%", "2013-06-30": "1.11%", "2013-03-31": "1.13%", "2012-12-31": "1.14%", "2012-09-30": "1.14%", "2012-06-30": "1.14%", "2012-03-31": "1.13%", "2011-12-31": "1.15%", "2011-09-30": "1.24%", "2011-06-30": "1.28%", "2011-03-31": "1.30%", "2010-12-31": "1.29%", "2010-09-30": "1.30%", "2010-06-30": "1.28%", "2010-03-31": "1.15%", "2009-12-31": "1.14%", "2009-09-30": "1.06%", "2009-06-30": "0.94%", "2009-03-31": "0.29%", "2008-12-31": "0.24%", "2008-09-30": "0.13%", "2008-06-30": "0.31%", "2008-03-31": "0.94%", "2007-12-31": "0.94%", "2007-09-30": "0.91%", "2007-06-30": "0.75%", "2007-03-31": "0.81%", "2006-12-31": "0.82%", "2006-09-30": "0.78%", "2006-06-30": "0.87%", "2006-03-31": "1.03%", "2005-12-31": "1.16%"}, "return on investments": {"2020-12-31": "2.65%", "2020-09-30": "2.49%", "2020-06-30": "2.45%", "2020-03-31": "2.46%", "2019-12-31": "2.58%", "2019-09-30": "2.59%", "2019-06-30": "2.61%", "2019-03-31": "2.65%", "2018-12-31": "2.72%", "2018-09-30": "2.81%", "2018-06-30": "3.07%", "2018-03-31": "3.32%", "2017-12-31": "3.43%", "2017-09-30": "3.61%", "2017-06-30": "3.68%", "2017-03-31": "3.74%", "2016-12-31": "3.98%", "2016-09-30": "0.29%", "2016-06-30": "0.19%", "2016-03-31": "0.15%", "2015-12-31": "0.06%", "2015-09-30": "3.87%", "2015-06-30": "3.94%", "2015-03-31": "3.84%", "2014-12-31": "3.78%", "2014-09-30": "3.66%", "2014-06-30": "3.61%", "2014-03-31": "3.74%", "2013-12-31": "3.80%", "2013-09-30": "3.88%", "2013-06-30": "4.04%", "2013-03-31": "4.14%", "2012-12-31": "4.08%", "2012-09-30": "4.02%", "2012-06-30": "3.94%", "2012-03-31": "3.79%", "2011-12-31": "3.88%", "2011-09-30": "4.17%", "2011-06-30": "4.31%", "2011-03-31": "4.39%", "2010-12-31": "4.37%", "2010-09-30": "4.43%", "2010-06-30": "4.07%", "2010-03-31": "3.46%", "2009-12-31": "3.20%", "2009-09-30": "2.67%", "2009-06-30": "2.39%", "2009-03-31": "0.46%", "2008-12-31": "0.31%", "2008-09-30": "0.05%", "2008-06-30": "0.54%", "2008-03-31": "2.49%", "2007-12-31": "2.50%", "2007-09-30": "2.52%", "2007-06-30": "2.12%", "2007-03-31": "2.28%", "2006-12-31": "2.32%", "2006-09-30": "2.22%", "2006-06-30": "2.43%", "2006-03-31": "2.88%", "2005-12-31": "3.21%"}, "return on tangible equity": {"2020-09-30": "9.14%", "2020-06-30": "8.76%", "2020-03-31": "8.58%", "2019-12-31": "8.52%", "2019-09-30": "8.57%", "2019-06-30": "8.72%", "2019-03-31": "8.90%", "2018-12-31": "9.04%", "2018-09-30": "9.75%", "2018-06-30": "9.84%", "2018-03-31": "10.05%", "2017-12-31": "10.41%", "2017-09-30": "10.66%", "2017-06-30": "11.88%", "2017-03-31": "13.15%", "2016-12-31": "14.50%", "2016-09-30": "-0.65%", "2016-06-30": "-1.00%", "2016-03-31": "-1.12%", "2015-12-31": "-1.49%", "2015-09-30": "15.50%", "2015-06-30": "15.73%", "2015-03-31": "15.62%", "2014-12-31": "15.59%", "2014-09-30": "15.28%", "2014-06-30": "15.19%", "2014-03-31": "15.44%", "2013-12-31": "15.64%", "2013-09-30": "15.64%", "2013-06-30": "16.12%", "2013-03-31": "16.41%", "2012-12-31": "16.47%", "2012-09-30": "16.52%", "2012-06-30": "16.27%", "2012-03-31": "15.95%", "2011-12-31": "16.02%", "2011-09-30": "17.24%", "2011-06-30": "17.83%", "2011-03-31": "18.26%", "2010-12-31": "18.54%", "2010-09-30": "18.84%", "2010-06-30": "19.48%", "2010-03-31": "18.80%", "2009-12-31": "19.77%", "2009-09-30": "19.93%", "2009-06-30": "17.83%", "2009-03-31": "5.45%", "2008-12-31": "4.53%", "2008-09-30": "2.49%", "2008-06-30": "5.78%", "2008-03-31": "18.06%", "2007-12-31": "18.05%", "2007-09-30": "17.71%", "2007-06-30": "14.73%", "2007-03-31": "15.98%", "2006-12-31": "16.64%", "2006-09-30": "16.00%", "2006-06-30": "17.89%", "2006-03-31": "21.42%", "2005-12-31": "23.83%"}, "dividend yield history": {"last payout": "$0.68", "last yield": "6.53%"}}