{"ticker": "NRZ", "price": {"title": "New Residential Investment Historical Annual Stock Price Data", "value": 10.02, "historical": {"2020": {"Average Stock Price": "9.3485", "Year Open": "16.2700", "Year High": "17.6300", "Year Low": "3.3300", "Year Close": "9.9400", "Annual % Change": "-38.30%"}, "2019": {"Average Stock Price": "15.8496", "Year Open": "14.3300", "Year High": "17.1700", "Year Low": "13.9100", "Year Close": "16.1100", "Annual % Change": "13.37%"}, "2018": {"Average Stock Price": "17.4244", "Year Open": "17.5900", "Year High": "18.6800", "Year Low": "14.0000", "Year Close": "14.2100", "Annual % Change": "-20.53%"}, "2017": {"Average Stock Price": "16.7273", "Year Open": "15.8100", "Year High": "18.3000", "Year Low": "15.1500", "Year Close": "17.8800", "Annual % Change": "13.74%"}, "2016": {"Average Stock Price": "13.1762", "Year Open": "12.1200", "Year High": "16.3600", "Year Low": "9.8600", "Year Close": "15.7200", "Annual % Change": "29.28%"}, "2015": {"Average Stock Price": "14.3693", "Year Open": "12.9200", "Year High": "17.7800", "Year Low": "10.4300", "Year Close": "12.1600", "Annual % Change": "-4.78%"}, "2014": {"Average Stock Price": "12.6533", "Year Open": "13.3200", "Year High": "13.7200", "Year Low": "11.5800", "Year Close": "12.7700", "Annual % Change": "-4.42%"}, "2013": {"Average Stock Price": "13.1020", "Year Open": "13.5200", "Year High": "14.2000", "Year Low": "11.7000", "Year Close": "13.3600", "Annual % Change": "0.00%"}}}, "market cap": {"value": "$4.17B"}, "income statement": {"Revenue": {"2019-12-31": "2151.28900", "2018-12-31": "2192.81800", "2017-12-31": "1944.02800", "2016-12-31": "1194.90400", "2015-12-31": "645.07200", "2014-12-31": "346.85700", "2013-12-31": "87.56700", "2012-12-31": "33.75900", "2011-12-31": "1.26000"}, "Cost Of Goods Sold": {"2019-12-31": "", "2018-12-31": "", "2017-12-31": "", "2016-12-31": "", "2015-12-31": "", "2014-12-31": "", "2013-12-31": "", "2012-12-31": "", "2011-12-31": ""}, "Gross Profit": {"2019-12-31": "2151.28900", "2018-12-31": "2192.81800", "2017-12-31": "1944.02800", "2016-12-31": "1194.90400", "2015-12-31": "645.07200", "2014-12-31": "346.85700", "2013-12-31": "87.56700", "2012-12-31": "33.75900", "2011-12-31": "1.26000"}, "Research And Development Expenses": {"2019-12-31": "", "2018-12-31": "", "2017-12-31": "", "2016-12-31": "", "2015-12-31": "", "2014-12-31": "", "2013-12-31": "", "2012-12-31": "", "2011-12-31": ""}, "SG&A Expenses": {"2019-12-31": "538.03500", "2018-12-31": "231.57900", "2017-12-31": "67.15900", "2016-12-31": "38.57000", "2015-12-31": "61.86200", "2014-12-31": "27.00100", "2013-12-31": "9.97500", "2012-12-31": "5.87800", "2011-12-31": "0.87400"}, "Other Operating Income Or Expenses": {"2019-12-31": "-31.80400", "2018-12-31": "-423.70600", "2017-12-31": "-233.72400", "2016-12-31": "-161.28300", "2015-12-31": "-38.31600", "2014-12-31": "285.90800", "2013-12-31": "203.05500", "2012-12-31": "14.07000", "2011-12-31": "0.32800"}, "Operating Expenses": {"2019-12-31": "569.83900", "2018-12-31": "655.28500", "2017-12-31": "300.88300", "2016-12-31": "199.85300", "2015-12-31": "100.17800", "2014-12-31": "-258.90700", "2013-12-31": "-193.08000", "2012-12-31": "-8.19200", "2011-12-31": "0.54600"}, "Operating Income": {"2019-12-31": "1581.45000", "2018-12-31": "1537.53300", "2017-12-31": "1643.14500", "2016-12-31": "995.05100", "2015-12-31": "544.89400", "2014-12-31": "605.76400", "2013-12-31": "280.64700", "2012-12-31": "41.95100", "2011-12-31": "0.71400"}, "Total Non-Operating Income/Expense": {"2019-12-31": "-933.75100", "2018-12-31": "-606.43300", "2017-12-31": "-460.86500", "2016-12-31": "-373.42400", "2015-12-31": "-274.01300", "2014-12-31": "-140.70800", "2013-12-31": "-15.02400", "2012-12-31": "-0.70400", "2011-12-31": ""}, "Pre-Tax Income": {"2019-12-31": "647.69900", "2018-12-31": "931.10000", "2017-12-31": "1182.28000", "2016-12-31": "621.62700", "2015-12-31": "270.88100", "2014-12-31": "465.05600", "2013-12-31": "265.62300", "2012-12-31": "41.24700", "2011-12-31": "0.71400"}, "Income Taxes": {"2019-12-31": "41.76600", "2018-12-31": "-73.43100", "2017-12-31": "167.62800", "2016-12-31": "38.91100", "2015-12-31": "-11.00100", "2014-12-31": "22.95700", "2013-12-31": "", "2012-12-31": "", "2011-12-31": ""}, "Income After Taxes": {"2019-12-31": "605.93300", "2018-12-31": "1004.53100", "2017-12-31": "1014.65200", "2016-12-31": "582.71600", "2015-12-31": "281.88200", "2014-12-31": "442.09900", "2013-12-31": "265.62300", "2012-12-31": "41.24700", "2011-12-31": "0.71400"}, "Other Income": {"2019-12-31": "", "2018-12-31": "", "2017-12-31": "", "2016-12-31": "", "2015-12-31": "", "2014-12-31": "", "2013-12-31": "", "2012-12-31": "", "2011-12-31": ""}, "Income From Continuous Operations": {"2019-12-31": "605.93300", "2018-12-31": "1004.53100", "2017-12-31": "1014.65200", "2016-12-31": "582.71600", "2015-12-31": "281.88200", "2014-12-31": "442.09900", "2013-12-31": "265.62300", "2012-12-31": "41.24700", "2011-12-31": "0.71400"}, "Income From Discontinued Operations": {"2019-12-31": "", "2018-12-31": "", "2017-12-31": "", "2016-12-31": "", "2015-12-31": "", "2014-12-31": "", "2013-12-31": "", "2012-12-31": "", "2011-12-31": ""}, "Net Income": {"2019-12-31": "550.01500", "2018-12-31": "963.96700", "2017-12-31": "957.53300", "2016-12-31": "504.45300", "2015-12-31": "268.63600", "2014-12-31": "352.87700", "2013-12-31": "265.94900", "2012-12-31": "41.24700", "2011-12-31": "0.71400"}, "EBITDA": {"2019-12-31": "1202.32100", "2018-12-31": "835.56610", "2017-12-31": "611.76100", "2016-12-31": "247.11900", "2015-12-31": "19.59610", "2014-12-31": "327.35600", "2013-12-31": "221.39700", "2012-12-31": "9.11600", "2011-12-31": "0.71400"}, "EBIT": {"2019-12-31": "1581.45000", "2018-12-31": "1537.53300", "2017-12-31": "1643.14500", "2016-12-31": "995.05100", "2015-12-31": "544.89400", "2014-12-31": "605.76400", "2013-12-31": "280.64700", "2012-12-31": "41.95100", "2011-12-31": "0.71400"}, "Basic Shares Outstanding": {"2019-12-31": "408.79000", "2018-12-31": "341.26900", "2017-12-31": "302.23800", "2016-12-31": "238.12270", "2015-12-31": "200.73980", "2014-12-31": "136.47300", "2013-12-31": "126.53900", "2012-12-31": "126.51280", "2011-12-31": "126.51280"}, "Shares Outstanding": {"2019-12-31": "408.99000", "2018-12-31": "343.13700", "2017-12-31": "304.38100", "2016-12-31": "238.48680", "2015-12-31": "202.90760", "2014-12-31": "139.56600", "2013-12-31": "128.68410", "2012-12-31": "126.51280", "2011-12-31": "126.51280"}, "Basic EPS": {"2019-12-31": "1.35000", "2018-12-31": "2.82000", "2017-12-31": "3.17000", "2016-12-31": "2.12000", "2015-12-31": "1.34000", "2014-12-31": "2.59000", "2013-12-31": "2.10000", "2012-12-31": "0.33000", "2011-12-31": "0.00560"}, "EPS - Earnings Per Share": {"2019-12-31": "1.34000", "2018-12-31": "2.81000", "2017-12-31": "3.15000", "2016-12-31": "2.12000", "2015-12-31": "1.32000", "2014-12-31": "2.53000", "2013-12-31": "2.07000", "2012-12-31": "0.33000", "2011-12-31": "0.00560"}}, "income statement, quarterly": {"Revenue": {"2020-09-30": "189.91900", "2020-06-30": "141.73900", "2020-03-31": "113.25800", "2019-12-31": "714.88210", "2019-09-30": "501.17700", "2019-06-30": "330.51000", "2019-03-31": "604.72000", "2018-12-31": "441.13210", "2018-09-30": "600.87900", "2018-06-30": "549.99800", "2018-03-31": "600.80900", "2017-12-31": "512.34900", "2017-09-30": "455.73600", "2017-06-30": "642.80300", "2017-03-31": "333.14000", "2016-12-31": "445.00310", "2016-09-30": "282.38800", "2016-06-30": "277.47700", "2016-03-31": "190.03600", "2015-12-31": "200.18100", "2015-09-30": "182.34100", "2015-06-30": "178.17700", "2015-03-31": "84.37300", "2014-12-31": "85.12400", "2014-09-30": "97.58700", "2014-06-30": "92.65600", "2014-03-31": "71.49000", "2013-12-31": "26.49200", "2013-09-30": "21.88500", "2013-06-30": "22.99900", "2013-03-31": "16.19100", "2012-12-31": "14.94800", "2012-09-30": "12.29500", "2012-06-30": "4.47900", "2012-03-31": "2.03700", "2011-12-31": ""}, "Cost Of Goods Sold": {"2020-09-30": "", "2020-06-30": "", "2020-03-31": "", "2019-12-31": "", "2019-09-30": "", "2019-06-30": "", "2019-03-31": "", "2018-12-31": "", "2018-09-30": "", "2018-06-30": "", "2018-03-31": "", "2017-12-31": "", "2017-09-30": "", "2017-06-30": "", "2017-03-31": "", "2016-12-31": "", "2016-09-30": "", "2016-06-30": "", "2016-03-31": "", "2015-12-31": "", "2015-09-30": "", "2015-06-30": "", "2015-03-31": "", "2014-12-31": "", "2014-09-30": "", "2014-06-30": "", "2014-03-31": "", "2013-12-31": "", "2013-09-30": "", "2013-06-30": "", "2013-03-31": "", "2012-12-31": "", "2012-09-30": "", "2012-06-30": "", "2012-03-31": "", "2011-12-31": ""}, "Gross Profit": {"2020-09-30": "189.91900", "2020-06-30": "141.73900", "2020-03-31": "113.25800", "2019-12-31": "714.88210", "2019-09-30": "501.17700", "2019-06-30": "330.51000", "2019-03-31": "604.72000", "2018-12-31": "441.13210", "2018-09-30": "600.87900", "2018-06-30": "549.99800", "2018-03-31": "600.80900", "2017-12-31": "512.34900", "2017-09-30": "455.73600", "2017-06-30": "642.80300", "2017-03-31": "333.14000", "2016-12-31": "445.00310", "2016-09-30": "282.38800", "2016-06-30": "277.47700", "2016-03-31": "190.03600", "2015-12-31": "200.18100", "2015-09-30": "182.34100", "2015-06-30": "178.17700", "2015-03-31": "84.37300", "2014-12-31": "85.12400", "2014-09-30": "97.58700", "2014-06-30": "92.65600", "2014-03-31": "71.49000", "2013-12-31": "26.49200", "2013-09-30": "21.88500", "2013-06-30": "22.99900", "2013-03-31": "16.19100", "2012-12-31": "14.94800", "2012-09-30": "12.29500", "2012-06-30": "4.47900", "2012-03-31": "2.03700", "2011-12-31": ""}, "Research And Development Expenses": {"2020-09-30": "", "2020-06-30": "", "2020-03-31": "", "2019-12-31": "", "2019-09-30": "", "2019-06-30": "", "2019-03-31": "", "2018-12-31": "", "2018-09-30": "", "2018-06-30": "", "2018-03-31": "", "2017-12-31": "", "2017-09-30": "", "2017-06-30": "", "2017-03-31": "", "2016-12-31": "", "2016-09-30": "", "2016-06-30": "", "2016-03-31": "", "2015-12-31": "", "2015-09-30": "", "2015-06-30": "", "2015-03-31": "", "2014-12-31": "", "2014-09-30": "", "2014-06-30": "", "2014-03-31": "", "2013-12-31": "", "2013-09-30": "", "2013-06-30": "", "2013-03-31": "", "2012-12-31": "", "2012-09-30": "", "2012-06-30": "", "2012-03-31": "", "2011-12-31": ""}, "SG&A Expenses": {"2020-09-30": "316.56000", "2020-06-30": "217.37300", "2020-03-31": "206.36300", "2019-12-31": "126.60890", "2019-09-30": "193.58000", "2019-06-30": "118.90600", "2019-03-31": "98.94000", "2018-12-31": "92.41000", "2018-09-30": "98.58700", "2018-06-30": "20.57500", "2018-03-31": "20.00700", "2017-12-31": "19.37100", "2017-09-30": "19.91900", "2017-06-30": "16.04200", "2017-03-31": "11.82700", "2016-12-31": "10.48800", "2016-09-30": "8.77700", "2016-06-30": "7.22400", "2016-03-31": "12.08100", "2015-12-31": "12.50000", "2015-09-30": "19.56300", "2015-06-30": "21.23900", "2015-03-31": "8.56000", "2014-12-31": "12.12000", "2014-09-30": "7.49900", "2014-06-30": "5.39700", "2014-03-31": "1.98500", "2013-12-31": "4.20500", "2013-09-30": "2.44900", "2013-06-30": "0.60200", "2013-03-31": "2.71900", "2012-12-31": "-5.77000", "2012-09-30": "0.68600", "2012-06-30": "1.26600", "2012-03-31": "0.41100", "2011-12-31": ""}, "Other Operating Income Or Expenses": {"2020-09-30": "461.90100", "2020-06-30": "253.57500", "2020-03-31": "-1464.16300", "2019-12-31": "-88.09300", "2019-09-30": "177.52500", "2019-06-30": "-30.19700", "2019-03-31": "-91.03900", "2018-12-31": "-222.01800", "2018-09-30": "-140.44600", "2018-06-30": "-212.27900", "2018-03-31": "151.03700", "2017-12-31": "-23.83200", "2017-09-30": "-38.20500", "2017-06-30": "-91.35700", "2017-03-31": "-80.33000", "2016-12-31": "-76.71100", "2016-09-30": "-25.13700", "2016-06-30": "-68.42300", "2016-03-31": "8.98800", "2015-12-31": "-23.97200", "2015-09-30": "-29.39700", "2015-06-30": "18.51600", "2015-03-31": "-3.46300", "2014-12-31": "3.29000", "2014-09-30": "103.11800", "2014-06-30": "152.85600", "2014-03-31": "26.64400", "2013-12-31": "65.92500", "2013-09-30": "47.15200", "2013-06-30": "89.47600", "2013-03-31": "0.50200", "2012-12-31": "", "2012-09-30": "0.45700", "2012-06-30": "3.26100", "2012-03-31": "1.06200", "2011-12-31": ""}, "Operating Expenses": {"2020-09-30": "-145.34100", "2020-06-30": "-36.20200", "2020-03-31": "1670.52600", "2019-12-31": "214.70200", "2019-09-30": "16.05500", "2019-06-30": "149.10300", "2019-03-31": "189.97900", "2018-12-31": "314.42800", "2018-09-30": "239.03300", "2018-06-30": "232.85400", "2018-03-31": "-131.03000", "2017-12-31": "43.20300", "2017-09-30": "58.12400", "2017-06-30": "107.39900", "2017-03-31": "92.15700", "2016-12-31": "87.19900", "2016-09-30": "33.91400", "2016-06-30": "75.64700", "2016-03-31": "3.09300", "2015-12-31": "36.47200", "2015-09-30": "48.96000", "2015-06-30": "2.72300", "2015-03-31": "12.02300", "2014-12-31": "8.83000", "2014-09-30": "-95.61900", "2014-06-30": "-147.45900", "2014-03-31": "-24.65900", "2013-12-31": "-61.72000", "2013-09-30": "-44.70300", "2013-06-30": "-88.87400", "2013-03-31": "2.21700", "2012-12-31": "-5.77000", "2012-09-30": "0.22900", "2012-06-30": "-1.99500", "2012-03-31": "-0.65100", "2011-12-31": ""}, "Operating Income": {"2020-09-30": "335.26000", "2020-06-30": "177.94100", "2020-03-31": "-1557.26800", "2019-12-31": "500.18010", "2019-09-30": "485.12200", "2019-06-30": "181.40700", "2019-03-31": "414.74100", "2018-12-31": "126.70410", "2018-09-30": "361.84600", "2018-06-30": "317.14400", "2018-03-31": "731.83900", "2017-12-31": "469.14600", "2017-09-30": "397.61200", "2017-06-30": "535.40400", "2017-03-31": "240.98300", "2016-12-31": "357.80400", "2016-09-30": "248.47400", "2016-06-30": "201.83000", "2016-03-31": "186.94300", "2015-12-31": "163.70900", "2015-09-30": "133.38100", "2015-06-30": "175.45400", "2015-03-31": "72.35000", "2014-12-31": "76.29400", "2014-09-30": "193.20600", "2014-06-30": "240.11500", "2014-03-31": "96.14900", "2013-12-31": "88.21200", "2013-09-30": "66.58800", "2013-06-30": "111.87300", "2013-03-31": "13.97400", "2012-12-31": "20.71800", "2012-09-30": "12.06600", "2012-06-30": "6.47400", "2012-03-31": "2.68800", "2011-12-31": ""}, "Total Non-Operating Income/Expense": {"2020-09-30": "-130.52800", "2020-06-30": "-116.40300", "2020-03-31": "-216.85500", "2019-12-31": "-247.01300", "2019-09-30": "-245.90200", "2019-06-30": "-228.00400", "2019-03-31": "-212.83200", "2018-12-31": "-185.32400", "2018-09-30": "-162.80600", "2018-06-30": "-133.91600", "2018-03-31": "-124.38700", "2017-12-31": "-122.20100", "2017-09-30": "-125.27800", "2017-06-30": "-115.15700", "2017-03-31": "-98.22900", "2016-12-31": "-95.02300", "2016-09-30": "-96.48800", "2016-06-30": "-100.68500", "2016-03-31": "-81.22800", "2015-12-31": "-80.60500", "2015-09-30": "-77.55800", "2015-06-30": "-81.87100", "2015-03-31": "-33.97900", "2014-12-31": "-31.89200", "2014-09-30": "-33.30700", "2014-06-30": "-36.51200", "2014-03-31": "-38.99700", "2013-12-31": "-8.03100", "2013-09-30": "-3.44300", "2013-06-30": "-2.65100", "2013-03-31": "-0.89900", "2012-12-31": "-0.41000", "2012-09-30": "-0.29800", "2012-06-30": "", "2012-03-31": "", "2011-12-31": ""}, "Pre-Tax Income": {"2020-09-30": "204.73200", "2020-06-30": "61.53800", "2020-03-31": "-1774.12300", "2019-12-31": "253.16700", "2019-09-30": "239.22000", "2019-06-30": "-46.59700", "2019-03-31": "201.90900", "2018-12-31": "-58.62000", "2018-09-30": "199.04000", "2018-06-30": "183.22800", "2018-03-31": "607.45200", "2017-12-31": "346.94500", "2017-09-30": "272.33400", "2017-06-30": "420.24700", "2017-03-31": "142.75400", "2016-12-31": "262.78100", "2016-09-30": "151.98600", "2016-06-30": "101.14500", "2016-03-31": "105.71500", "2015-12-31": "83.10400", "2015-09-30": "55.82300", "2015-06-30": "93.58300", "2015-03-31": "38.37100", "2014-12-31": "44.40200", "2014-09-30": "159.89900", "2014-06-30": "203.60300", "2014-03-31": "57.15200", "2013-12-31": "80.18100", "2013-09-30": "63.14500", "2013-06-30": "109.22200", "2013-03-31": "13.07500", "2012-12-31": "20.33000", "2012-09-30": "11.76800", "2012-06-30": "6.47400", "2012-03-31": "2.68800", "2011-12-31": ""}, "Income Taxes": {"2020-09-30": "100.81200", "2020-06-30": "17.40900", "2020-03-31": "-166.86800", "2019-12-31": "22.78600", "2019-09-30": "-5.44000", "2019-06-30": "-21.57700", "2019-03-31": "45.99700", "2018-12-31": "-67.47400", "2018-09-30": "3.56300", "2018-06-30": "-2.60800", "2018-03-31": "-6.91200", "2017-12-31": "46.57500", "2017-09-30": "32.61300", "2017-06-30": "82.84400", "2017-03-31": "5.59600", "2016-12-31": "20.71600", "2016-09-30": "20.90000", "2016-06-30": "7.51800", "2016-03-31": "-10.22300", "2015-12-31": "-15.94800", "2015-09-30": "-5.93200", "2015-06-30": "14.30600", "2015-03-31": "-3.42700", "2014-12-31": "-6.52600", "2014-09-30": "7.80100", "2014-06-30": "21.39500", "2014-03-31": "0.28700", "2013-12-31": "", "2013-09-30": "", "2013-06-30": "", "2013-03-31": "", "2012-12-31": "0.00000", "2012-09-30": "", "2012-06-30": "", "2012-03-31": "", "2011-12-31": ""}, "Income After Taxes": {"2020-09-30": "103.92000", "2020-06-30": "44.12900", "2020-03-31": "-1607.25500", "2019-12-31": "230.38100", "2019-09-30": "244.66000", "2019-06-30": "-25.02000", "2019-03-31": "155.91200", "2018-12-31": "8.85400", "2018-09-30": "195.47700", "2018-06-30": "185.83600", "2018-03-31": "614.36400", "2017-12-31": "300.37000", "2017-09-30": "239.72100", "2017-06-30": "337.40300", "2017-03-31": "137.15800", "2016-12-31": "242.06500", "2016-09-30": "131.08600", "2016-06-30": "93.62700", "2016-03-31": "115.93800", "2015-12-31": "99.05200", "2015-09-30": "61.75500", "2015-06-30": "79.27700", "2015-03-31": "41.79800", "2014-12-31": "50.92800", "2014-09-30": "152.09800", "2014-06-30": "182.20800", "2014-03-31": "56.86500", "2013-12-31": "80.18100", "2013-09-30": "63.14500", "2013-06-30": "109.22200", "2013-03-31": "13.07500", "2012-12-31": "20.33000", "2012-09-30": "11.76800", "2012-06-30": "6.47400", "2012-03-31": "2.68800", "2011-12-31": ""}, "Other Income": {"2020-09-30": "", "2020-06-30": "", "2020-03-31": "", "2019-12-31": "", "2019-09-30": "", "2019-06-30": "", "2019-03-31": "", "2018-12-31": "", "2018-09-30": "", "2018-06-30": "", "2018-03-31": "", "2017-12-31": "", "2017-09-30": "", "2017-06-30": "", "2017-03-31": "", "2016-12-31": "", "2016-09-30": "", "2016-06-30": "", "2016-03-31": "", "2015-12-31": "", "2015-09-30": "", "2015-06-30": "", "2015-03-31": "", "2014-12-31": "", "2014-09-30": "", "2014-06-30": "", "2014-03-31": "", "2013-12-31": "", "2013-09-30": "", "2013-06-30": "", "2013-03-31": "", "2012-12-31": "0.00000", "2012-09-30": "", "2012-06-30": "", "2012-03-31": "", "2011-12-31": ""}, "Income From Continuous Operations": {"2020-09-30": "103.92000", "2020-06-30": "44.12900", "2020-03-31": "-1607.25500", "2019-12-31": "230.38100", "2019-09-30": "244.66000", "2019-06-30": "-25.02000", "2019-03-31": "155.91200", "2018-12-31": "8.85400", "2018-09-30": "195.47700", "2018-06-30": "185.83600", "2018-03-31": "614.36400", "2017-12-31": "300.37000", "2017-09-30": "239.72100", "2017-06-30": "337.40300", "2017-03-31": "137.15800", "2016-12-31": "242.06500", "2016-09-30": "131.08600", "2016-06-30": "93.62700", "2016-03-31": "115.93800", "2015-12-31": "99.05200", "2015-09-30": "61.75500", "2015-06-30": "79.27700", "2015-03-31": "41.79800", "2014-12-31": "50.92800", "2014-09-30": "152.09800", "2014-06-30": "182.20800", "2014-03-31": "56.86500", "2013-12-31": "80.18100", "2013-09-30": "63.14500", "2013-06-30": "109.22200", "2013-03-31": "13.07500", "2012-12-31": "20.31700", "2012-09-30": "11.76800", "2012-06-30": "6.47400", "2012-03-31": "2.68800", "2011-12-31": ""}, "Income From Discontinued Operations": {"2020-09-30": "", "2020-06-30": "", "2020-03-31": "", "2019-12-31": "", "2019-09-30": "", "2019-06-30": "", "2019-03-31": "", "2018-12-31": "", "2018-09-30": "", "2018-06-30": "", "2018-03-31": "", "2017-12-31": "", "2017-09-30": "", "2017-06-30": "", "2017-03-31": "", "2016-12-31": "", "2016-09-30": "", "2016-06-30": "", "2016-03-31": "", "2015-12-31": "", "2015-09-30": "", "2015-06-30": "", "2015-03-31": "", "2014-12-31": "", "2014-09-30": "", "2014-06-30": "", "2014-03-31": "", "2013-12-31": "", "2013-09-30": "", "2013-06-30": "", "2013-03-31": "", "2012-12-31": "0.00000", "2012-09-30": "", "2012-06-30": "", "2012-03-31": "", "2011-12-31": ""}, "Net Income": {"2020-09-30": "77.92100", "2020-06-30": "-8.86800", "2020-03-31": "-1602.31500", "2019-12-31": "211.78000", "2019-09-30": "224.58400", "2019-06-30": "-31.94300", "2019-03-31": "145.59400", "2018-12-31": "0.34800", "2018-09-30": "184.60800", "2018-06-30": "174.75800", "2018-03-31": "604.25300", "2017-12-31": "288.30200", "2017-09-30": "226.12100", "2017-06-30": "321.73200", "2017-03-31": "121.37800", "2016-12-31": "225.15700", "2016-09-30": "98.90800", "2016-06-30": "68.65200", "2016-03-31": "111.73600", "2015-12-31": "102.98000", "2015-09-30": "54.56200", "2015-06-30": "75.11900", "2015-03-31": "35.97500", "2014-12-31": "54.23000", "2014-09-30": "126.37200", "2014-06-30": "123.50300", "2014-03-31": "48.77200", "2013-12-31": "80.50700", "2013-09-30": "63.14500", "2013-06-30": "109.22200", "2013-03-31": "13.07500", "2012-12-31": "20.31700", "2012-09-30": "11.76800", "2012-06-30": "6.47400", "2012-03-31": "2.68800", "2011-12-31": ""}, "EBITDA": {"2020-09-30": "288.79400", "2020-06-30": "138.05500", "2020-03-31": "-1598.37200", "2019-12-31": "419.98410", "2019-09-30": "443.14400", "2019-06-30": "77.34600", "2019-03-31": "261.84700", "2018-12-31": "-46.28190", "2018-09-30": "191.97000", "2018-06-30": "135.41000", "2018-03-31": "554.46800", "2017-12-31": "249.68400", "2017-09-30": "131.07600", "2017-06-30": "182.44200", "2017-03-31": "48.55900", "2016-12-31": "124.39400", "2016-09-30": "65.86700", "2016-06-30": "23.58500", "2016-03-31": "33.27300", "2015-12-31": "-1.12190", "2015-09-30": "-17.94900", "2015-06-30": "27.66200", "2015-03-31": "11.00500", "2014-12-31": "11.83100", "2014-09-30": "117.99400", "2014-06-30": "158.03200", "2014-03-31": "39.49900", "2013-12-31": "69.11800", "2013-09-30": "53.80900", "2013-06-30": "89.29400", "2013-03-31": "9.17600", "2012-12-31": "17.41800", "2012-09-30": "12.06600", "2012-06-30": "6.47400", "2012-03-31": "2.68800", "2011-12-31": ""}, "EBIT": {"2020-09-30": "335.26000", "2020-06-30": "177.94100", "2020-03-31": "-1557.26800", "2019-12-31": "500.18020", "2019-09-30": "485.12200", "2019-06-30": "181.40700", "2019-03-31": "414.74100", "2018-12-31": "126.70400", "2018-09-30": "361.84600", "2018-06-30": "317.14400", "2018-03-31": "731.83900", "2017-12-31": "469.14590", "2017-09-30": "397.61200", "2017-06-30": "535.40400", "2017-03-31": "240.98300", "2016-12-31": "357.80410", "2016-09-30": "248.47400", "2016-06-30": "201.83000", "2016-03-31": "186.94300", "2015-12-31": "163.70900", "2015-09-30": "133.38100", "2015-06-30": "175.45400", "2015-03-31": "72.35000", "2014-12-31": "76.29400", "2014-09-30": "193.20600", "2014-06-30": "240.11500", "2014-03-31": "96.14900", "2013-12-31": "88.21200", "2013-09-30": "66.58800", "2013-06-30": "111.87300", "2013-03-31": "13.97400", "2012-12-31": "20.71800", "2012-09-30": "12.06600", "2012-06-30": "6.47400", "2012-03-31": "2.68800", "2011-12-31": ""}, "Basic Shares Outstanding": {"2020-09-30": "415.74500", "2020-06-30": "415.66200", "2020-03-31": "415.58910", "2019-12-31": "408.79000", "2019-09-30": "415.52100", "2019-06-30": "415.46400", "2019-03-31": "388.27990", "2018-12-31": "341.26900", "2018-09-30": "340.04400", "2018-06-30": "336.31120", "2018-03-31": "330.38490", "2017-12-31": "302.23800", "2017-09-30": "307.36100", "2017-06-30": "307.34490", "2017-03-31": "286.60000", "2016-12-31": "238.12270", "2016-09-30": "240.60170", "2016-06-30": "230.47840", "2016-03-31": "230.47100", "2015-12-31": "200.73980", "2015-09-30": "230.45600", "2015-06-30": "200.91000", "2015-03-31": "141.43490", "2014-12-31": "136.47300", "2014-09-30": "141.21160", "2014-06-30": "136.46550", "2014-03-31": "126.60450", "2013-12-31": "126.53900", "2013-09-30": "126.53640", "2013-06-30": "126.51280", "2013-03-31": "126.51300", "2012-12-31": "126.51300", "2012-09-30": "126.51280", "2012-06-30": "126.51300", "2012-03-31": "", "2011-12-31": ""}, "Shares Outstanding": {"2020-09-30": "420.96900", "2020-06-30": "415.66200", "2020-03-31": "415.58910", "2019-12-31": "408.99000", "2019-09-30": "415.58800", "2019-06-30": "415.46400", "2019-03-31": "388.60110", "2018-12-31": "343.13700", "2018-09-30": "340.86800", "2018-06-30": "339.53850", "2018-03-31": "333.38040", "2017-12-31": "304.38100", "2017-09-30": "309.20700", "2017-06-30": "309.39250", "2017-03-31": "288.24100", "2016-12-31": "238.48680", "2016-09-30": "241.09940", "2016-06-30": "230.83980", "2016-03-31": "230.53900", "2015-12-31": "202.90760", "2015-09-30": "231.21500", "2015-06-30": "205.16900", "2015-03-31": "144.91130", "2014-12-31": "139.56600", "2014-09-30": "144.16660", "2014-06-30": "139.66810", "2014-03-31": "129.92000", "2013-12-31": "128.68410", "2013-09-30": "129.94460", "2013-06-30": "128.32970", "2013-03-31": "126.51300", "2012-12-31": "126.51300", "2012-09-30": "126.51280", "2012-06-30": "126.51300", "2012-03-31": "", "2011-12-31": ""}, "Basic EPS": {"2020-09-30": "0.19000", "2020-06-30": "-0.02000", "2020-03-31": "-3.86000", "2019-12-31": "0.52000", "2019-09-30": "0.54000", "2019-06-30": "-0.08000", "2019-03-31": "0.37000", "2018-12-31": "-0.07000", "2018-09-30": "0.54000", "2018-06-30": "0.52000", "2018-03-31": "1.83000", "2017-12-31": "0.96000", "2017-09-30": "0.74000", "2017-06-30": "1.05000", "2017-03-31": "0.42000", "2016-12-31": "0.93000", "2016-09-30": "0.41000", "2016-06-30": "0.30000", "2016-03-31": "0.48000", "2015-12-31": "0.48000", "2015-09-30": "0.24000", "2015-06-30": "0.37000", "2015-03-31": "0.25000", "2014-12-31": "0.40000", "2014-09-30": "0.89000", "2014-06-30": "0.91000", "2014-03-31": "0.39000", "2013-12-31": "0.64000", "2013-09-30": "0.50000", "2013-06-30": "0.86000", "2013-03-31": "0.10000", "2012-12-31": "0.16000", "2012-09-30": "0.10000", "2012-06-30": "0.06000", "2012-03-31": "", "2011-12-31": ""}, "EPS - Earnings Per Share": {"2020-09-30": "0.19000", "2020-06-30": "-0.02000", "2020-03-31": "-3.86000", "2019-12-31": "0.51000", "2019-09-30": "0.54000", "2019-06-30": "-0.08000", "2019-03-31": "0.37000", "2018-12-31": "-0.05000", "2018-09-30": "0.54000", "2018-06-30": "0.51000", "2018-03-31": "1.81000", "2017-12-31": "0.96000", "2017-09-30": "0.73000", "2017-06-30": "1.04000", "2017-03-31": "0.42000", "2016-12-31": "0.93000", "2016-09-30": "0.41000", "2016-06-30": "0.30000", "2016-03-31": "0.48000", "2015-12-31": "0.46000", "2015-09-30": "0.24000", "2015-06-30": "0.37000", "2015-03-31": "0.25000", "2014-12-31": "0.39000", "2014-09-30": "0.88000", "2014-06-30": "0.88000", "2014-03-31": "0.38000", "2013-12-31": "0.62000", "2013-09-30": "0.49000", "2013-06-30": "0.86000", "2013-03-31": "0.10000", "2012-12-31": "0.16000", "2012-09-30": "0.10000", "2012-06-30": "0.06000", "2012-03-31": "0.00000", "2011-12-31": "0.00000"}}, "balance sheet": {"Cash On Hand": {"2019-12-31": "528.73700", "2018-12-31": "251.05800", "2017-12-31": "295.79800", "2016-12-31": "290.60200", "2015-12-31": "249.93600", "2014-12-31": "212.98500", "2013-12-31": "271.99400", "2012-12-31": "", "2011-12-31": ""}, "Receivables": {"2019-12-31": "5256.01400", "2018-12-31": "3925.19800", "2017-12-31": "1030.85000", "2016-12-31": "1687.78800", "2015-12-31": "1538.48100", "2014-12-31": "", "2013-12-31": "", "2012-12-31": "", "2011-12-31": ""}, "Inventory": {"2019-12-31": "", "2018-12-31": "", "2017-12-31": "", "2016-12-31": "", "2015-12-31": "", "2014-12-31": "", "2013-12-31": "", "2012-12-31": "", "2011-12-31": ""}, "Pre-Paid Expenses": {"2019-12-31": "", "2018-12-31": "", "2017-12-31": "", "2016-12-31": "", "2015-12-31": "", "2014-12-31": "", "2013-12-31": "", "2012-12-31": "", "2011-12-31": ""}, "Other Current Assets": {"2019-12-31": "", "2018-12-31": "", "2017-12-31": "", "2016-12-31": "", "2015-12-31": "", "2014-12-31": "", "2013-12-31": "", "2012-12-31": "", "2011-12-31": ""}, "Total Current Assets": {"2019-12-31": "13580.67000", "2018-12-31": "9724.79600", "2017-12-31": "5117.60000", "2016-12-31": "2865.81600", "2015-12-31": "2895.27600", "2014-12-31": "1387.26200", "2013-12-31": "305.53300", "2012-12-31": "", "2011-12-31": ""}, "Property, Plant, And Equipment": {"2019-12-31": "", "2018-12-31": "", "2017-12-31": "128.29500", "2016-12-31": "59.59100", "2015-12-31": "50.57400", "2014-12-31": "61.93300", "2013-12-31": "", "2012-12-31": "", "2011-12-31": ""}, "Long-Term Investments": {"2019-12-31": "", "2018-12-31": "", "2017-12-31": "", "2016-12-31": "", "2015-12-31": "", "2014-12-31": "", "2013-12-31": "", "2012-12-31": "", "2011-12-31": ""}, "Goodwill And Intangible Assets": {"2019-12-31": "", "2018-12-31": "", "2017-12-31": "", "2016-12-31": "", "2015-12-31": "", "2014-12-31": "", "2013-12-31": "", "2012-12-31": "", "2011-12-31": ""}, "Other Long-Term Assets": {"2019-12-31": "31274.12000", "2018-12-31": "21900.38000", "2017-12-31": "16967.67000", "2016-12-31": "15474.12000", "2015-12-31": "12061.56000", "2014-12-31": "6640.04900", "2013-12-31": "5653.12500", "2012-12-31": "534.87600", "2011-12-31": "43.97100"}, "Total Long-Term Assets": {"2019-12-31": "31282.79000", "2018-12-31": "21966.22000", "2017-12-31": "17095.96000", "2016-12-31": "15533.71000", "2015-12-31": "12297.45000", "2014-12-31": "6701.98200", "2013-12-31": "5653.12500", "2012-12-31": "534.87600", "2011-12-31": "43.97100"}, "Total Assets": {"2019-12-31": "44863.45000", "2018-12-31": "31691.01000", "2017-12-31": "22213.56000", "2016-12-31": "18399.53000", "2015-12-31": "15192.72000", "2014-12-31": "8089.24400", "2013-12-31": "5958.65800", "2012-12-31": "534.87600", "2011-12-31": "43.97100"}, "Total Current Liabilities": {"2019-12-31": "37311.58000", "2018-12-31": "25316.70000", "2017-12-31": "17155.54000", "2016-12-31": "14768.65000", "2015-12-31": "12076.34000", "2014-12-31": "6113.03600", "2013-12-31": "4363.11700", "2012-12-31": "151.38400", "2011-12-31": "0.75500"}, "Long Term Debt": {"2019-12-31": "", "2018-12-31": "", "2017-12-31": "", "2016-12-31": "", "2015-12-31": "", "2014-12-31": "", "2013-12-31": "", "2012-12-31": "", "2011-12-31": ""}, "Other Non-Current Liabilities": {"2019-12-31": "315.61400", "2018-12-31": "286.02300", "2017-12-31": "242.64200", "2016-12-31": "162.70400", "2015-12-31": "129.80200", "2014-12-31": "111.16900", "2013-12-31": "82.46600", "2012-12-31": "5.13600", "2011-12-31": "3.40800"}, "Total Long Term Liabilities": {"2019-12-31": "315.61400", "2018-12-31": "286.02300", "2017-12-31": "261.86000", "2016-12-31": "162.70400", "2015-12-31": "129.80200", "2014-12-31": "126.28300", "2013-12-31": "82.46600", "2012-12-31": "5.13600", "2011-12-31": "3.40800"}, "Total Liabilities": {"2019-12-31": "37627.20000", "2018-12-31": "25602.72000", "2017-12-31": "17417.40000", "2016-12-31": "14931.35000", "2015-12-31": "12206.14000", "2014-12-31": "6239.31900", "2013-12-31": "4445.58300", "2012-12-31": "156.52000", "2011-12-31": "4.16300"}, "Common Stock Net": {"2019-12-31": "4.15600", "2018-12-31": "3.69200", "2017-12-31": "3.07400", "2016-12-31": "2.50700", "2015-12-31": "2.30400", "2014-12-31": "1.41400", "2013-12-31": "1.26600", "2012-12-31": "", "2011-12-31": "39.80800"}, "Retained Earnings (Accumulated Deficit)": {"2019-12-31": "549.73300", "2018-12-31": "830.71300", "2017-12-31": "559.47600", "2016-12-31": "210.50000", "2015-12-31": "148.80000", "2014-12-31": "237.76900", "2013-12-31": "102.98600", "2012-12-31": "", "2011-12-31": ""}, "Comprehensive Income": {"2019-12-31": "682.15100", "2018-12-31": "417.02300", "2017-12-31": "364.46700", "2016-12-31": "126.36300", "2015-12-31": "3.93600", "2014-12-31": "28.31900", "2013-12-31": "3.21400", "2012-12-31": "15.52600", "2011-12-31": ""}, "Other Share Holders Equity": {"2019-12-31": "", "2018-12-31": "", "2017-12-31": "", "2016-12-31": "", "2015-12-31": "", "2014-12-31": "", "2013-12-31": "", "2012-12-31": "", "2011-12-31": ""}, "Share Holder Equity": {"2019-12-31": "7236.26000", "2018-12-31": "6088.29500", "2017-12-31": "4796.16200", "2016-12-31": "3468.17700", "2015-12-31": "2986.58000", "2014-12-31": "1849.92500", "2013-12-31": "1513.07500", "2012-12-31": "378.35600", "2011-12-31": "39.80800"}, "Total Liabilities And Share Holders Equity": {"2019-12-31": "44863.45000", "2018-12-31": "31691.01000", "2017-12-31": "22213.56000", "2016-12-31": "18399.53000", "2015-12-31": "15192.72000", "2014-12-31": "8089.24400", "2013-12-31": "5958.65800", "2012-12-31": "534.87600", "2011-12-31": "43.97100"}}, "balance sheet, quarterly": {"Cash On Hand": {"2020-09-30": "841.02200", "2020-06-30": "1013.20800", "2020-03-31": "360.45300", "2019-12-31": "528.73700", "2019-09-30": "738.21900", "2019-06-30": "406.03800", "2019-03-31": "340.91100", "2018-12-31": "251.05800", "2018-09-30": "330.14800", "2018-06-30": "193.23600", "2018-03-31": "233.23300", "2017-12-31": "295.79800", "2017-09-30": "279.76000", "2017-06-30": "560.01600", "2017-03-31": "236.55700", "2016-12-31": "290.60200", "2016-09-30": "388.67400", "2016-06-30": "233.84500", "2016-03-31": "258.62200", "2015-12-31": "249.93600", "2015-09-30": "348.31200", "2015-06-30": "432.00700", "2015-03-31": "459.33400", "2014-12-31": "212.98500", "2014-09-30": "187.60100", "2014-06-30": "311.12600", "2014-03-31": "140.49500", "2013-12-31": "271.99400", "2013-09-30": "172.20300", "2013-06-30": "209.69900", "2013-03-31": "", "2012-12-31": "", "2012-09-30": "", "2012-06-30": "", "2012-03-31": "", "2011-12-31": ""}, "Receivables": {"2020-09-30": "946.32100", "2020-06-30": "163.47700", "2020-03-31": "3293.97600", "2019-12-31": "5256.01400", "2019-09-30": "4487.77200", "2019-06-30": "5307.64200", "2019-03-31": "7049.72300", "2018-12-31": "3925.19800", "2018-09-30": "3424.86500", "2018-06-30": "1076.62600", "2018-03-31": "1083.55800", "2017-12-31": "1030.85000", "2017-09-30": "1785.70800", "2017-06-30": "2677.54200", "2017-03-31": "1857.53700", "2016-12-31": "1687.78800", "2016-09-30": "1530.72600", "2016-06-30": "1549.79500", "2016-03-31": "1509.01600", "2015-12-31": "1538.48100", "2015-09-30": "2031.42500", "2015-06-30": "986.53200", "2015-03-31": "", "2014-12-31": "", "2014-09-30": "", "2014-06-30": "", "2014-03-31": "", "2013-12-31": "", "2013-09-30": "", "2013-06-30": "", "2013-03-31": "", "2012-12-31": "", "2012-09-30": "", "2012-06-30": "", "2012-03-31": "", "2011-12-31": ""}, "Inventory": {"2020-09-30": "", "2020-06-30": "", "2020-03-31": "", "2019-12-31": "", "2019-09-30": "", "2019-06-30": "", "2019-03-31": "", "2018-12-31": "", "2018-09-30": "", "2018-06-30": "", "2018-03-31": "", "2017-12-31": "", "2017-09-30": "", "2017-06-30": "", "2017-03-31": "", "2016-12-31": "", "2016-09-30": "", "2016-06-30": "", "2016-03-31": "", "2015-12-31": "", "2015-09-30": "", "2015-06-30": "", "2015-03-31": "", "2014-12-31": "", "2014-09-30": "", "2014-06-30": "", "2014-03-31": "", "2013-12-31": "", "2013-09-30": "", "2013-06-30": "", "2013-03-31": "", "2012-12-31": "", "2012-09-30": "", "2012-06-30": "", "2012-03-31": "", "2011-12-31": ""}, "Pre-Paid Expenses": {"2020-09-30": "", "2020-06-30": "", "2020-03-31": "", "2019-12-31": "", "2019-09-30": "", "2019-06-30": "", "2019-03-31": "", "2018-12-31": "", "2018-09-30": "", "2018-06-30": "", "2018-03-31": "", "2017-12-31": "", "2017-09-30": "", "2017-06-30": "", "2017-03-31": "", "2016-12-31": "", "2016-09-30": "", "2016-06-30": "", "2016-03-31": "", "2015-12-31": "", "2015-09-30": "", "2015-06-30": "", "2015-03-31": "", "2014-12-31": "", "2014-09-30": "", "2014-06-30": "", "2014-03-31": "", "2013-12-31": "", "2013-09-30": "", "2013-06-30": "", "2013-03-31": "", "2012-12-31": "", "2012-09-30": "", "2012-06-30": "", "2012-03-31": "", "2011-12-31": ""}, "Other Current Assets": {"2020-09-30": "", "2020-06-30": "", "2020-03-31": "", "2019-12-31": "", "2019-09-30": "", "2019-06-30": "", "2019-03-31": "", "2018-12-31": "", "2018-09-30": "", "2018-06-30": "", "2018-03-31": "", "2017-12-31": "", "2017-09-30": "", "2017-06-30": "", "2017-03-31": "", "2016-12-31": "", "2016-09-30": "", "2016-06-30": "", "2016-03-31": "", "2015-12-31": "", "2015-09-30": "", "2015-06-30": "", "2015-03-31": "", "2014-12-31": "", "2014-09-30": "", "2014-06-30": "", "2014-03-31": "", "2013-12-31": "", "2013-09-30": "", "2013-06-30": "", "2013-03-31": "", "2012-12-31": "", "2012-09-30": "", "2012-06-30": "", "2012-03-31": "", "2011-12-31": ""}, "Total Current Assets": {"2020-09-30": "9623.40400", "2020-06-30": "7288.22600", "2020-03-31": "9807.93900", "2019-12-31": "13753.00000", "2019-09-30": "13277.08000", "2019-06-30": "14178.40000", "2019-03-31": "13410.26000", "2018-12-31": "9724.79600", "2018-09-30": "7207.47000", "2018-06-30": "4039.77200", "2018-03-31": "3452.84100", "2017-12-31": "5117.60000", "2017-09-30": "5662.37900", "2017-06-30": "5041.48700", "2017-03-31": "5015.03500", "2016-12-31": "2865.81600", "2016-09-30": "2624.88100", "2016-06-30": "2607.64200", "2016-03-31": "2725.53200", "2015-12-31": "2895.27600", "2015-09-30": "3134.46700", "2015-06-30": "1984.29800", "2015-03-31": "1004.47500", "2014-12-31": "1387.26200", "2014-09-30": "1309.39800", "2014-06-30": "828.55000", "2014-03-31": "174.54000", "2013-12-31": "305.53300", "2013-09-30": "205.26300", "2013-06-30": "243.33500", "2013-03-31": "35.48400", "2012-12-31": "", "2012-09-30": "", "2012-06-30": "", "2012-03-31": "", "2011-12-31": ""}, "Property, Plant, And Equipment": {"2020-09-30": "", "2020-06-30": "", "2020-03-31": "", "2019-12-31": "", "2019-09-30": "", "2019-06-30": "91.03800", "2019-03-31": "109.15400", "2018-12-31": "", "2018-09-30": "115.16000", "2018-06-30": "125.70100", "2018-03-31": "115.61600", "2017-12-31": "128.29500", "2017-09-30": "107.28100", "2017-06-30": "95.49200", "2017-03-31": "79.33100", "2016-12-31": "59.59100", "2016-09-30": "60.45900", "2016-06-30": "61.90900", "2016-03-31": "56.40200", "2015-12-31": "50.57400", "2015-09-30": "29.45400", "2015-06-30": "25.32700", "2015-03-31": "35.90500", "2014-12-31": "61.93300", "2014-09-30": "52.74000", "2014-06-30": "", "2014-03-31": "", "2013-12-31": "", "2013-09-30": "", "2013-06-30": "", "2013-03-31": "", "2012-12-31": "", "2012-09-30": "", "2012-06-30": "", "2012-03-31": "", "2011-12-31": ""}, "Long-Term Investments": {"2020-09-30": "", "2020-06-30": "", "2020-03-31": "", "2019-12-31": "", "2019-09-30": "", "2019-06-30": "", "2019-03-31": "", "2018-12-31": "", "2018-09-30": "", "2018-06-30": "", "2018-03-31": "", "2017-12-31": "", "2017-09-30": "", "2017-06-30": "", "2017-03-31": "", "2016-12-31": "", "2016-09-30": "", "2016-06-30": "", "2016-03-31": "", "2015-12-31": "", "2015-09-30": "", "2015-06-30": "", "2015-03-31": "", "2014-12-31": "", "2014-09-30": "", "2014-06-30": "", "2014-03-31": "", "2013-12-31": "", "2013-09-30": "", "2013-06-30": "", "2013-03-31": "", "2012-12-31": "", "2012-09-30": "", "2012-06-30": "", "2012-03-31": "", "2011-12-31": ""}, "Goodwill And Intangible Assets": {"2020-09-30": "", "2020-06-30": "", "2020-03-31": "", "2019-12-31": "", "2019-09-30": "", "2019-06-30": "", "2019-03-31": "", "2018-12-31": "", "2018-09-30": "", "2018-06-30": "", "2018-03-31": "", "2017-12-31": "", "2017-09-30": "", "2017-06-30": "", "2017-03-31": "", "2016-12-31": "", "2016-09-30": "", "2016-06-30": "", "2016-03-31": "", "2015-12-31": "", "2015-09-30": "", "2015-06-30": "", "2015-03-31": "", "2014-12-31": "", "2014-09-30": "", "2014-06-30": "", "2014-03-31": "", "2013-12-31": "", "2013-09-30": "", "2013-06-30": "", "2013-03-31": "", "2012-12-31": "", "2012-09-30": "0.00000", "2012-06-30": "0.00000", "2012-03-31": "0.00000", "2011-12-31": "0.00000"}, "Other Long-Term Assets": {"2020-09-30": "20782.96000", "2020-06-30": "16463.92000", "2020-03-31": "14209.30000", "2019-12-31": "31110.45000", "2019-09-30": "28027.48000", "2019-06-30": "22483.60000", "2019-03-31": "19872.43000", "2018-12-31": "21900.38000", "2018-09-30": "22768.14000", "2018-06-30": "18778.26000", "2018-03-31": "18443.48000", "2017-12-31": "16967.67000", "2017-09-30": "15602.73000", "2017-06-30": "17797.36000", "2017-03-31": "14787.75000", "2016-12-31": "15474.12000", "2016-09-30": "14846.53000", "2016-06-30": "15045.96000", "2016-03-31": "14593.65000", "2015-12-31": "12061.56000", "2015-09-30": "12029.51000", "2015-06-30": "12225.94000", "2015-03-31": "6427.24200", "2014-12-31": "6640.04900", "2014-09-30": "6411.26300", "2014-06-30": "6210.76700", "2014-03-31": "6824.29400", "2013-12-31": "5653.12500", "2013-09-30": "2726.58100", "2013-06-30": "2499.10700", "2013-03-31": "1657.61600", "2012-12-31": "534.87600", "2012-09-30": "", "2012-06-30": "", "2012-03-31": "", "2011-12-31": "43.97000"}, "Total Long-Term Assets": {"2020-09-30": "20782.96000", "2020-06-30": "16463.92000", "2020-03-31": "14385.54000", "2019-12-31": "31110.45000", "2019-09-30": "28070.85000", "2019-06-30": "22613.97000", "2019-03-31": "19999.30000", "2018-12-31": "21966.22000", "2018-09-30": "22883.30000", "2018-06-30": "18903.96000", "2018-03-31": "18559.10000", "2017-12-31": "17095.96000", "2017-09-30": "15742.45000", "2017-06-30": "17958.53000", "2017-03-31": "15014.95000", "2016-12-31": "15533.71000", "2016-09-30": "15079.50000", "2016-06-30": "15297.51000", "2016-03-31": "14846.24000", "2015-12-31": "12297.45000", "2015-09-30": "12221.75000", "2015-06-30": "12410.50000", "2015-03-31": "6463.14700", "2014-12-31": "6701.98200", "2014-09-30": "6464.00300", "2014-06-30": "6210.76700", "2014-03-31": "6824.29400", "2013-12-31": "5653.12500", "2013-09-30": "2726.58100", "2013-06-30": "2499.10700", "2013-03-31": "1657.61600", "2012-12-31": "534.87600", "2012-09-30": "", "2012-06-30": "", "2012-03-31": "", "2011-12-31": "43.97000"}, "Total Assets": {"2020-09-30": "30406.36000", "2020-06-30": "23752.15000", "2020-03-31": "24193.47000", "2019-12-31": "44863.45000", "2019-09-30": "41347.93000", "2019-06-30": "36792.38000", "2019-03-31": "33409.57000", "2018-12-31": "31691.01000", "2018-09-30": "30090.77000", "2018-06-30": "22943.73000", "2018-03-31": "22011.94000", "2017-12-31": "22213.56000", "2017-09-30": "21404.83000", "2017-06-30": "23000.02000", "2017-03-31": "20029.99000", "2016-12-31": "18399.53000", "2016-09-30": "17704.38000", "2016-06-30": "17905.15000", "2016-03-31": "17571.78000", "2015-12-31": "15192.72000", "2015-09-30": "15356.22000", "2015-06-30": "14394.80000", "2015-03-31": "7467.62200", "2014-12-31": "8089.24400", "2014-09-30": "7773.40100", "2014-06-30": "7039.31600", "2014-03-31": "6998.83400", "2013-12-31": "5958.65800", "2013-09-30": "2931.84400", "2013-06-30": "2742.44200", "2013-03-31": "1693.10000", "2012-12-31": "534.87600", "2012-09-30": "0.00000", "2012-06-30": "0.00000", "2012-03-31": "0.00000", "2011-12-31": "43.97000"}, "Total Current Liabilities": {"2020-09-30": "24356.89000", "2020-06-30": "17764.15000", "2020-03-31": "18817.76000", "2019-12-31": "37311.58000", "2019-09-30": "33872.71000", "2019-06-30": "29756.01000", "2019-03-31": "26261.76000", "2018-12-31": "25316.70000", "2018-09-30": "24005.50000", "2018-06-30": "16917.82000", "2018-03-31": "16051.73000", "2017-12-31": "17155.54000", "2017-09-30": "16492.32000", "2017-06-30": "18162.57000", "2017-03-31": "15557.59000", "2016-12-31": "14768.65000", "2016-09-30": "14152.91000", "2016-06-30": "14673.88000", "2016-03-31": "14380.92000", "2015-12-31": "12076.34000", "2015-09-30": "12211.74000", "2015-06-30": "11200.52000", "2015-03-31": "5579.58400", "2014-12-31": "6113.03600", "2014-09-30": "5810.43000", "2014-06-30": "5113.20600", "2014-03-31": "5385.87600", "2013-12-31": "4363.11700", "2013-09-30": "1619.39100", "2013-06-30": "1475.37400", "2013-03-31": "917.89700", "2012-12-31": "151.38400", "2012-09-30": "", "2012-06-30": "", "2012-03-31": "", "2011-12-31": "0.75000"}, "Long Term Debt": {"2020-09-30": "541.75800", "2020-06-30": "533.38300", "2020-03-31": "", "2019-12-31": "", "2019-09-30": "", "2019-06-30": "", "2019-03-31": "", "2018-12-31": "", "2018-09-30": "", "2018-06-30": "", "2018-03-31": "", "2017-12-31": "", "2017-09-30": "", "2017-06-30": "", "2017-03-31": "", "2016-12-31": "", "2016-09-30": "", "2016-06-30": "", "2016-03-31": "", "2015-12-31": "", "2015-09-30": "", "2015-06-30": "", "2015-03-31": "", "2014-12-31": "", "2014-09-30": "", "2014-06-30": "", "2014-03-31": "", "2013-12-31": "", "2013-09-30": "", "2013-06-30": "", "2013-03-31": "", "2012-12-31": "", "2012-09-30": "", "2012-06-30": "", "2012-03-31": "", "2011-12-31": ""}, "Other Non-Current Liabilities": {"2020-09-30": "79.08600", "2020-06-30": "65.64700", "2020-03-31": "45.24900", "2019-12-31": "315.61400", "2019-09-30": "213.09800", "2019-06-30": "235.53700", "2019-03-31": "235.60000", "2018-12-31": "286.02300", "2018-09-30": "244.31200", "2018-06-30": "218.57900", "2018-03-31": "188.36000", "2017-12-31": "242.64200", "2017-09-30": "233.30500", "2017-06-30": "218.49100", "2017-03-31": "170.63900", "2016-12-31": "162.70400", "2016-09-30": "133.96600", "2016-06-30": "118.01000", "2016-03-31": "111.86400", "2015-12-31": "129.80200", "2015-09-30": "118.40900", "2015-06-30": "99.19100", "2015-03-31": "60.21000", "2014-12-31": "111.16900", "2014-09-30": "84.62500", "2014-06-30": "96.68500", "2014-03-31": "52.30900", "2013-12-31": "82.46600", "2013-09-30": "51.41700", "2013-06-30": "21.34300", "2013-03-31": "7.78400", "2012-12-31": "5.13600", "2012-09-30": "", "2012-06-30": "", "2012-03-31": "", "2011-12-31": "3.40000"}, "Total Long Term Liabilities": {"2020-09-30": "620.84400", "2020-06-30": "599.03000", "2020-03-31": "45.24900", "2019-12-31": "315.61400", "2019-09-30": "213.09800", "2019-06-30": "235.53700", "2019-03-31": "235.60000", "2018-12-31": "286.02300", "2018-09-30": "248.22200", "2018-06-30": "226.98200", "2018-03-31": "198.52200", "2017-12-31": "261.86000", "2017-09-30": "233.30500", "2017-06-30": "218.49100", "2017-03-31": "170.63900", "2016-12-31": "162.70400", "2016-09-30": "133.96600", "2016-06-30": "118.01000", "2016-03-31": "111.86400", "2015-12-31": "129.80200", "2015-09-30": "118.40900", "2015-06-30": "99.19100", "2015-03-31": "73.62400", "2014-12-31": "126.28300", "2014-09-30": "107.11000", "2014-06-30": "114.33000", "2014-03-31": "52.30900", "2013-12-31": "82.46600", "2013-09-30": "51.41700", "2013-06-30": "21.34300", "2013-03-31": "7.78400", "2012-12-31": "5.13600", "2012-09-30": "", "2012-06-30": "", "2012-03-31": "", "2011-12-31": "3.40000"}, "Total Liabilities": {"2020-09-30": "24977.73000", "2020-06-30": "18363.18000", "2020-03-31": "18863.01000", "2019-12-31": "37627.20000", "2019-09-30": "34085.81000", "2019-06-30": "29991.54000", "2019-03-31": "26497.36000", "2018-12-31": "25602.72000", "2018-09-30": "24253.72000", "2018-06-30": "17144.81000", "2018-03-31": "16250.25000", "2017-12-31": "17417.40000", "2017-09-30": "16725.63000", "2017-06-30": "18381.06000", "2017-03-31": "15728.23000", "2016-12-31": "14931.35000", "2016-09-30": "14286.87000", "2016-06-30": "14791.89000", "2016-03-31": "14492.78000", "2015-12-31": "12206.14000", "2015-09-30": "12330.15000", "2015-06-30": "11299.72000", "2015-03-31": "5653.20800", "2014-12-31": "6239.31900", "2014-09-30": "5917.54000", "2014-06-30": "5227.53600", "2014-03-31": "5438.18500", "2013-12-31": "4445.58300", "2013-09-30": "1670.80800", "2013-06-30": "1496.71700", "2013-03-31": "925.68100", "2012-12-31": "156.52000", "2012-09-30": "0.00000", "2012-06-30": "0.00000", "2012-03-31": "0.00000", "2011-12-31": "4.16000"}, "Common Stock Net": {"2020-09-30": "4.15800", "2020-06-30": "4.15800", "2020-03-31": "4.15700", "2019-12-31": "4.15600", "2019-09-30": "4.15600", "2019-06-30": "4.15600", "2019-03-31": "4.15500", "2018-12-31": "3.69200", "2018-09-30": "3.40400", "2018-06-30": "3.39900", "2018-03-31": "3.36200", "2017-12-31": "3.07400", "2017-09-30": "3.07400", "2017-06-30": "3.07400", "2017-03-31": "3.07300", "2016-12-31": "2.50700", "2016-09-30": "2.50700", "2016-06-30": "2.30400", "2016-03-31": "2.30400", "2015-12-31": "2.30400", "2015-09-30": "2.30400", "2015-06-30": "2.30400", "2015-03-31": "1.41400", "2014-12-31": "1.41400", "2014-09-30": "1.41400", "2014-06-30": "2.82300", "2014-03-31": "2.53200", "2013-12-31": "1.26600", "2013-09-30": "2.53200", "2013-06-30": "2.53000", "2013-03-31": "735.71000", "2012-12-31": "", "2012-09-30": "0.00000", "2012-06-30": "0.00000", "2012-03-31": "0.00000", "2011-12-31": "39.80000"}, "Retained Earnings (Accumulated Deficit)": {"2020-09-30": "-1094.58900", "2020-06-30": "-1110.14800", "2020-03-31": "-1059.70600", "2019-12-31": "549.73300", "2019-09-30": "545.71300", "2019-06-30": "528.88900", "2019-03-31": "768.59200", "2018-12-31": "830.71300", "2018-09-30": "1014.91900", "2018-06-30": "1000.48800", "2018-03-31": "995.66100", "2017-12-31": "559.47600", "2017-09-30": "424.85400", "2017-06-30": "352.41400", "2017-03-31": "184.35800", "2016-12-31": "210.50000", "2016-09-30": "100.69700", "2016-06-30": "117.14400", "2016-03-31": "154.51900", "2015-12-31": "148.80000", "2015-09-30": "151.83800", "2015-06-30": "203.28700", "2015-03-31": "217.68900", "2014-12-31": "237.76900", "2014-09-30": "237.28400", "2014-06-30": "160.39600", "2014-03-31": "107.44600", "2013-12-31": "102.98600", "2013-09-30": "85.77600", "2013-06-30": "66.93900", "2013-03-31": "", "2012-12-31": "", "2012-09-30": "", "2012-06-30": "", "2012-03-31": "", "2011-12-31": ""}, "Comprehensive Income": {"2020-09-30": "52.07400", "2020-06-30": "30.73000", "2020-03-31": "6.13500", "2019-12-31": "682.15100", "2019-09-30": "706.92600", "2019-06-30": "686.69400", "2019-03-31": "551.69600", "2018-12-31": "417.02300", "2018-09-30": "468.95200", "2018-06-30": "458.77100", "2018-03-31": "419.34000", "2017-12-31": "364.46700", "2017-09-30": "383.31200", "2017-06-30": "313.30000", "2017-03-31": "159.12000", "2016-12-31": "126.36300", "2016-09-30": "105.38100", "2016-06-30": "50.79900", "2016-03-31": "-12.91200", "2015-12-31": "3.93600", "2015-09-30": "11.71100", "2015-06-30": "17.23100", "2015-03-31": "19.82500", "2014-12-31": "28.31900", "2014-09-30": "6.62800", "2014-06-30": "8.98800", "2014-03-31": "9.92800", "2013-12-31": "3.21400", "2013-09-30": "15.68800", "2013-06-30": "19.21400", "2013-03-31": "31.70900", "2012-12-31": "15.52600", "2012-09-30": "", "2012-06-30": "", "2012-03-31": "", "2011-12-31": ""}, "Other Share Holders Equity": {"2020-09-30": "", "2020-06-30": "", "2020-03-31": "", "2019-12-31": "", "2019-09-30": "", "2019-06-30": "", "2019-03-31": "", "2018-12-31": "", "2018-09-30": "", "2018-06-30": "", "2018-03-31": "", "2017-12-31": "", "2017-09-30": "", "2017-06-30": "", "2017-03-31": "", "2016-12-31": "", "2016-09-30": "", "2016-06-30": "", "2016-03-31": "", "2015-12-31": "", "2015-09-30": "", "2015-06-30": "", "2015-03-31": "", "2014-12-31": "", "2014-09-30": "", "2014-06-30": "", "2014-03-31": "", "2013-12-31": "", "2013-09-30": "", "2013-06-30": "", "2013-03-31": "", "2012-12-31": "", "2012-09-30": "0.00000", "2012-06-30": "0.00000", "2012-03-31": "0.00000", "2011-12-31": "0.00000"}, "Share Holder Equity": {"2020-09-30": "5428.63100", "2020-06-30": "5388.97200", "2020-03-31": "5330.46400", "2019-12-31": "7236.26000", "2019-09-30": "7262.11700", "2019-06-30": "6800.83000", "2019-03-31": "6912.20900", "2018-12-31": "6088.29500", "2018-09-30": "5837.04800", "2018-06-30": "5798.92400", "2018-03-31": "5761.68700", "2017-12-31": "4796.16200", "2017-09-30": "4679.20400", "2017-06-30": "4618.95800", "2017-03-31": "4301.76000", "2016-12-31": "3468.17700", "2016-09-30": "3417.51100", "2016-06-30": "3113.26100", "2016-03-31": "3078.99600", "2015-12-31": "2986.58000", "2015-09-30": "3026.07100", "2015-06-30": "3095.08200", "2015-03-31": "1814.41400", "2014-12-31": "1849.92500", "2014-09-30": "1855.86100", "2014-06-30": "1811.78000", "2014-03-31": "1560.64900", "2013-12-31": "1513.07500", "2013-09-30": "1261.03600", "2013-06-30": "1245.72500", "2013-03-31": "767.41900", "2012-12-31": "378.35600", "2012-09-30": "0.00000", "2012-06-30": "0.00000", "2012-03-31": "0.00000", "2011-12-31": "39.80000"}, "Total Liabilities And Share Holders Equity": {"2020-09-30": "30406.36000", "2020-06-30": "23752.15000", "2020-03-31": "24193.47000", "2019-12-31": "44863.45000", "2019-09-30": "41347.93000", "2019-06-30": "36792.38000", "2019-03-31": "33409.57000", "2018-12-31": "31691.01000", "2018-09-30": "30090.77000", "2018-06-30": "22943.73000", "2018-03-31": "22011.94000", "2017-12-31": "22213.56000", "2017-09-30": "21404.83000", "2017-06-30": "23000.02000", "2017-03-31": "20029.99000", "2016-12-31": "18399.53000", "2016-09-30": "17704.38000", "2016-06-30": "17905.15000", "2016-03-31": "17571.78000", "2015-12-31": "15192.72000", "2015-09-30": "15356.22000", "2015-06-30": "14394.80000", "2015-03-31": "7467.62200", "2014-12-31": "8089.24400", "2014-09-30": "7773.40100", "2014-06-30": "7039.31600", "2014-03-31": "6998.83400", "2013-12-31": "5958.65800", "2013-09-30": "2931.84400", "2013-06-30": "2742.44200", "2013-03-31": "1693.10000", "2012-12-31": "534.87600", "2012-09-30": "0.00000", "2012-06-30": "0.00000", "2012-03-31": "0.00000", "2011-12-31": "43.97000"}}, "cash flow statement": {"Net Income/Loss": {"2019-12-31": "605.93300", "2018-12-31": "1004.53100", "2017-12-31": "1014.65200", "2016-12-31": "582.71600", "2015-12-31": "281.88200", "2014-12-31": "442.09900", "2013-12-31": "265.62300", "2012-12-31": "41.24700", "2011-12-31": "0.71400"}, "Total Depreciation And Amortization - Cash Flow": {"2019-12-31": "-379.12900", "2018-12-31": "-701.96700", "2017-12-31": "-1031.38400", "2016-12-31": "-747.93200", "2015-12-31": "-525.29800", "2014-12-31": "-278.40800", "2013-12-31": "-59.25000", "2012-12-31": "-32.83500", "2011-12-31": ""}, "Other Non-Cash Items": {"2019-12-31": "17113.46000", "2018-12-31": "1105.32100", "2017-12-31": "-1427.92500", "2016-12-31": "-41.30600", "2015-12-31": "65.59800", "2014-12-31": "-619.96000", "2013-12-31": "-108.16600", "2012-12-31": "-9.02300", "2011-12-31": "-0.36700"}, "Total Non-Cash Items": {"2019-12-31": "16734.33000", "2018-12-31": "403.35420", "2017-12-31": "-2459.30900", "2016-12-31": "-789.23800", "2015-12-31": "-459.70000", "2014-12-31": "-898.36800", "2013-12-31": "-167.41600", "2012-12-31": "-41.85800", "2011-12-31": "-0.36700"}, "Change In Accounts Receivable": {"2019-12-31": "", "2018-12-31": "", "2017-12-31": "", "2016-12-31": "", "2015-12-31": "", "2014-12-31": "", "2013-12-31": "", "2012-12-31": "", "2011-12-31": ""}, "Change In Inventories": {"2019-12-31": "", "2018-12-31": "", "2017-12-31": "", "2016-12-31": "", "2015-12-31": "", "2014-12-31": "", "2013-12-31": "", "2012-12-31": "", "2011-12-31": ""}, "Change In Accounts Payable": {"2019-12-31": "", "2018-12-31": "", "2017-12-31": "", "2016-12-31": "", "2015-12-31": "", "2014-12-31": "", "2013-12-31": "", "2012-12-31": "", "2011-12-31": ""}, "Change In Assets/Liabilities": {"2019-12-31": "-19144.96000", "2018-12-31": "-2823.31000", "2017-12-31": "518.85800", "2016-12-31": "764.09500", "2015-12-31": "526.80500", "2014-12-31": "252.26900", "2013-12-31": "52.36100", "2012-12-31": "0.96300", "2011-12-31": "-1.10200"}, "Total Change In Assets/Liabilities": {"2019-12-31": "-18962.81000", "2018-12-31": "-2636.99900", "2017-12-31": "544.93900", "2016-12-31": "767.31810", "2015-12-31": "484.31100", "2014-12-31": "284.21400", "2013-12-31": "58.72100", "2012-12-31": "0.61100", "2011-12-31": "-0.34700"}, "Cash Flow From Operating Activities": {"2019-12-31": "-1622.54800", "2018-12-31": "-1229.11400", "2017-12-31": "-899.71800", "2016-12-31": "560.79600", "2015-12-31": "306.49300", "2014-12-31": "-172.05500", "2013-12-31": "156.92800", "2012-12-31": "0.00000", "2011-12-31": "0.00000"}, "Net Change In Property, Plant, And Equipment": {"2019-12-31": "", "2018-12-31": "-75.00000", "2017-12-31": "", "2016-12-31": "", "2015-12-31": "", "2014-12-31": "", "2013-12-31": "", "2012-12-31": "", "2011-12-31": ""}, "Net Change In Intangible Assets": {"2019-12-31": "", "2018-12-31": "", "2017-12-31": "", "2016-12-31": "", "2015-12-31": "", "2014-12-31": "", "2013-12-31": "", "2012-12-31": "", "2011-12-31": ""}, "Net Acquisitions/Divestitures": {"2019-12-31": "-1223.23300", "2018-12-31": "-123.18500", "2017-12-31": "", "2016-12-31": "-55.52300", "2015-12-31": "-881.16500", "2014-12-31": "", "2013-12-31": "", "2012-12-31": "", "2011-12-31": ""}, "Net Change In Short-term Investments": {"2019-12-31": "", "2018-12-31": "", "2017-12-31": "", "2016-12-31": "", "2015-12-31": "", "2014-12-31": "", "2013-12-31": "", "2012-12-31": "", "2011-12-31": ""}, "Net Change In Long-Term Investments": {"2019-12-31": "-8577.36700", "2018-12-31": "-4394.86000", "2017-12-31": "-590.73630", "2016-12-31": "178.18750", "2015-12-31": "623.37110", "2014-12-31": "-1710.57500", "2013-12-31": "-931.02280", "2012-12-31": "", "2011-12-31": ""}, "Net Change In Investments - Total": {"2019-12-31": "-8577.36700", "2018-12-31": "-4394.86000", "2017-12-31": "-590.73630", "2016-12-31": "178.18750", "2015-12-31": "623.37110", "2014-12-31": "-1710.57500", "2013-12-31": "-931.02280", "2012-12-31": "", "2011-12-31": ""}, "Investing Activities - Other": {"2019-12-31": "-1147.91800", "2018-12-31": "-578.04400", "2017-12-31": "-1186.84300", "2016-12-31": "-305.24800", "2015-12-31": "24.60200", "2014-12-31": "20.46400", "2013-12-31": "-66.41800", "2012-12-31": "", "2011-12-31": ""}, "Cash Flow From Investing Activities": {"2019-12-31": "-10948.51000", "2018-12-31": "-5171.09000", "2017-12-31": "-1777.57900", "2016-12-31": "-182.58300", "2015-12-31": "-233.18800", "2014-12-31": "-1690.11100", "2013-12-31": "-997.44100", "2012-12-31": "", "2011-12-31": ""}, "Net Long-Term Debt": {"2019-12-31": "", "2018-12-31": "", "2017-12-31": "", "2016-12-31": "", "2015-12-31": "", "2014-12-31": "", "2013-12-31": "", "2012-12-31": "", "2011-12-31": ""}, "Net Current Debt": {"2019-12-31": "12762.34000", "2018-12-31": "6326.64100", "2017-12-31": "2559.63300", "2016-12-31": "25.25780", "2015-12-31": "-424.01370", "2014-12-31": "1966.93000", "2013-12-31": "727.59110", "2012-12-31": "", "2011-12-31": ""}, "Debt Issuance/Retirement Net - Total": {"2019-12-31": "12762.34000", "2018-12-31": "6326.64100", "2017-12-31": "2559.63300", "2016-12-31": "25.25780", "2015-12-31": "-424.01370", "2014-12-31": "1966.93000", "2013-12-31": "727.59110", "2012-12-31": "", "2011-12-31": ""}, "Net Common Equity Issued/Repurchased": {"2019-12-31": "752.21700", "2018-12-31": "984.07400", "2017-12-31": "769.60500", "2016-12-31": "276.32000", "2015-12-31": "882.16600", "2014-12-31": "173.50700", "2013-12-31": "", "2012-12-31": "", "2011-12-31": ""}, "Net Total Equity Issued/Repurchased": {"2019-12-31": "1175.66100", "2018-12-31": "984.07400", "2017-12-31": "769.60500", "2016-12-31": "276.32000", "2015-12-31": "882.16600", "2014-12-31": "173.50700", "2013-12-31": "", "2012-12-31": "", "2011-12-31": ""}, "Total Common And Preferred Stock Dividends Paid": {"2019-12-31": "-817.12200", "2018-12-31": "-661.85900", "2017-12-31": "-570.23200", "2016-12-31": "-433.41400", "2015-12-31": "-303.02300", "2014-12-31": "-227.64600", "2013-12-31": "-62.02000", "2012-12-31": "", "2011-12-31": ""}, "Financial Activities - Other": {"2019-12-31": "-273.97200", "2018-12-31": "-279.62500", "2017-12-31": "-89.35900", "2016-12-31": "-137.31500", "2015-12-31": "-126.20000", "2014-12-31": "-113.55300", "2013-12-31": "446.93600", "2012-12-31": "", "2011-12-31": ""}, "Cash Flow From Financial Activities": {"2019-12-31": "12846.92000", "2018-12-31": "6369.23200", "2017-12-31": "2669.65000", "2016-12-31": "-269.15400", "2015-12-31": "28.93000", "2014-12-31": "1799.23700", "2013-12-31": "1112.50700", "2012-12-31": "", "2011-12-31": ""}, "Net Cash Flow": {"2019-12-31": "275.85600", "2018-12-31": "-30.97200", "2017-12-31": "-7.64700", "2016-12-31": "109.05900", "2015-12-31": "102.23500", "2014-12-31": "-62.92900", "2013-12-31": "271.99400", "2012-12-31": "0.00000", "2011-12-31": "0.00000"}, "Stock-Based Compensation": {"2019-12-31": "1.05500", "2018-12-31": "1.02000", "2017-12-31": "0.69900", "2016-12-31": "0.30000", "2015-12-31": "0.45000", "2014-12-31": "0.45300", "2013-12-31": "0.07800", "2012-12-31": "", "2011-12-31": ""}, "Common Stock Dividends Paid": {"2019-12-31": "-807.78800", "2018-12-31": "-661.85900", "2017-12-31": "-570.23200", "2016-12-31": "-433.41400", "2015-12-31": "-303.02300", "2014-12-31": "-227.64600", "2013-12-31": "-62.02000", "2012-12-31": "", "2011-12-31": ""}}, "cash flow statement, quarterly": {"Net Income/Loss": {"2020-09-30": 103.92, "2020-06-30": 44.129, "2020-03-31": "-1607.25500", "2019-12-31": 230.381, "2019-09-30": 244.66, "2019-06-30": -25.02, "2019-03-31": "155.91200", "2018-12-31": 8.854, "2018-09-30": 195.477, "2018-06-30": 185.836, "2018-03-31": "614.36400", "2017-12-31": 300.37, "2017-09-30": 239.721, "2017-06-30": 337.403, "2017-03-31": "137.15800", "2016-12-31": 242.065, "2016-09-30": 131.086, "2016-06-30": 93.627, "2016-03-31": "115.93800", "2015-12-31": 99.052, "2015-09-30": 61.755, "2015-06-30": 79.277, "2015-03-31": "41.79800", "2014-12-31": 50.928, "2014-09-30": 152.098, "2014-06-30": 182.208, "2014-03-31": "56.86500", "2013-12-31": 80.181, "2013-09-30": 63.145, "2013-06-30": 109.222, "2013-03-31": "13.07500", "2012-12-31": 20.31, "2012-09-30": 11.768, "2012-06-30": 6.474, "2012-03-31": "2.68800", "2011-12-31": 0.71}, "Total Depreciation And Amortization - Cash Flow": {"2020-09-30": -46.466, "2020-06-30": -39.886, "2020-03-31": "-41.10400", "2019-12-31": -80.196, "2019-09-30": -41.978, "2019-06-30": -104.061, "2019-03-31": "-152.89400", "2018-12-31": -172.986, "2018-09-30": -169.876, "2018-06-30": -181.734, "2018-03-31": "-177.37100", "2017-12-31": -219.462, "2017-09-30": -266.536, "2017-06-30": -352.962, "2017-03-31": "-192.42400", "2016-12-31": -233.41, "2016-09-30": -182.607, "2016-06-30": -178.245, "2016-03-31": "-153.67000", "2015-12-31": -164.831, "2015-09-30": -151.33, "2015-06-30": -147.792, "2015-03-31": "-61.34500", "2014-12-31": -64.463, "2014-09-30": -75.212, "2014-06-30": -82.083, "2014-03-31": "-56.65000", "2013-12-31": -19.094, "2013-09-30": -12.779, "2013-06-30": -22.579, "2013-03-31": "-4.79800", "2012-12-31": -3.3, "2012-09-30": -2.03, "2012-06-30": 0, "2012-03-31": "", "2011-12-31": 0}, "Other Non-Cash Items": {"2020-09-30": 16734.66, "2020-06-30": 9047.77, "2020-03-31": "13964.51000", "2019-12-31": 9444.42, "2019-09-30": 4876.671, "2019-06-30": 1204.611, "2019-03-31": "1587.75800", "2018-12-31": 652.4121, "2018-09-30": 1211.1449, "2018-06-30": -629.126, "2018-03-31": "-129.11000", "2017-12-31": -448.1609, "2017-09-30": -430.3302, "2017-06-30": -128.556, "2017-03-31": "-420.87790", "2016-12-31": -143.74, "2016-09-30": -55.9, "2016-06-30": 100.881, "2016-03-31": "57.45300", "2015-12-31": -144.258, "2015-09-30": -165.719, "2015-06-30": 364.265, "2015-03-31": "11.31000", "2014-12-31": 126.957, "2014-09-30": -578.597, "2014-06-30": -145.78, "2014-03-31": "-22.54000", "2013-12-31": -38.67, "2013-09-30": 22.166, "2013-06-30": -90.179, "2013-03-31": "-1.48300", "2012-12-31": -2.51, "2012-09-30": -1.774, "2012-06-30": -3.523, "2012-03-31": "-1.21600", "2011-12-31": 0}, "Total Non-Cash Items": {"2020-09-30": 16688.19, "2020-06-30": 9007.89, "2020-03-31": "13923.40000", "2019-12-31": 9364.223, "2019-09-30": 4834.693, "2019-06-30": 1100.55, "2019-03-31": "1434.86400", "2018-12-31": 479.4263, "2018-09-30": 1041.2689, "2018-06-30": -810.86, "2018-03-31": "-306.48100", "2017-12-31": -667.623, "2017-09-30": -696.866, "2017-06-30": -481.5181, "2017-03-31": "-613.30190", "2016-12-31": -377.15, "2016-09-30": -238.507, "2016-06-30": -77.364, "2016-03-31": "-96.21700", "2015-12-31": -309.089, "2015-09-30": -317.049, "2015-06-30": 216.473, "2015-03-31": "-50.03500", "2014-12-31": 62.494, "2014-09-30": -653.809, "2014-06-30": -227.863, "2014-03-31": "-79.19000", "2013-12-31": -57.764, "2013-09-30": 9.387, "2013-06-30": -112.758, "2013-03-31": "-6.28100", "2012-12-31": 3.213, "2012-09-30": -3.804, "2012-06-30": -3.523, "2012-03-31": "-1.21600", "2011-12-31": 0}, "Change In Accounts Receivable": {"2020-09-30": 0, "2020-06-30": 0, "2020-03-31": "", "2019-12-31": 0, "2019-09-30": 0, "2019-06-30": 0, "2019-03-31": "", "2018-12-31": 0, "2018-09-30": 0, "2018-06-30": 0, "2018-03-31": "", "2017-12-31": 0, "2017-09-30": 0, "2017-06-30": 0, "2017-03-31": "", "2016-12-31": 0, "2016-09-30": 0, "2016-06-30": 0, "2016-03-31": "", "2015-12-31": 0, "2015-09-30": 0, "2015-06-30": 0, "2015-03-31": "", "2014-12-31": 0, "2014-09-30": 0, "2014-06-30": 0, "2014-03-31": "", "2013-12-31": 0, "2013-09-30": 0, "2013-06-30": 0, "2013-03-31": "", "2012-12-31": 0, "2012-09-30": 0, "2012-06-30": 0, "2012-03-31": "", "2011-12-31": 0}, "Change In Inventories": {"2020-09-30": 0, "2020-06-30": 0, "2020-03-31": "", "2019-12-31": 0, "2019-09-30": 0, "2019-06-30": 0, "2019-03-31": "", "2018-12-31": 0, "2018-09-30": 0, "2018-06-30": 0, "2018-03-31": "", "2017-12-31": 0, "2017-09-30": 0, "2017-06-30": 0, "2017-03-31": "", "2016-12-31": 0, "2016-09-30": 0, "2016-06-30": 0, "2016-03-31": "", "2015-12-31": 0, "2015-09-30": 0, "2015-06-30": 0, "2015-03-31": "", "2014-12-31": 0, "2014-09-30": 0, "2014-06-30": 0, "2014-03-31": "", "2013-12-31": 0, "2013-09-30": 0, "2013-06-30": 0, "2013-03-31": "", "2012-12-31": 0, "2012-09-30": 0, "2012-06-30": 0, "2012-03-31": "", "2011-12-31": 0}, "Change In Accounts Payable": {"2020-09-30": 0, "2020-06-30": 0, "2020-03-31": "", "2019-12-31": 0, "2019-09-30": 0, "2019-06-30": 0, "2019-03-31": "", "2018-12-31": 0, "2018-09-30": 0, "2018-06-30": 0, "2018-03-31": "", "2017-12-31": 0, "2017-09-30": 0, "2017-06-30": 0, "2017-03-31": "", "2016-12-31": 0, "2016-09-30": 0, "2016-06-30": 0, "2016-03-31": "", "2015-12-31": 0, "2015-09-30": 0, "2015-06-30": 0, "2015-03-31": "", "2014-12-31": 0, "2014-09-30": 0, "2014-06-30": 0, "2014-03-31": "", "2013-12-31": 0, "2013-09-30": 0, "2013-06-30": 0, "2013-03-31": "", "2012-12-31": 0, "2012-09-30": 0, "2012-06-30": 0, "2012-03-31": "", "2011-12-31": 0}, "Change In Assets/Liabilities": {"2020-09-30": -17667.66, "2020-06-30": -7226.03, "2020-03-31": "-11194.01000", "2019-12-31": -8819.52, "2019-09-30": -4800.204, "2019-06-30": -3640.795, "2019-03-31": "-1884.44100", "2018-12-31": -1666.698, "2018-09-30": -1631.497, "2018-06-30": 294.699, "2018-03-31": "180.18600", "2017-12-31": 107.713, "2017-09-30": 147.341, "2017-06-30": 133.165, "2017-03-31": "130.63900", "2016-12-31": 196.974, "2016-09-30": 290.77, "2016-06-30": 141.533, "2016-03-31": "134.81800", "2015-12-31": 215.968, "2015-09-30": 112.363, "2015-06-30": 206.268, "2015-03-31": "-7.79400", "2014-12-31": 100.433, "2014-09-30": 55.628, "2014-06-30": 72.998, "2014-03-31": "23.21000", "2013-12-31": 25.323, "2013-09-30": 12.817, "2013-06-30": 23.392, "2013-03-31": "-9.17100", "2012-12-31": 14.756, "2012-09-30": -8.487, "2012-06-30": -4.127, "2012-03-31": "-1.17900", "2011-12-31": 0}, "Total Change In Assets/Liabilities": {"2020-09-30": -17672.56, "2020-06-30": -7597.12, "2020-03-31": "-11004.73000", "2019-12-31": -8900.79, "2019-09-30": -4612.531, "2019-06-30": -3558.32, "2019-03-31": "-1891.16900", "2018-12-31": -1641.633, "2018-09-30": -1509.283, "2018-06-30": 308.141, "2018-03-31": "205.77600", "2017-12-31": 85.352, "2017-09-30": 182.798, "2017-06-30": 179.487, "2017-03-31": "97.30200", "2016-12-31": 188.0611, "2016-09-30": 273.635, "2016-06-30": 154.932, "2016-03-31": "150.69000", "2015-12-31": 154.419, "2015-09-30": 100.13, "2015-06-30": 236.938, "2015-03-31": "-7.17600", "2014-12-31": 127.713, "2014-09-30": 58.493, "2014-06-30": 73.619, "2014-03-31": "24.38900", "2013-12-31": 29.931, "2013-09-30": 13.995, "2013-06-30": 21.589, "2013-03-31": "-6.79400", "2012-12-31": -14.493, "2012-09-30": -7.964, "2012-06-30": -2.951, "2012-03-31": "-1.47200", "2011-12-31": -0.34}, "Cash Flow From Operating Activities": {"2020-09-30": -880.445, "2020-06-30": 1454.897, "2020-03-31": "1311.41600", "2019-12-31": 693.81, "2019-09-30": 466.825, "2019-06-30": -2482.79, "2019-03-31": "-300.39300", "2018-12-31": -1153.353, "2018-09-30": -272.537, "2018-06-30": -316.883, "2018-03-31": "513.65900", "2017-12-31": -281.901, "2017-09-30": -274.347, "2017-06-30": 35.372, "2017-03-31": "-378.84200", "2016-12-31": 52.976, "2016-09-30": 166.214, "2016-06-30": 171.195, "2016-03-31": "170.41100", "2015-12-31": -55.618, "2015-09-30": -155.164, "2015-06-30": 532.688, "2015-03-31": "-15.41300", "2014-12-31": 241.135, "2014-09-30": -443.218, "2014-06-30": 27.964, "2014-03-31": "2.06400", "2013-12-31": 52.348, "2013-09-30": 86.527, "2013-06-30": 18.053, "2013-03-31": "0.00000", "2012-12-31": 0, "2012-09-30": 0, "2012-06-30": 0, "2012-03-31": "", "2011-12-31": 0}, "Net Change In Property, Plant, And Equipment": {"2020-09-30": 0, "2020-06-30": 0, "2020-03-31": "", "2019-12-31": 0, "2019-09-30": 0, "2019-06-30": 0, "2019-03-31": "", "2018-12-31": -75, "2018-09-30": 0, "2018-06-30": 0, "2018-03-31": "", "2017-12-31": 0, "2017-09-30": 0, "2017-06-30": 0, "2017-03-31": "", "2016-12-31": 0, "2016-09-30": 0, "2016-06-30": 0, "2016-03-31": "", "2015-12-31": 0, "2015-09-30": 0, "2015-06-30": 0, "2015-03-31": "", "2014-12-31": 0, "2014-09-30": 0, "2014-06-30": 0, "2014-03-31": "", "2013-12-31": 0, "2013-09-30": 0, "2013-06-30": 0, "2013-03-31": "", "2012-12-31": 0, "2012-09-30": 0, "2012-06-30": 0, "2012-03-31": "", "2011-12-31": 0}, "Net Change In Intangible Assets": {"2020-09-30": 0, "2020-06-30": 0, "2020-03-31": "", "2019-12-31": 0, "2019-09-30": 0, "2019-06-30": 0, "2019-03-31": "", "2018-12-31": 0, "2018-09-30": 0, "2018-06-30": 0, "2018-03-31": "", "2017-12-31": 0, "2017-09-30": 0, "2017-06-30": 0, "2017-03-31": "", "2016-12-31": 0, "2016-09-30": 0, "2016-06-30": 0, "2016-03-31": "", "2015-12-31": 0, "2015-09-30": 0, "2015-06-30": 0, "2015-03-31": "", "2014-12-31": 0, "2014-09-30": 0, "2014-06-30": 0, "2014-03-31": "", "2013-12-31": 0, "2013-09-30": 0, "2013-06-30": 0, "2013-03-31": "", "2012-12-31": 0, "2012-09-30": 0, "2012-06-30": 0, "2012-03-31": "", "2011-12-31": 0}, "Net Acquisitions/Divestitures": {"2020-09-30": 0, "2020-06-30": 0, "2020-03-31": "", "2019-12-31": -1223.233, "2019-09-30": 0, "2019-06-30": 0, "2019-03-31": "", "2018-12-31": -4.9, "2018-09-30": -118.285, "2018-06-30": 0, "2018-03-31": "", "2017-12-31": 0, "2017-09-30": 0, "2017-06-30": 0, "2017-03-31": "", "2016-12-31": -3.558, "2016-09-30": -2.022, "2016-06-30": 0, "2016-03-31": "-49.94300", "2015-12-31": 78.451, "2015-09-30": 0, "2015-06-30": -959.616, "2015-03-31": "", "2014-12-31": 0, "2014-09-30": 0, "2014-06-30": 0, "2014-03-31": "", "2013-12-31": 0, "2013-09-30": 0, "2013-06-30": 0, "2013-03-31": "", "2012-12-31": 0, "2012-09-30": 0, "2012-06-30": 0, "2012-03-31": "", "2011-12-31": 0}, "Net Change In Short-term Investments": {"2020-09-30": 0, "2020-06-30": 0, "2020-03-31": "", "2019-12-31": 0, "2019-09-30": 0, "2019-06-30": 0, "2019-03-31": "", "2018-12-31": 0, "2018-09-30": 0, "2018-06-30": 0, "2018-03-31": "", "2017-12-31": 0, "2017-09-30": 0, "2017-06-30": 0, "2017-03-31": "", "2016-12-31": 0, "2016-09-30": 0, "2016-06-30": 0, "2016-03-31": "", "2015-12-31": 0, "2015-09-30": 0, "2015-06-30": 0, "2015-03-31": "", "2014-12-31": 0, "2014-09-30": 0, "2014-06-30": 0, "2014-03-31": "", "2013-12-31": 0, "2013-09-30": 0, "2013-06-30": 0, "2013-03-31": "", "2012-12-31": 0, "2012-09-30": 0, "2012-06-30": 0, "2012-03-31": "", "2011-12-31": 0}, "Net Change In Long-Term Investments": {"2020-09-30": -5054.47, "2020-06-30": -735.72, "2020-03-31": "16987.67000", "2019-12-31": -4533.773, "2019-09-30": -439.438, "2019-06-30": -991.153, "2019-03-31": "-2613.00300", "2018-12-31": 36.075, "2018-09-30": -4664.4169, "2018-06-30": -198.9068, "2018-03-31": "432.38870", "2017-12-31": -304.8847, "2017-09-30": 1484.9934, "2017-06-30": -1641.7054, "2017-03-31": "-129.13960", "2016-12-31": 219.502, "2016-09-30": -114.001, "2016-06-30": -226.5484, "2016-03-31": "299.23490", "2015-12-31": -327.9814, "2015-09-30": -399.3215, "2015-06-30": 228.736, "2015-03-31": "1121.93800", "2014-12-31": -662.35, "2014-09-30": -40.047, "2014-06-30": 322.299, "2014-03-31": "-1330.47700", "2013-12-31": -627.5688, "2013-09-30": -123.381, "2013-06-30": -180.073, "2013-03-31": "", "2012-12-31": 0, "2012-09-30": 0, "2012-06-30": 0, "2012-03-31": "", "2011-12-31": 0}, "Net Change In Investments - Total": {"2020-09-30": -5054.47, "2020-06-30": -735.72, "2020-03-31": "16987.67000", "2019-12-31": -4533.773, "2019-09-30": -439.438, "2019-06-30": -991.153, "2019-03-31": "-2613.00300", "2018-12-31": 36.075, "2018-09-30": -4664.4169, "2018-06-30": -198.9068, "2018-03-31": "432.38870", "2017-12-31": -304.8847, "2017-09-30": 1484.9934, "2017-06-30": -1641.7054, "2017-03-31": "-129.13960", "2016-12-31": 219.502, "2016-09-30": -114.001, "2016-06-30": -226.5484, "2016-03-31": "299.23490", "2015-12-31": -327.9814, "2015-09-30": -399.3215, "2015-06-30": 228.736, "2015-03-31": "1121.93800", "2014-12-31": -662.35, "2014-09-30": -40.047, "2014-06-30": 322.299, "2014-03-31": "-1330.47700", "2013-12-31": -627.5688, "2013-09-30": -123.381, "2013-06-30": -180.073, "2013-03-31": "", "2012-12-31": 0, "2012-09-30": 0, "2012-06-30": 0, "2012-03-31": "", "2011-12-31": 0}, "Investing Activities - Other": {"2020-09-30": -341.051, "2020-06-30": 438.13, "2020-03-31": "-326.84800", "2019-12-31": 59.422, "2019-09-30": -1334.428, "2019-06-30": 267.018, "2019-03-31": "-139.93000", "2018-12-31": -102.81, "2018-09-30": -186.09, "2018-06-30": -72.997, "2018-03-31": "-216.14700", "2017-12-31": 96.929, "2017-09-30": -278.759, "2017-06-30": -120.274, "2017-03-31": "-884.73900", "2016-12-31": -549.448, "2016-09-30": 98.245, "2016-06-30": 98.744, "2016-03-31": "47.21100", "2015-12-31": 133.532, "2015-09-30": -137.299, "2015-06-30": 34.016, "2015-03-31": "-5.64700", "2014-12-31": 67.966, "2014-09-30": 27.038, "2014-06-30": -4.517, "2014-03-31": "-70.02300", "2013-12-31": -68.818, "2013-09-30": 0.611, "2013-06-30": 1.789, "2013-03-31": "", "2012-12-31": 0, "2012-09-30": 0, "2012-06-30": 0, "2012-03-31": "", "2011-12-31": 0}, "Cash Flow From Investing Activities": {"2020-09-30": -5395.52, "2020-06-30": -297.59, "2020-03-31": "16660.82000", "2019-12-31": -5697.577, "2019-09-30": -1773.865, "2019-06-30": -724.135, "2019-03-31": "-2752.93300", "2018-12-31": -146.637, "2018-09-30": -4968.791, "2018-06-30": -271.904, "2018-03-31": "216.24200", "2017-12-31": -207.956, "2017-09-30": 1206.236, "2017-06-30": -1761.98, "2017-03-31": "-1013.87900", "2016-12-31": -333.503, "2016-09-30": -17.779, "2016-06-30": -127.804, "2016-03-31": "296.50300", "2015-12-31": -115.994, "2015-09-30": -536.621, "2015-06-30": -696.864, "2015-03-31": "1116.29100", "2014-12-31": -594.383, "2014-09-30": -13.01, "2014-06-30": 317.782, "2014-03-31": "-1400.50000", "2013-12-31": -696.387, "2013-09-30": -122.77, "2013-06-30": -178.284, "2013-03-31": "", "2012-12-31": 0, "2012-09-30": 0, "2012-06-30": 0, "2012-03-31": "", "2011-12-31": 0}, "Net Long-Term Debt": {"2020-09-30": -7852.041, "2020-06-30": 592.4, "2020-03-31": "", "2019-12-31": 7306.541, "2019-09-30": -7306.541, "2019-06-30": 0, "2019-03-31": "", "2018-12-31": 0, "2018-09-30": 0, "2018-06-30": 0, "2018-03-31": "", "2017-12-31": 0, "2017-09-30": 0, "2017-06-30": 0, "2017-03-31": "", "2016-12-31": 0, "2016-09-30": 0, "2016-06-30": 0, "2016-03-31": "", "2015-12-31": 0, "2015-09-30": 0, "2015-06-30": 0, "2015-03-31": "", "2014-12-31": 0, "2014-09-30": 0, "2014-06-30": 0, "2014-03-31": "", "2013-12-31": 0, "2013-09-30": 0, "2013-06-30": 0, "2013-03-31": "", "2012-12-31": 0, "2012-09-30": 0, "2012-06-30": 0, "2012-03-31": "", "2011-12-31": 0}, "Net Current Debt": {"2020-09-30": 14137.58, "2020-06-30": -1778.11, "2020-03-31": "-17790.90000", "2019-12-31": -2394.21, "2019-09-30": 9045.8, "2019-06-30": 3379, "2019-03-31": "2731.75000", "2018-12-31": 1010.118, "2018-09-30": 5595.9058, "2018-06-30": 799.2442, "2018-03-31": "-1078.62700", "2017-12-31": 665.231, "2017-09-30": -970.356, "2017-06-30": 2212.1975, "2017-03-31": "652.56050", "2016-12-31": 356.3379, "2016-09-30": -178.2539, "2016-06-30": 98.2588, "2016-03-31": "-251.08500", "2015-12-31": 270.2109, "2015-09-30": 727.5534, "2015-06-30": -612.3311, "2015-03-31": "-809.44690", "2014-12-31": 490.136, "2014-09-30": 476.202, "2014-06-30": -283.444, "2014-03-31": "1284.03600", "2013-12-31": 585.7452, "2013-09-30": 16.6109, "2013-06-30": 125.235, "2013-03-31": "", "2012-12-31": 0, "2012-09-30": 0, "2012-06-30": 0, "2012-03-31": "", "2011-12-31": 0}, "Debt Issuance/Retirement Net - Total": {"2020-09-30": 6285.54, "2020-06-30": -1185.71, "2020-03-31": "-17790.90000", "2019-12-31": 4912.334, "2019-09-30": 1739.256, "2019-06-30": 3379, "2019-03-31": "2731.75000", "2018-12-31": 1010.118, "2018-09-30": 5595.9058, "2018-06-30": 799.2442, "2018-03-31": "-1078.62700", "2017-12-31": 665.231, "2017-09-30": -970.356, "2017-06-30": 2212.1975, "2017-03-31": "652.56050", "2016-12-31": 356.3379, "2016-09-30": -178.2539, "2016-06-30": 98.2588, "2016-03-31": "-251.08500", "2015-12-31": 270.2109, "2015-09-30": 727.5534, "2015-06-30": -612.3311, "2015-03-31": "-809.44690", "2014-12-31": 490.136, "2014-09-30": 476.202, "2014-06-30": -283.444, "2014-03-31": "1284.03600", "2013-12-31": 585.7452, "2013-09-30": 16.6109, "2013-06-30": 125.235, "2013-03-31": "", "2012-12-31": 0, "2012-09-30": 0, "2012-06-30": 0, "2012-03-31": "", "2011-12-31": 0}, "Net Common Equity Issued/Repurchased": {"2020-09-30": 0, "2020-06-30": 0.079, "2020-03-31": "1.65500", "2019-12-31": 0, "2019-09-30": 0, "2019-06-30": 0.105, "2019-03-31": "752.11200", "2018-12-31": 492.442, "2018-09-30": 8.936, "2018-06-30": 0, "2018-03-31": "482.69600", "2017-12-31": 0, "2017-09-30": -65.86, "2017-06-30": 0, "2017-03-31": "835.46500", "2016-12-31": -3.28, "2016-09-30": 279.6, "2016-06-30": 0, "2016-03-31": "", "2015-12-31": 0, "2015-09-30": 0.067, "2015-06-30": 882.099, "2015-03-31": "", "2014-12-31": 0.306, "2014-09-30": 0, "2014-06-30": 173.201, "2014-03-31": "", "2013-12-31": 0, "2013-09-30": 0, "2013-06-30": 0, "2013-03-31": "", "2012-12-31": 0, "2012-09-30": 0, "2012-06-30": 0, "2012-03-31": "", "2011-12-31": 0}, "Net Total Equity Issued/Repurchased": {"2020-09-30": 0, "2020-06-30": 0.079, "2020-03-31": "391.20300", "2019-12-31": 0, "2019-09-30": 423.444, "2019-06-30": 0.105, "2019-03-31": "752.11200", "2018-12-31": 492.442, "2018-09-30": 8.936, "2018-06-30": 0, "2018-03-31": "482.69600", "2017-12-31": 0, "2017-09-30": -65.86, "2017-06-30": 0, "2017-03-31": "835.46500", "2016-12-31": -3.28, "2016-09-30": 279.6, "2016-06-30": 0, "2016-03-31": "", "2015-12-31": 0, "2015-09-30": 0.067, "2015-06-30": 882.099, "2015-03-31": "", "2014-12-31": 0.306, "2014-09-30": 0, "2014-06-30": 173.201, "2014-03-31": "", "2013-12-31": 0, "2013-09-30": 0, "2013-06-30": 0, "2013-03-31": "", "2012-12-31": 0, "2012-09-30": 0, "2012-06-30": 0, "2012-03-31": "", "2011-12-31": 0}, "Total Common And Preferred Stock Dividends Paid": {"2020-09-30": -55.932, "2020-06-30": -35.212, "2020-03-31": "-215.70300", "2019-12-31": -217.095, "2019-09-30": -207.76, "2019-06-30": -207.715, "2019-03-31": "-184.55200", "2018-12-31": -170.179, "2018-09-30": -169.931, "2018-06-30": -168.068, "2018-03-31": "-153.68100", "2017-12-31": -153.68, "2017-09-30": -153.678, "2017-06-30": -147.518, "2017-03-31": "-115.35600", "2016-12-31": -115.354, "2016-09-30": -106.026, "2016-06-30": -106.017, "2016-03-31": "-106.01700", "2015-12-31": -106.012, "2015-09-30": -89.521, "2015-06-30": -53.745, "2015-03-31": "-53.74500", "2014-12-31": -49.484, "2014-09-30": -70.553, "2014-06-30": -44.312, "2014-03-31": "-63.29700", "2013-12-31": -44.308, "2013-09-30": -17.712, "2013-06-30": 0, "2013-03-31": "", "2012-12-31": 0, "2012-09-30": 0, "2012-06-30": 0, "2012-03-31": "", "2011-12-31": 0}, "Financial Activities - Other": {"2020-09-30": -84.209, "2020-06-30": 707.7979, "2020-03-31": "-539.88790", "2019-12-31": 98.092, "2019-09-30": -311.725, "2019-06-30": 91.681, "2019-03-31": "-152.02000", "2018-12-31": -103.2171, "2018-09-30": -62.3549, "2018-06-30": -100.633, "2018-03-31": "-13.42000", "2017-12-31": -7.453, "2017-09-30": -27.549, "2017-06-30": -15.642, "2017-03-31": "-38.71500", "2016-12-31": -45.278, "2016-09-30": -3.841, "2016-06-30": -62.732, "2016-03-31": "-25.46400", "2015-12-31": -25.68, "2015-09-30": -30.009, "2015-06-30": -79.174, "2015-03-31": "8.66300", "2014-12-31": -66.245, "2014-09-30": -72.946, "2014-06-30": -20.56, "2014-03-31": "46.19800", "2013-12-31": 202.393, "2013-09-30": -0.152, "2013-06-30": 244.695, "2013-03-31": "", "2012-12-31": 0, "2012-09-30": 0, "2012-06-30": 0, "2012-03-31": "", "2011-12-31": 0}, "Cash Flow From Financial Activities": {"2020-09-30": 6145.4, "2020-06-30": -513.05, "2020-03-31": "-18155.29000", "2019-12-31": 4793.34, "2019-09-30": 1643.218, "2019-06-30": 3263.075, "2019-03-31": "3147.28700", "2018-12-31": 1229.171, "2018-09-30": 5372.548, "2018-06-30": 530.543, "2018-03-31": "-763.03000", "2017-12-31": 504.1, "2017-09-30": -1217.442, "2017-06-30": 2049.038, "2017-03-31": "1333.95400", "2016-12-31": 192.423, "2016-09-30": -8.522, "2016-06-30": -70.489, "2016-03-31": "-382.56600", "2015-12-31": 138.52, "2015-09-30": 608.09, "2015-06-30": 136.849, "2015-03-31": "-854.52900", "2014-12-31": 374.712, "2014-09-30": 332.703, "2014-06-30": -175.115, "2014-03-31": "1266.93700", "2013-12-31": 743.83, "2013-09-30": -1.253, "2013-06-30": 369.93, "2013-03-31": "", "2012-12-31": 0, "2012-09-30": 0, "2012-06-30": 0, "2012-03-31": "", "2011-12-31": 0}, "Net Cash Flow": {"2020-09-30": -130.564, "2020-06-30": 644.252, "2020-03-31": "-183.04600", "2019-12-31": -210.433, "2019-09-30": 336.178, "2019-06-30": 56.15, "2019-03-31": "93.96100", "2018-12-31": -70.819, "2018-09-30": 131.22, "2018-06-30": -58.244, "2018-03-31": "-33.12900", "2017-12-31": 14.243, "2017-09-30": -285.553, "2017-06-30": 322.43, "2017-03-31": "-58.76700", "2016-12-31": -88.104, "2016-09-30": 139.913, "2016-06-30": -27.098, "2016-03-31": "84.34800", "2015-12-31": -33.092, "2015-09-30": -83.695, "2015-06-30": -27.327, "2015-03-31": "246.34900", "2014-12-31": 21.464, "2014-09-30": -123.525, "2014-06-30": 170.631, "2014-03-31": "-131.49900", "2013-12-31": 99.791, "2013-09-30": -37.496, "2013-06-30": 209.699, "2013-03-31": "0.00000", "2012-12-31": 0, "2012-09-30": 0, "2012-06-30": 0, "2012-03-31": "", "2011-12-31": 0}, "Stock-Based Compensation": {"2020-09-30": 0, "2020-06-30": 0.711, "2020-03-31": "0.50000", "2019-12-31": 0, "2019-09-30": 0, "2019-06-30": 0.655, "2019-03-31": "0.40000", "2018-12-31": 0.001, "2018-09-30": 0, "2018-06-30": 0.599, "2018-03-31": "0.42000", "2017-12-31": 0, "2017-09-30": 0.001, "2017-06-30": 0.455, "2017-03-31": "0.24300", "2016-12-31": 0, "2016-09-30": 0, "2016-06-30": 0.3, "2016-03-31": "0.00000", "2015-12-31": 0.15, "2015-09-30": 0, "2015-06-30": 0.3, "2015-03-31": "", "2014-12-31": 0.125, "2014-09-30": -0.001, "2014-06-30": 0.251, "2014-03-31": "0.07800", "2013-12-31": 0.078, "2013-09-30": 0, "2013-06-30": 0, "2013-03-31": "", "2012-12-31": 0, "2012-09-30": 0, "2012-06-30": 0, "2012-03-31": "", "2011-12-31": 0}, "Common Stock Dividends Paid": {"2020-09-30": -41.574, "2020-06-30": -20.783, "2020-03-31": "-207.76000", "2019-12-31": -207.761, "2019-09-30": -207.76, "2019-06-30": -207.715, "2019-03-31": "-184.55200", "2018-12-31": -170.179, "2018-09-30": -169.931, "2018-06-30": -168.068, "2018-03-31": "-153.68100", "2017-12-31": -153.68, "2017-09-30": -153.678, "2017-06-30": -147.518, "2017-03-31": "-115.35600", "2016-12-31": -115.354, "2016-09-30": -106.026, "2016-06-30": -106.017, "2016-03-31": "-106.01700", "2015-12-31": -106.012, "2015-09-30": -89.521, "2015-06-30": -53.745, "2015-03-31": "-53.74500", "2014-12-31": -49.484, "2014-09-30": -70.553, "2014-06-30": -44.312, "2014-03-31": "-63.29700", "2013-12-31": -44.308, "2013-09-30": -17.712, "2013-06-30": 0, "2013-03-31": "", "2012-12-31": 0, "2012-09-30": 0, "2012-06-30": 0, "2012-03-31": "", "2011-12-31": 0}}, "financial ratios": {"Current Ratio": {"2019-12-31": "", "2018-12-31": "", "2017-12-31": "", "2016-12-31": "", "2015-12-31": "", "2014-12-31": "", "2013-12-31": "", "2012-12-31": "", "2011-12-31": ""}, "Long-term Debt / Capital": {"2019-12-31": "", "2018-12-31": "", "2017-12-31": "", "2016-12-31": "", "2015-12-31": "", "2014-12-31": "", "2013-12-31": "", "2012-12-31": "", "2011-12-31": ""}, "Debt/Equity Ratio": {"2019-12-31": "4.92470", "2018-12-31": "3.72130", "2017-12-31": "3.28320", "2016-12-31": "3.80060", "2015-12-31": "3.78110", "2014-12-31": "3.27460", "2013-12-31": "2.71590", "2012-12-31": "0.39890", "2011-12-31": ""}, "Gross Margin": {"2019-12-31": "", "2018-12-31": "", "2017-12-31": "", "2016-12-31": "", "2015-12-31": "", "2014-12-31": "", "2013-12-31": "", "2012-12-31": "", "2011-12-31": ""}, "Operating Margin": {"2019-12-31": "73.51170", "2018-12-31": "70.11680", "2017-12-31": "84.52270", "2016-12-31": "83.27460", "2015-12-31": "84.47030", "2014-12-31": "174.64370", "2013-12-31": "320.49400", "2012-12-31": "124.26610", "2011-12-31": "56.66670"}, "EBIT Margin": {"2019-12-31": "73.51170", "2018-12-31": "70.11680", "2017-12-31": "84.52270", "2016-12-31": "83.27460", "2015-12-31": "84.47030", "2014-12-31": "174.64370", "2013-12-31": "320.49400", "2012-12-31": "124.26610", "2011-12-31": "56.66670"}, "EBITDA Margin": {"2019-12-31": "55.88840", "2018-12-31": "38.10470", "2017-12-31": "31.46870", "2016-12-31": "20.68110", "2015-12-31": "3.03780", "2014-12-31": "94.37780", "2013-12-31": "252.83150", "2012-12-31": "27.00320", "2011-12-31": "56.66670"}, "Pre-Tax Profit Margin": {"2019-12-31": "30.10750", "2018-12-31": "42.46130", "2017-12-31": "60.81600", "2016-12-31": "52.02320", "2015-12-31": "41.99240", "2014-12-31": "134.07710", "2013-12-31": "303.33690", "2012-12-31": "122.18080", "2011-12-31": "56.66670"}, "Net Profit Margin": {"2019-12-31": "25.56680", "2018-12-31": "43.96020", "2017-12-31": "49.25510", "2016-12-31": "42.21700", "2015-12-31": "41.64430", "2014-12-31": "101.73560", "2013-12-31": "303.70910", "2012-12-31": "122.18080", "2011-12-31": "56.66670"}, "Asset Turnover": {"2019-12-31": "0.04800", "2018-12-31": "0.06920", "2017-12-31": "0.08750", "2016-12-31": "0.06490", "2015-12-31": "0.04250", "2014-12-31": "0.04290", "2013-12-31": "0.01470", "2012-12-31": "0.06310", "2011-12-31": "0.02870"}, "Inventory Turnover Ratio": {"2019-12-31": "", "2018-12-31": "", "2017-12-31": "", "2016-12-31": "", "2015-12-31": "", "2014-12-31": "", "2013-12-31": "", "2012-12-31": "", "2011-12-31": ""}, "Receiveable Turnover": {"2019-12-31": "", "2018-12-31": "", "2017-12-31": "", "2016-12-31": "", "2015-12-31": "", "2014-12-31": "", "2013-12-31": "", "2012-12-31": "", "2011-12-31": ""}, "Days Sales In Receivables": {"2019-12-31": "", "2018-12-31": "", "2017-12-31": "", "2016-12-31": "", "2015-12-31": "", "2014-12-31": "", "2013-12-31": "", "2012-12-31": "", "2011-12-31": ""}, "ROE - Return On Equity": {"2019-12-31": "8.89400", "2018-12-31": "16.49940", "2017-12-31": "21.15550", "2016-12-31": "16.80180", "2015-12-31": "9.43830", "2014-12-31": "23.89820", "2013-12-31": "17.55520", "2012-12-31": "10.90160", "2011-12-31": "1.79360"}, "Return On Tangible Equity": {"2019-12-31": "8.37360", "2018-12-31": "16.49940", "2017-12-31": "21.15550", "2016-12-31": "16.80180", "2015-12-31": "9.43830", "2014-12-31": "23.89820", "2013-12-31": "17.55520", "2012-12-31": "10.90160", "2011-12-31": "1.79360"}, "ROA - Return On Assets": {"2019-12-31": "1.35060", "2018-12-31": "3.16980", "2017-12-31": "4.56770", "2016-12-31": "3.16700", "2015-12-31": "1.85540", "2014-12-31": "5.46530", "2013-12-31": "4.45780", "2012-12-31": "7.71150", "2011-12-31": "1.62380"}, "ROI - Return On Investment": {"2019-12-31": "8.37360", "2018-12-31": "16.49940", "2017-12-31": "21.15550", "2016-12-31": "16.80180", "2015-12-31": "9.43830", "2014-12-31": "23.89820", "2013-12-31": "17.55520", "2012-12-31": "10.90160", "2011-12-31": "1.79360"}, "Book Value Per Share": {"2019-12-31": "17.41490", "2018-12-31": "16.49480", "2017-12-31": "15.60430", "2016-12-31": "13.83000", "2015-12-31": "12.95860", "2014-12-31": "13.07970", "2013-12-31": "11.95170", "2012-12-31": "", "2011-12-31": ""}, "Operating Cash Flow Per Share": {"2019-12-31": -0.3852, "2018-12-31": -0.6261, "2017-12-31": -5.3074, "2016-12-31": 0.841, "2015-12-31": 2.7433, "2014-12-31": -2.4523, "2013-12-31": 1.2195, "2012-12-31": 0, "2011-12-31": 0}, "Free Cash Flow Per Share": {"2019-12-31": -0.1666, "2018-12-31": -0.8447, "2017-12-31": -5.3074, "2016-12-31": 0.841, "2015-12-31": 2.7433, "2014-12-31": -2.4523, "2013-12-31": 1.2195, "2012-12-31": 0, "2011-12-31": 0}}, "financial ratios, quarterly": {"Current Ratio": {"2020-09-30": "", "2020-06-30": "", "2020-03-31": "", "2019-12-31": "", "2019-09-30": "", "2019-06-30": "", "2019-03-31": "", "2018-12-31": "", "2018-09-30": "", "2018-06-30": "", "2018-03-31": "", "2017-12-31": "", "2017-09-30": "", "2017-06-30": "", "2017-03-31": "", "2016-12-31": "", "2016-09-30": "", "2016-06-30": "", "2016-03-31": "", "2015-12-31": "", "2015-09-30": "", "2015-06-30": "", "2015-03-31": "", "2014-12-31": "", "2014-09-30": "", "2014-06-30": "", "2014-03-31": "", "2013-12-31": "", "2013-09-30": "", "2013-06-30": "", "2013-03-31": "", "2012-12-31": "", "2012-09-30": "", "2012-06-30": "", "2012-03-31": "", "2011-12-31": ""}, "Long-term Debt / Capital": {"2020-09-30": "0.09070", "2020-06-30": "0.09010", "2020-03-31": "", "2019-12-31": "", "2019-09-30": "", "2019-06-30": "", "2019-03-31": "", "2018-12-31": "", "2018-09-30": "", "2018-06-30": "", "2018-03-31": "", "2017-12-31": "", "2017-09-30": "", "2017-06-30": "", "2017-03-31": "", "2016-12-31": "", "2016-09-30": "", "2016-06-30": "", "2016-03-31": "", "2015-12-31": "", "2015-09-30": "", "2015-06-30": "", "2015-03-31": "", "2014-12-31": "", "2014-09-30": "", "2014-06-30": "", "2014-03-31": "", "2013-12-31": "", "2013-09-30": "", "2013-06-30": "", "2013-03-31": "", "2012-12-31": "", "2012-09-30": "", "2012-06-30": "", "2012-03-31": "", "2011-12-31": ""}, "Debt/Equity Ratio": {"2020-09-30": "4.49480", "2020-06-30": "3.27690", "2020-03-31": "3.34470", "2019-12-31": "4.94850", "2019-09-30": "4.20210", "2019-06-30": "4.25240", "2019-03-31": "3.69410", "2018-12-31": "3.72130", "2018-09-30": "3.72660", "2018-06-30": "2.66690", "2018-03-31": "2.54550", "2017-12-31": "3.28320", "2017-09-30": "3.22380", "2017-06-30": "3.47460", "2017-03-31": "3.21620", "2016-12-31": "3.80060", "2016-09-30": "3.73460", "2016-06-30": "4.15020", "2016-03-31": "4.17160", "2015-12-31": "3.78110", "2015-09-30": "3.64140", "2015-06-30": "3.32390", "2015-03-31": "2.94240", "2014-12-31": "3.27460", "2014-09-30": "3.00970", "2014-06-30": "2.81750", "2014-03-31": "3.44590", "2013-12-31": "2.71590", "2013-09-30": "1.16410", "2013-06-30": "1.18350", "2013-03-31": "1.19240", "2012-12-31": "0.39890", "2012-09-30": "", "2012-06-30": "", "2012-03-31": "", "2011-12-31": ""}, "Gross Margin": {"2020-09-30": "", "2020-06-30": "", "2020-03-31": "", "2019-12-31": "", "2019-09-30": "", "2019-06-30": "", "2019-03-31": "", "2018-12-31": "", "2018-09-30": "", "2018-06-30": "", "2018-03-31": "", "2017-12-31": "", "2017-09-30": "", "2017-06-30": "", "2017-03-31": "", "2016-12-31": "", "2016-09-30": "", "2016-06-30": "", "2016-03-31": "", "2015-12-31": "", "2015-09-30": "", "2015-06-30": "", "2015-03-31": "", "2014-12-31": "", "2014-09-30": "", "2014-06-30": "", "2014-03-31": "", "2013-12-31": "", "2013-09-30": "", "2013-06-30": "", "2013-03-31": "", "2012-12-31": "", "2012-09-30": "", "2012-06-30": "", "2012-03-31": "", "2011-12-31": ""}, "Operating Margin": {"2020-09-30": "176.52790", "2020-06-30": "125.54130", "2020-03-31": "-1374.97400", "2019-12-31": "69.96680", "2019-09-30": "96.79650", "2019-06-30": "54.88700", "2019-03-31": "68.58400", "2018-12-31": "28.72250", "2018-09-30": "60.21950", "2018-06-30": "57.66280", "2018-03-31": "121.80890", "2017-12-31": "91.56770", "2017-09-30": "87.24610", "2017-06-30": "83.29210", "2017-03-31": "72.33690", "2016-12-31": "80.40490", "2016-09-30": "87.99030", "2016-06-30": "72.73760", "2016-03-31": "98.37240", "2015-12-31": "81.78050", "2015-09-30": "73.14920", "2015-06-30": "98.47180", "2015-03-31": "85.75020", "2014-12-31": "89.62690", "2014-09-30": "197.98330", "2014-06-30": "259.14670", "2014-03-31": "134.49300", "2013-12-31": "332.97590", "2013-09-30": "304.26320", "2013-06-30": "486.42550", "2013-03-31": "86.30720", "2012-12-31": "138.60050", "2012-09-30": "98.13750", "2012-06-30": "144.54120", "2012-03-31": "131.95880", "2011-12-31": ""}, "EBIT Margin": {"2020-09-30": "176.52790", "2020-06-30": "125.54130", "2020-03-31": "-1374.97400", "2019-12-31": "69.96680", "2019-09-30": "96.79650", "2019-06-30": "54.88700", "2019-03-31": "68.58400", "2018-12-31": "28.72250", "2018-09-30": "60.21950", "2018-06-30": "57.66280", "2018-03-31": "121.80890", "2017-12-31": "91.56770", "2017-09-30": "87.24610", "2017-06-30": "83.29210", "2017-03-31": "72.33690", "2016-12-31": "80.40490", "2016-09-30": "87.99030", "2016-06-30": "72.73760", "2016-03-31": "98.37240", "2015-12-31": "81.78050", "2015-09-30": "73.14920", "2015-06-30": "98.47180", "2015-03-31": "85.75020", "2014-12-31": "89.62690", "2014-09-30": "197.98330", "2014-06-30": "259.14670", "2014-03-31": "134.49300", "2013-12-31": "332.97590", "2013-09-30": "304.26320", "2013-06-30": "486.42550", "2013-03-31": "86.30720", "2012-12-31": "138.60050", "2012-09-30": "98.13750", "2012-06-30": "144.54120", "2012-03-31": "131.95880", "2011-12-31": ""}, "EBITDA Margin": {"2020-09-30": "", "2020-06-30": "", "2020-03-31": "", "2019-12-31": "", "2019-09-30": "", "2019-06-30": "", "2019-03-31": "", "2018-12-31": "", "2018-09-30": "", "2018-06-30": "", "2018-03-31": "", "2017-12-31": "", "2017-09-30": "", "2017-06-30": "", "2017-03-31": "", "2016-12-31": "", "2016-09-30": "", "2016-06-30": "", "2016-03-31": "", "2015-12-31": "", "2015-09-30": "", "2015-06-30": "", "2015-03-31": "", "2014-12-31": "", "2014-09-30": "", "2014-06-30": "", "2014-03-31": "", "2013-12-31": "", "2013-09-30": "", "2013-06-30": "", "2013-03-31": "", "2012-12-31": "", "2012-09-30": "", "2012-06-30": "", "2012-03-31": "", "2011-12-31": ""}, "Pre-Tax Profit Margin": {"2020-09-30": "107.79960", "2020-06-30": "43.41640", "2020-03-31": "-1566.44400", "2019-12-31": "35.41380", "2019-09-30": "47.73160", "2019-06-30": "-14.09850", "2019-03-31": "33.38880", "2018-12-31": "-13.28850", "2018-09-30": "33.12480", "2018-06-30": "33.31430", "2018-03-31": "101.10570", "2017-12-31": "67.71660", "2017-09-30": "59.75700", "2017-06-30": "65.37730", "2017-03-31": "42.85110", "2016-12-31": "59.05150", "2016-09-30": "53.82170", "2016-06-30": "36.45170", "2016-03-31": "55.62890", "2015-12-31": "41.51440", "2015-09-30": "30.61460", "2015-06-30": "52.52250", "2015-03-31": "45.47780", "2014-12-31": "52.16150", "2014-09-30": "163.85280", "2014-06-30": "219.74080", "2014-03-31": "79.94410", "2013-12-31": "302.66110", "2013-09-30": "288.53090", "2013-06-30": "474.89890", "2013-03-31": "80.75470", "2012-12-31": "136.00480", "2012-09-30": "95.71370", "2012-06-30": "144.54120", "2012-03-31": "131.95880", "2011-12-31": ""}, "Net Profit Margin": {"2020-09-30": "41.02850", "2020-06-30": "-6.25660", "2020-03-31": "-1414.74800", "2019-12-31": "29.62450", "2019-09-30": "44.81130", "2019-06-30": "-9.66480", "2019-03-31": "24.07630", "2018-12-31": "0.07890", "2018-09-30": "30.72300", "2018-06-30": "31.77430", "2018-03-31": "100.57320", "2017-12-31": "56.27060", "2017-09-30": "49.61670", "2017-06-30": "50.05140", "2017-03-31": "36.43450", "2016-12-31": "50.59670", "2016-09-30": "35.02560", "2016-06-30": "24.74150", "2016-03-31": "58.79730", "2015-12-31": "51.44340", "2015-09-30": "29.92310", "2015-06-30": "42.15980", "2015-03-31": "42.63810", "2014-12-31": "63.70710", "2014-09-30": "129.49680", "2014-06-30": "133.29200", "2014-03-31": "68.22210", "2013-12-31": "303.89180", "2013-09-30": "288.53090", "2013-06-30": "474.89890", "2013-03-31": "80.75470", "2012-12-31": "135.91780", "2012-09-30": "95.71370", "2012-06-30": "144.54120", "2012-03-31": "131.95880", "2011-12-31": ""}, "Asset Turnover": {"2020-09-30": "0.00620", "2020-06-30": "0.00600", "2020-03-31": "0.00470", "2019-12-31": "0.01590", "2019-09-30": "0.01210", "2019-06-30": "0.00900", "2019-03-31": "0.01810", "2018-12-31": "0.01390", "2018-09-30": "0.02000", "2018-06-30": "0.02400", "2018-03-31": "0.02730", "2017-12-31": "0.02310", "2017-09-30": "0.02130", "2017-06-30": "0.02790", "2017-03-31": "0.01660", "2016-12-31": "0.02420", "2016-09-30": "0.01600", "2016-06-30": "0.01550", "2016-03-31": "0.01080", "2015-12-31": "0.01320", "2015-09-30": "0.01190", "2015-06-30": "0.01240", "2015-03-31": "0.01130", "2014-12-31": "0.01050", "2014-09-30": "0.01260", "2014-06-30": "0.01320", "2014-03-31": "0.01020", "2013-12-31": "0.00440", "2013-09-30": "0.00750", "2013-06-30": "0.00840", "2013-03-31": "0.00960", "2012-12-31": "0.02790", "2012-09-30": "", "2012-06-30": "", "2012-03-31": "", "2011-12-31": ""}, "Inventory Turnover Ratio": {"2020-09-30": "", "2020-06-30": "", "2020-03-31": "", "2019-12-31": "", "2019-09-30": "", "2019-06-30": "", "2019-03-31": "", "2018-12-31": "", "2018-09-30": "", "2018-06-30": "", "2018-03-31": "", "2017-12-31": "", "2017-09-30": "", "2017-06-30": "", "2017-03-31": "", "2016-12-31": "", "2016-09-30": "", "2016-06-30": "", "2016-03-31": "", "2015-12-31": "", "2015-09-30": "", "2015-06-30": "", "2015-03-31": "", "2014-12-31": "", "2014-09-30": "", "2014-06-30": "", "2014-03-31": "", "2013-12-31": "", "2013-09-30": "", "2013-06-30": "", "2013-03-31": "", "2012-12-31": "", "2012-09-30": "", "2012-06-30": "", "2012-03-31": "", "2011-12-31": ""}, "Receiveable Turnover": {"2020-09-30": "", "2020-06-30": "", "2020-03-31": "", "2019-12-31": "", "2019-09-30": "", "2019-06-30": "", "2019-03-31": "", "2018-12-31": "", "2018-09-30": "", "2018-06-30": "", "2018-03-31": "", "2017-12-31": "", "2017-09-30": "", "2017-06-30": "", "2017-03-31": "", "2016-12-31": "", "2016-09-30": "", "2016-06-30": "", "2016-03-31": "", "2015-12-31": "", "2015-09-30": "", "2015-06-30": "", "2015-03-31": "", "2014-12-31": "", "2014-09-30": "", "2014-06-30": "", "2014-03-31": "", "2013-12-31": "", "2013-09-30": "", "2013-06-30": "", "2013-03-31": "", "2012-12-31": "", "2012-09-30": "", "2012-06-30": "", "2012-03-31": "", "2011-12-31": ""}, "Days Sales In Receivables": {"2020-09-30": "", "2020-06-30": "", "2020-03-31": "", "2019-12-31": "", "2019-09-30": "", "2019-06-30": "", "2019-03-31": "", "2018-12-31": "", "2018-09-30": "", "2018-06-30": "", "2018-03-31": "", "2017-12-31": "", "2017-09-30": "", "2017-06-30": "", "2017-03-31": "", "2016-12-31": "", "2016-09-30": "", "2016-06-30": "", "2016-03-31": "", "2015-12-31": "", "2015-09-30": "", "2015-06-30": "", "2015-03-31": "", "2014-12-31": "", "2014-09-30": "", "2014-06-30": "", "2014-03-31": "", "2013-12-31": "", "2013-09-30": "", "2013-06-30": "", "2013-03-31": "", "2012-12-31": "", "2012-09-30": "", "2012-06-30": "", "2012-03-31": "", "2011-12-31": ""}, "ROE - Return On Equity": {"2020-09-30": "2.25150", "2020-06-30": "0.96440", "2020-03-31": "-35.57860", "2019-12-31": "3.38160", "2019-09-30": "3.57760", "2019-06-30": "-0.36790", "2019-03-31": "2.25560", "2018-12-31": "0.14540", "2018-09-30": "3.34890", "2018-06-30": "3.20470", "2018-03-31": "10.66290", "2017-12-31": "6.26270", "2017-09-30": "5.12310", "2017-06-30": "7.30470", "2017-03-31": "3.18840", "2016-12-31": "6.97960", "2016-09-30": "3.83570", "2016-06-30": "3.00740", "2016-03-31": "3.76540", "2015-12-31": "3.31660", "2015-09-30": "2.04080", "2015-06-30": "2.56140", "2015-03-31": "2.30370", "2014-12-31": "2.75300", "2014-09-30": "8.19560", "2014-06-30": "10.05690", "2014-03-31": "3.64370", "2013-12-31": "5.29920", "2013-09-30": "5.00740", "2013-06-30": "8.76770", "2013-03-31": "1.70380", "2012-12-31": "5.36980", "2012-09-30": "", "2012-06-30": "", "2012-03-31": "", "2011-12-31": ""}, "Return On Tangible Equity": {"2020-09-30": "1.91430", "2020-06-30": "0.81890", "2020-03-31": "-30.15230", "2019-12-31": "3.18370", "2019-09-30": "3.36900", "2019-06-30": "-0.36790", "2019-03-31": "2.25560", "2018-12-31": "0.14540", "2018-09-30": "3.34890", "2018-06-30": "3.20470", "2018-03-31": "10.66290", "2017-12-31": "6.26270", "2017-09-30": "5.12310", "2017-06-30": "7.30470", "2017-03-31": "3.18840", "2016-12-31": "6.97960", "2016-09-30": "3.83570", "2016-06-30": "3.00740", "2016-03-31": "3.76540", "2015-12-31": "3.31660", "2015-09-30": "2.04080", "2015-06-30": "2.56140", "2015-03-31": "2.30370", "2014-12-31": "2.75300", "2014-09-30": "8.19560", "2014-06-30": "10.05690", "2014-03-31": "3.64370", "2013-12-31": "5.29920", "2013-09-30": "5.00740", "2013-06-30": "8.76770", "2013-03-31": "1.70380", "2012-12-31": "5.36980", "2012-09-30": "", "2012-06-30": "", "2012-03-31": "", "2011-12-31": ""}, "ROA - Return On Assets": {"2020-09-30": "0.34180", "2020-06-30": "0.18580", "2020-03-31": "-6.64330", "2019-12-31": "0.51350", "2019-09-30": "0.59170", "2019-06-30": "-0.06800", "2019-03-31": "0.46670", "2018-12-31": "0.02790", "2018-09-30": "0.64960", "2018-06-30": "0.81000", "2018-03-31": "2.79100", "2017-12-31": "1.35220", "2017-09-30": "1.11990", "2017-06-30": "1.46700", "2017-03-31": "0.68480", "2016-12-31": "1.31560", "2016-09-30": "0.74040", "2016-06-30": "0.52290", "2016-03-31": "0.65980", "2015-12-31": "0.65200", "2015-09-30": "0.40210", "2015-06-30": "0.55070", "2015-03-31": "0.55970", "2014-12-31": "0.62960", "2014-09-30": "1.95660", "2014-06-30": "2.58840", "2014-03-31": "0.81250", "2013-12-31": "1.34560", "2013-09-30": "2.15380", "2013-06-30": "3.98270", "2013-03-31": "0.77230", "2012-12-31": "3.79850", "2012-09-30": "", "2012-06-30": "", "2012-03-31": "", "2011-12-31": ""}, "ROI - Return On Investment": {"2020-09-30": "1.74060", "2020-06-30": "0.74510", "2020-03-31": "-30.15230", "2019-12-31": "3.18370", "2019-09-30": "3.36900", "2019-06-30": "-0.36790", "2019-03-31": "2.25560", "2018-12-31": "0.14540", "2018-09-30": "3.34890", "2018-06-30": "3.20470", "2018-03-31": "10.66290", "2017-12-31": "6.26270", "2017-09-30": "5.12310", "2017-06-30": "7.30470", "2017-03-31": "3.18840", "2016-12-31": "6.97960", "2016-09-30": "3.83570", "2016-06-30": "3.00740", "2016-03-31": "3.76540", "2015-12-31": "3.31660", "2015-09-30": "2.04080", "2015-06-30": "2.56140", "2015-03-31": "2.30370", "2014-12-31": "2.75300", "2014-09-30": "8.19560", "2014-06-30": "10.05690", "2014-03-31": "3.64370", "2013-12-31": "5.29920", "2013-09-30": "5.00740", "2013-06-30": "8.76770", "2013-03-31": "1.70380", "2012-12-31": "5.36980", "2012-09-30": "", "2012-06-30": "", "2012-03-31": "", "2011-12-31": ""}, "Book Value Per Share": {"2020-09-30": "13.05760", "2020-06-30": "12.96220", "2020-03-31": "12.82440", "2019-12-31": "17.41490", "2019-09-30": "17.47710", "2019-06-30": "16.36700", "2019-03-31": "16.63870", "2018-12-31": "16.49480", "2018-09-30": "17.14990", "2018-06-30": "17.06250", "2018-03-31": "17.14100", "2017-12-31": "15.60430", "2017-09-30": "15.22380", "2017-06-30": "15.02780", "2017-03-31": "13.99700", "2016-12-31": "13.83000", "2016-09-30": "13.62790", "2016-06-30": "13.50700", "2016-03-31": "13.35960", "2015-12-31": "12.95860", "2015-09-30": "13.13060", "2015-06-30": "13.43120", "2015-03-31": "12.82860", "2014-12-31": "13.07970", "2014-09-30": "13.12650", "2014-06-30": "12.83980", "2014-03-31": "12.32690", "2013-12-31": "11.95170", "2013-09-30": "9.96130", "2013-06-30": "9.84670", "2013-03-31": "6.06590", "2012-12-31": "", "2012-09-30": "", "2012-06-30": "", "2012-03-31": "", "2011-12-31": ""}, "Operating Cash Flow Per Share": {"2020-09-30": -2.1754, "2020-06-30": 3.4996, "2020-03-31": "3.15560", "2019-12-31": 1.6065, "2019-09-30": 1.1253, "2019-06-30": -5.926, "2019-03-31": "-0.77300", "2018-12-31": -3.3597, "2018-09-30": -0.8018, "2018-06-30": -0.9613, "2018-03-31": "1.54080", "2017-12-31": -0.9578, "2017-09-30": -0.888, "2017-06-30": 0.2042, "2017-03-31": "-1.31430", "2016-12-31": 0.2452, "2016-09-30": 0.6265, "2016-06-30": 0.7406, "2016-03-31": "0.73920", "2015-12-31": -0.0556, "2015-09-30": -0.9551, "2015-06-30": 2.6276, "2015-03-31": "-0.10640", "2014-12-31": 1.6333, "2014-09-30": -3.0811, "2014-06-30": 0.1991, "2014-03-31": "0.01590", "2013-12-31": 0.4147, "2013-09-30": 0.6641, "2013-06-30": 0.1407, "2013-03-31": "0.00000", "2012-12-31": 0, "2012-09-30": 0, "2012-06-30": 0, "2012-03-31": "", "2011-12-31": 0}, "Free Cash Flow Per Share": {"2020-09-30": -2.1754, "2020-06-30": 3.4996, "2020-03-31": "3.15560", "2019-12-31": 1.6065, "2019-09-30": 1.1253, "2019-06-30": -5.926, "2019-03-31": "-0.77300", "2018-12-31": -3.5783, "2018-09-30": -0.8018, "2018-06-30": -0.9613, "2018-03-31": "1.54080", "2017-12-31": -0.9578, "2017-09-30": -0.888, "2017-06-30": 0.2042, "2017-03-31": "-1.31430", "2016-12-31": 0.2452, "2016-09-30": 0.6265, "2016-06-30": 0.7406, "2016-03-31": "0.73920", "2015-12-31": -0.0556, "2015-09-30": -0.9551, "2015-06-30": 2.6276, "2015-03-31": "-0.10640", "2014-12-31": 1.6333, "2014-09-30": -3.0811, "2014-06-30": 0.1991, "2014-03-31": "0.01590", "2013-12-31": 0.4147, "2013-09-30": 0.6641, "2013-06-30": 0.1407, "2013-03-31": "0.00000", "2012-12-31": 0, "2012-09-30": 0, "2012-06-30": 0, "2012-03-31": "", "2011-12-31": 0}}, "revenue": {"New Residential Investment Annual Revenue (Millions of US $)": {"2019": "$2,151", "2018": "$2,193", "2017": "$1,944", "2016": "$1,195", "2015": "$645", "2014": "$347", "2013": "$88", "2012": "$34", "2011": "$1"}, "New Residential Investment Quarterly Revenue (Millions of US $)": {"2020-09-30": "$190", "2020-06-30": "$142", "2020-03-31": "$113", "2019-12-31": "$715", "2019-09-30": "$501", "2019-06-30": "$331", "2019-03-31": "$605", "2018-12-31": "$441", "2018-09-30": "$601", "2018-06-30": "$550", "2018-03-31": "$601", "2017-12-31": "$512", "2017-09-30": "$456", "2017-06-30": "$643", "2017-03-31": "$333", "2016-12-31": "$445", "2016-09-30": "$282", "2016-06-30": "$277", "2016-03-31": "$190", "2015-12-31": "$200", "2015-09-30": "$182", "2015-06-30": "$178", "2015-03-31": "$84", "2014-12-31": "$85", "2014-09-30": "$98", "2014-06-30": "$93", "2014-03-31": "$71", "2013-12-31": "$26", "2013-09-30": "$22", "2013-06-30": "$23", "2013-03-31": "$16", "2012-12-31": "$15", "2012-09-30": "$12", "2012-06-30": "$4", "2012-03-31": "$2", "2011-12-31": ""}}, "gross-profit": {"New Residential Investment Annual Gross Profit (Millions of US $)": {"2019": "$2,151", "2018": "$2,193", "2017": "$1,944", "2016": "$1,195", "2015": "$645", "2014": "$347", "2013": "$88", "2012": "$34", "2011": "$1"}, "New Residential Investment Quarterly Gross Profit (Millions of US $)": {"2020-09-30": "$190", "2020-06-30": "$142", "2020-03-31": "$113", "2019-12-31": "$715", "2019-09-30": "$501", "2019-06-30": "$331", "2019-03-31": "$605", "2018-12-31": "$441", "2018-09-30": "$601", "2018-06-30": "$550", "2018-03-31": "$601", "2017-12-31": "$512", "2017-09-30": "$456", "2017-06-30": "$643", "2017-03-31": "$333", "2016-12-31": "$445", "2016-09-30": "$282", "2016-06-30": "$277", "2016-03-31": "$190", "2015-12-31": "$200", "2015-09-30": "$182", "2015-06-30": "$178", "2015-03-31": "$84", "2014-12-31": "$85", "2014-09-30": "$98", "2014-06-30": "$93", "2014-03-31": "$71", "2013-12-31": "$26", "2013-09-30": "$22", "2013-06-30": "$23", "2013-03-31": "$16", "2012-12-31": "$15", "2012-09-30": "$12", "2012-06-30": "$4", "2012-03-31": "$2", "2011-12-31": ""}}, "operating-income": {"New Residential Investment Annual Operating Income (Millions of US $)": {"2019": "$1,581", "2018": "$1,538", "2017": "$1,643", "2016": "$995", "2015": "$545", "2014": "$606", "2013": "$281", "2012": "$42", "2011": "$1"}, "New Residential Investment Quarterly Operating Income (Millions of US $)": {"2020-09-30": "$335", "2020-06-30": "$178", "2020-03-31": "$-1,557", "2019-12-31": "$500", "2019-09-30": "$485", "2019-06-30": "$181", "2019-03-31": "$415", "2018-12-31": "$127", "2018-09-30": "$362", "2018-06-30": "$317", "2018-03-31": "$732", "2017-12-31": "$469", "2017-09-30": "$398", "2017-06-30": "$535", "2017-03-31": "$241", "2016-12-31": "$358", "2016-09-30": "$248", "2016-06-30": "$202", "2016-03-31": "$187", "2015-12-31": "$164", "2015-09-30": "$133", "2015-06-30": "$175", "2015-03-31": "$72", "2014-12-31": "$76", "2014-09-30": "$193", "2014-06-30": "$240", "2014-03-31": "$96", "2013-12-31": "$88", "2013-09-30": "$67", "2013-06-30": "$112", "2013-03-31": "$14", "2012-12-31": "$21", "2012-09-30": "$12", "2012-06-30": "$6", "2012-03-31": "$3", "2011-12-31": ""}}, "ebitda": {"New Residential Investment Annual EBITDA (Millions of US $)": {"2019": "$1,202", "2018": "$836", "2017": "$612", "2016": "$247", "2015": "$20", "2014": "$327", "2013": "$221", "2012": "$9", "2011": "$1"}, "New Residential Investment Quarterly EBITDA (Millions of US $)": {"2020-09-30": "$289", "2020-06-30": "$138", "2020-03-31": "$-1,598", "2019-12-31": "$420", "2019-09-30": "$443", "2019-06-30": "$77", "2019-03-31": "$262", "2018-12-31": "$-46", "2018-09-30": "$192", "2018-06-30": "$135", "2018-03-31": "$554", "2017-12-31": "$250", "2017-09-30": "$131", "2017-06-30": "$182", "2017-03-31": "$49", "2016-12-31": "$124", "2016-09-30": "$66", "2016-06-30": "$24", "2016-03-31": "$33", "2015-12-31": "$-1", "2015-09-30": "$-18", "2015-06-30": "$28", "2015-03-31": "$11", "2014-12-31": "$12", "2014-09-30": "$118", "2014-06-30": "$158", "2014-03-31": "$39", "2013-12-31": "$69", "2013-09-30": "$54", "2013-06-30": "$89", "2013-03-31": "$9", "2012-12-31": "$17", "2012-09-30": "$12", "2012-06-30": "$6", "2012-03-31": "$3", "2011-12-31": ""}}, "net-income": {"New Residential Investment Annual Net Income (Millions of US $)": {"2019": "$550", "2018": "$964", "2017": "$958", "2016": "$504", "2015": "$269", "2014": "$353", "2013": "$266", "2012": "$41", "2011": "$1"}, "New Residential Investment Quarterly Net Income (Millions of US $)": {"2020-09-30": "$78", "2020-06-30": "$-9", "2020-03-31": "$-1,602", "2019-12-31": "$212", "2019-09-30": "$225", "2019-06-30": "$-32", "2019-03-31": "$146", "2018-12-31": "$0", "2018-09-30": "$185", "2018-06-30": "$175", "2018-03-31": "$604", "2017-12-31": "$288", "2017-09-30": "$226", "2017-06-30": "$322", "2017-03-31": "$121", "2016-12-31": "$225", "2016-09-30": "$99", "2016-06-30": "$69", "2016-03-31": "$112", "2015-12-31": "$103", "2015-09-30": "$55", "2015-06-30": "$75", "2015-03-31": "$36", "2014-12-31": "$54", "2014-09-30": "$126", "2014-06-30": "$124", "2014-03-31": "$49", "2013-12-31": "$81", "2013-09-30": "$63", "2013-06-30": "$109", "2013-03-31": "$13", "2012-12-31": "$20", "2012-09-30": "$12", "2012-06-30": "$6", "2012-03-31": "$3", "2011-12-31": ""}}, "eps-earnings-per-share-diluted": {"New Residential Investment Annual EPS": {"2019": "$1.34", "2018": "$2.81", "2017": "$3.15", "2016": "$2.12", "2015": "$1.32", "2014": "$2.53", "2013": "$2.07", "2012": "$0.33", "2011": "$0.01"}, "New Residential Investment Quarterly EPS": {"2020-09-30": "$0.19", "2020-06-30": "$-0.02", "2020-03-31": "$-3.86", "2019-12-31": "$0.51", "2019-09-30": "$0.54", "2019-06-30": "$-0.08", "2019-03-31": "$0.37", "2018-12-31": "$-0.05", "2018-09-30": "$0.54", "2018-06-30": "$0.51", "2018-03-31": "$1.81", "2017-12-31": "$0.96", "2017-09-30": "$0.73", "2017-06-30": "$1.04", "2017-03-31": "$0.42", "2016-12-31": "$0.93", "2016-09-30": "$0.41", "2016-06-30": "$0.30", "2016-03-31": "$0.48", "2015-12-31": "$0.46", "2015-09-30": "$0.24", "2015-06-30": "$0.37", "2015-03-31": "$0.25", "2014-12-31": "$0.39", "2014-09-30": "$0.88", "2014-06-30": "$0.88", "2014-03-31": "$0.38", "2013-12-31": "$0.62", "2013-09-30": "$0.49", "2013-06-30": "$0.86", "2013-03-31": "$0.10", "2012-12-31": "$0.16", "2012-09-30": "$0.10", "2012-06-30": "$0.06", "2012-03-31": "$0.00", "2011-12-31": "$0.00"}}, "shares-outstanding": {"New Residential Investment Annual Shares Outstanding (Millions of Shares)": {"2019": "409", "2018": "343", "2017": "304", "2016": "238", "2015": "203", "2014": "140", "2013": "129", "2012": "127", "2011": "127"}, "New Residential Investment Quarterly Shares Outstanding (Millions of Shares)": {"2020-09-30": "421", "2020-06-30": "416", "2020-03-31": "416", "2019-12-31": "409", "2019-09-30": "416", "2019-06-30": "415", "2019-03-31": "389", "2018-12-31": "343", "2018-09-30": "341", "2018-06-30": "340", "2018-03-31": "333", "2017-12-31": "304", "2017-09-30": "309", "2017-06-30": "309", "2017-03-31": "288", "2016-12-31": "238", "2016-09-30": "241", "2016-06-30": "231", "2016-03-31": "231", "2015-12-31": "203", "2015-09-30": "231", "2015-06-30": "205", "2015-03-31": "145", "2014-12-31": "140", "2014-09-30": "144", "2014-06-30": "140", "2014-03-31": "130", "2013-12-31": "129", "2013-09-30": "130", "2013-06-30": "128", "2013-03-31": "127", "2012-12-31": "127", "2012-09-30": "127", "2012-06-30": "127", "2012-03-31": "", "2011-12-31": ""}}, "total-assets": {"New Residential Investment Annual Total Assets (Millions of US $)": {"2019": "$44,863", "2018": "$31,691", "2017": "$22,214", "2016": "$18,400", "2015": "$15,193", "2014": "$8,089", "2013": "$5,959", "2012": "$535", "2011": "$44"}, "New Residential Investment Quarterly Total Assets (Millions of US $)": {"2020-09-30": "$30,406", "2020-06-30": "$23,752", "2020-03-31": "$24,193", "2019-12-31": "$44,863", "2019-09-30": "$41,348", "2019-06-30": "$36,792", "2019-03-31": "$33,410", "2018-12-31": "$31,691", "2018-09-30": "$30,091", "2018-06-30": "$22,944", "2018-03-31": "$22,012", "2017-12-31": "$22,214", "2017-09-30": "$21,405", "2017-06-30": "$23,000", "2017-03-31": "$20,030", "2016-12-31": "$18,400", "2016-09-30": "$17,704", "2016-06-30": "$17,905", "2016-03-31": "$17,572", "2015-12-31": "$15,193", "2015-09-30": "$15,356", "2015-06-30": "$14,395", "2015-03-31": "$7,468", "2014-12-31": "$8,089", "2014-09-30": "$7,773", "2014-06-30": "$7,039", "2014-03-31": "$6,999", "2013-12-31": "$5,959", "2013-09-30": "$2,932", "2013-06-30": "$2,742", "2013-03-31": "$1,693", "2012-12-31": "$535", "2012-09-30": "$0", "2012-06-30": "$0", "2012-03-31": "$0", "2011-12-31": "$44"}}, "cash-on-hand": {"New Residential Investment Annual Cash on Hand (Millions of US $)": {"2019": "$529", "2018": "$251", "2017": "$296", "2016": "$291", "2015": "$250", "2014": "$213", "2013": "$272", "2012": "$", "2011": "$"}, "New Residential Investment Quarterly Cash on Hand (Millions of US $)": {"2020-09-30": "$841", "2020-06-30": "$1,013", "2020-03-31": "$360", "2019-12-31": "$529", "2019-09-30": "$738", "2019-06-30": "$406", "2019-03-31": "$341", "2018-12-31": "$251", "2018-09-30": "$330", "2018-06-30": "$193", "2018-03-31": "$233", "2017-12-31": "$296", "2017-09-30": "$280", "2017-06-30": "$560", "2017-03-31": "$237", "2016-12-31": "$291", "2016-09-30": "$389", "2016-06-30": "$234", "2016-03-31": "$259", "2015-12-31": "$250", "2015-09-30": "$348", "2015-06-30": "$432", "2015-03-31": "$459", "2014-12-31": "$213", "2014-09-30": "$188", "2014-06-30": "$311", "2014-03-31": "$140", "2013-12-31": "$272", "2013-09-30": "$172", "2013-06-30": "$210", "2013-03-31": "", "2012-12-31": "", "2012-09-30": "", "2012-06-30": "", "2012-03-31": "", "2011-12-31": ""}}, "long-term-debt": {"New Residential Investment Annual Long Term Debt (Millions of US $)": {"2019": "$", "2018": "$", "2017": "$", "2016": "$", "2015": "$", "2014": "$", "2013": "$", "2012": "$", "2011": "$"}, "New Residential Investment Quarterly Long Term Debt (Millions of US $)": {"2020-09-30": "$542", "2020-06-30": "$533", "2020-03-31": "", "2019-12-31": "", "2019-09-30": "", "2019-06-30": "", "2019-03-31": "", "2018-12-31": "", "2018-09-30": "", "2018-06-30": "", "2018-03-31": "", "2017-12-31": "", "2017-09-30": "", "2017-06-30": "", "2017-03-31": "", "2016-12-31": "", "2016-09-30": "", "2016-06-30": "", "2016-03-31": "", "2015-12-31": "", "2015-09-30": "", "2015-06-30": "", "2015-03-31": "", "2014-12-31": "", "2014-09-30": "", "2014-06-30": "", "2014-03-31": "", "2013-12-31": "", "2013-09-30": "", "2013-06-30": "", "2013-03-31": "", "2012-12-31": "", "2012-09-30": "", "2012-06-30": "", "2012-03-31": "", "2011-12-31": ""}}, "total-liabilities": {"New Residential Investment Annual Total Liabilities (Millions of US $)": {"2019": "$37,627", "2018": "$25,603", "2017": "$17,417", "2016": "$14,931", "2015": "$12,206", "2014": "$6,239", "2013": "$4,446", "2012": "$157", "2011": "$4"}, "New Residential Investment Quarterly Total Liabilities (Millions of US $)": {"2020-09-30": "$24,978", "2020-06-30": "$18,363", "2020-03-31": "$18,863", "2019-12-31": "$37,627", "2019-09-30": "$34,086", "2019-06-30": "$29,992", "2019-03-31": "$26,497", "2018-12-31": "$25,603", "2018-09-30": "$24,254", "2018-06-30": "$17,145", "2018-03-31": "$16,250", "2017-12-31": "$17,417", "2017-09-30": "$16,726", "2017-06-30": "$18,381", "2017-03-31": "$15,728", "2016-12-31": "$14,931", "2016-09-30": "$14,287", "2016-06-30": "$14,792", "2016-03-31": "$14,493", "2015-12-31": "$12,206", "2015-09-30": "$12,330", "2015-06-30": "$11,300", "2015-03-31": "$5,653", "2014-12-31": "$6,239", "2014-09-30": "$5,918", "2014-06-30": "$5,228", "2014-03-31": "$5,438", "2013-12-31": "$4,446", "2013-09-30": "$1,671", "2013-06-30": "$1,497", "2013-03-31": "$926", "2012-12-31": "$157", "2012-09-30": "$0", "2012-06-30": "$0", "2012-03-31": "$0", "2011-12-31": "$4"}}, "total-share-holder-equity": {"New Residential Investment Annual Share Holder Equity (Millions of US $)": {"2019": "$7,236", "2018": "$6,088", "2017": "$4,796", "2016": "$3,468", "2015": "$2,987", "2014": "$1,850", "2013": "$1,513", "2012": "$378", "2011": "$40"}, "New Residential Investment Quarterly Share Holder Equity (Millions of US $)": {"2020-09-30": "$5,429", "2020-06-30": "$5,389", "2020-03-31": "$5,330", "2019-12-31": "$7,236", "2019-09-30": "$7,262", "2019-06-30": "$6,801", "2019-03-31": "$6,912", "2018-12-31": "$6,088", "2018-09-30": "$5,837", "2018-06-30": "$5,799", "2018-03-31": "$5,762", "2017-12-31": "$4,796", "2017-09-30": "$4,679", "2017-06-30": "$4,619", "2017-03-31": "$4,302", "2016-12-31": "$3,468", "2016-09-30": "$3,418", "2016-06-30": "$3,113", "2016-03-31": "$3,079", "2015-12-31": "$2,987", "2015-09-30": "$3,026", "2015-06-30": "$3,095", "2015-03-31": "$1,814", "2014-12-31": "$1,850", "2014-09-30": "$1,856", "2014-06-30": "$1,812", "2014-03-31": "$1,561", "2013-12-31": "$1,513", "2013-09-30": "$1,261", "2013-06-30": "$1,246", "2013-03-31": "$767", "2012-12-31": "$378", "2012-09-30": "$0", "2012-06-30": "$0", "2012-03-31": "$0", "2011-12-31": "$40"}}, "profit-margins": {"current": "-96.73%"}, "gross margin": {"2020-09-30": "100.00%", "2020-06-30": "100.00%", "2020-03-31": "100.00%", "2019-12-31": "100.00%", "2019-09-30": "100.00%", "2019-06-30": "100.00%", "2019-03-31": "100.00%", "2018-12-31": "100.00%", "2018-09-30": "100.00%", "2018-06-30": "100.00%", "2018-03-31": "100.00%", "2017-12-31": "100.00%", "2017-09-30": "100.00%", "2017-06-30": "100.00%", "2017-03-31": "100.00%", "2016-12-31": "100.00%", "2016-09-30": "100.00%", "2016-06-30": "100.00%", "2016-03-31": "100.00%", "2015-12-31": "100.00%", "2015-09-30": "100.00%", "2015-06-30": "100.00%", "2015-03-31": "100.00%", "2014-12-31": "100.00%", "2014-09-30": "100.00%", "2014-06-30": "100.00%", "2014-03-31": "100.00%", "2013-12-31": "100.00%", "2013-09-30": "100.00%", "2013-06-30": "100.00%", "2013-03-31": "100.00%", "2012-12-31": "100.00%"}, "operating margin": {"2020-09-30": "-46.90%", "2020-06-30": "-26.78%", "2020-03-31": "-23.55%", "2019-12-31": "73.47%", "2019-09-30": "64.32%", "2019-06-30": "54.85%", "2019-03-31": "55.58%", "2018-12-31": "70.13%", "2018-09-30": "83.04%", "2018-06-30": "90.42%", "2018-03-31": "96.47%", "2017-12-31": "84.52%", "2017-09-30": "81.62%", "2017-06-30": "81.15%", "2017-03-31": "78.46%", "2016-12-31": "83.33%", "2016-09-30": "84.40%", "2016-06-30": "80.80%", "2016-03-31": "87.87%", "2015-12-31": "84.47%", "2015-09-30": "86.20%", "2015-06-30": "115.96%", "2015-03-31": "161.39%", "2014-12-31": "174.35%", "2014-09-30": "214.24%", "2014-06-30": "231.60%", "2014-03-31": "255.63%", "2013-12-31": "322.99%", "2013-09-30": "281.58%", "2013-06-30": "240.91%", "2013-03-31": "112.77%", "2012-12-31": "127.27%"}, "ebitda margin": {"2020-09-30": "-64.74%", "2020-06-30": "-40.58%", "2020-03-31": "-39.64%", "2019-12-31": "55.86%", "2019-09-30": "39.19%", "2019-06-30": "24.52%", "2019-03-31": "24.72%", "2018-12-31": "38.08%", "2018-09-30": "49.96%", "2018-06-30": "50.50%", "2018-03-31": "50.50%", "2017-12-31": "31.48%", "2017-09-30": "25.89%", "2017-06-30": "24.72%", "2017-03-31": "19.67%", "2016-12-31": "20.69%", "2016-09-30": "12.86%", "2016-06-30": "4.48%", "2016-03-31": "5.60%", "2015-12-31": "3.11%", "2015-09-30": "6.24%", "2015-06-30": "37.98%", "2015-03-31": "83.06%", "2014-12-31": "94.24%", "2014-09-30": "133.33%", "2014-06-30": "150.94%", "2014-03-31": "176.76%", "2013-12-31": "254.02%", "2013-09-30": "222.37%", "2013-06-30": "192.42%", "2013-03-31": "93.62%", "2012-12-31": "115.15%"}, "pre tax profit margin": {"2020-09-30": "-108.10%", "2020-06-30": "-82.94%", "2020-03-31": "-80.06%", "2019-12-31": "30.07%", "2019-09-30": "17.84%", "2019-06-30": "14.91%", "2019-03-31": "23.90%", "2018-12-31": "42.41%", "2018-09-30": "59.01%", "2018-06-30": "66.49%", "2018-03-31": "74.41%", "2017-12-31": "60.80%", "2017-09-30": "58.50%", "2017-06-30": "57.43%", "2017-03-31": "49.29%", "2016-12-31": "52.09%", "2016-09-30": "46.58%", "2016-06-30": "40.75%", "2016-03-31": "45.20%", "2015-12-31": "42.08%", "2015-09-30": "43.86%", "2015-06-30": "75.51%", "2015-03-31": "123.89%", "2014-12-31": "134.01%", "2014-09-30": "173.96%", "2014-06-30": "190.57%", "2014-03-31": "217.61%", "2013-12-31": "304.60%", "2013-09-30": "269.74%", "2013-06-30": "233.33%", "2013-03-31": "108.51%", "2012-12-31": "124.24%"}, "net profit margin": {"2020-09-30": "-113.88%", "2020-06-30": "-79.81%", "2020-03-31": "-72.11%", "2019-12-31": "25.60%", "2019-09-30": "18.05%", "2019-06-30": "15.12%", "2019-03-31": "23.03%", "2018-12-31": "43.96%", "2018-09-30": "55.30%", "2018-06-30": "61.02%", "2018-03-31": "65.10%", "2017-12-31": "49.23%", "2017-09-30": "47.63%", "2017-06-30": "45.04%", "2017-03-31": "38.44%", "2016-12-31": "42.29%", "2016-09-30": "40.36%", "2016-06-30": "39.93%", "2016-03-31": "46.00%", "2015-12-31": "41.77%", "2015-09-30": "41.59%", "2015-06-30": "65.39%", "2015-03-31": "94.44%", "2014-12-31": "101.73%", "2014-09-30": "131.94%", "2014-06-30": "149.53%", "2014-03-31": "212.68%", "2013-12-31": "305.75%", "2013-09-30": "269.74%", "2013-06-30": "233.33%", "2013-03-31": "108.51%", "2012-12-31": "124.24%"}, "pe ratio": {"current": "5.76", "2021-02-05": "0.00", "2020-09-30": "0.00", "2020-06-30": "0.00", "2020-03-31": "0.00", "2019-12-31": "11.30", "2019-09-30": "16.66", "2019-06-30": "16.35", "2019-03-31": "9.87", "2018-12-31": "4.12", "2018-09-30": "3.77", "2018-06-30": "3.43", "2018-03-31": "2.76", "2017-12-31": "4.22", "2017-09-30": "3.88", "2017-06-30": "3.90", "2017-03-31": "5.64", "2016-12-31": "4.93", "2016-09-30": "5.36", "2016-06-30": "5.60", "2016-03-31": "4.49", "2015-12-31": "5.31", "2015-09-30": "5.61", "2015-06-30": "4.31", "2015-03-31": "3.26", "2014-12-31": "2.56", "2014-09-30": "2.07", "2014-06-30": "2.55", "2014-03-31": "2.54"}, "price sales": {"2021-02-05": "3.56", "2020-09-30": "2.72", "2020-06-30": "1.98", "2020-03-31": "1.17", "2019-12-31": "2.85", "2019-09-30": "2.86", "2019-06-30": "2.51", "2019-03-31": "2.25", "2018-12-31": "1.82", "2018-09-30": "2.08", "2018-06-30": "2.07", "2018-03-31": "1.77", "2017-12-31": "2.06", "2017-09-30": "1.82", "2017-06-30": "1.72", "2017-03-31": "2.12", "2016-12-31": "2.03", "2016-09-30": "2.10", "2016-06-30": "2.16", "2016-03-31": "1.99", "2015-12-31": "2.16", "2015-09-30": "2.44", "2015-06-30": "2.96", "2015-03-31": "3.07", "2014-12-31": "2.58", "2014-09-30": "2.73", "2014-06-30": "3.78", "2014-03-31": "5.37"}, "price book": {"current": "0.90", "2021-02-05": "0.77", "2020-09-30": "0.59", "2020-06-30": "0.54", "2020-03-31": "0.37", "2019-12-31": "0.87", "2019-09-30": "0.79", "2019-06-30": "0.83", "2019-03-31": "0.84", "2018-12-31": "0.71", "2018-09-30": "0.83", "2018-06-30": "0.80", "2018-03-31": "0.73", "2017-12-31": "0.84", "2017-09-30": "0.79", "2017-06-30": "0.72", "2017-03-31": "0.82", "2016-12-31": "0.74", "2016-09-30": "0.64", "2016-06-30": "0.61", "2016-03-31": "0.52", "2015-12-31": "0.54", "2015-09-30": "0.53", "2015-06-30": "0.60", "2015-03-31": "0.61", "2014-12-31": "0.49", "2014-09-30": "0.44", "2014-06-30": "0.47", "2014-03-31": "0.48", "2013-12-31": "0.50", "2013-09-30": "0.57", "2013-06-30": "0.57"}, "price fcf": {"2021-02-05": "", "2020-09-30": "$6.09", "2020-06-30": "$9.39", "2020-03-31": "$-0.04", "2019-12-31": "$-3.97", "2019-09-30": "$-9.15", "2019-06-30": "$-11.08", "2019-03-31": "$-6.11", "2018-12-31": "$-3.80", "2018-09-30": "$-1.18", "2018-06-30": "$-1.27", "2018-03-31": "$-0.10", "2017-12-31": "$-2.96", "2017-09-30": "$-1.75", "2017-06-30": "$-0.24", "2017-03-31": "$0.30", "2016-12-31": "$2.35", "2016-09-30": "$2.05", "2016-06-30": "$0.47", "2016-03-31": "$2.36", "2015-12-31": "$1.51", "2015-09-30": "$3.20", "2015-06-30": "$1.07", "2015-03-31": "$-1.36", "2014-12-31": "$-1.23", "2014-09-30": "$-2.45", "2014-06-30": "$1.29", "2014-03-31": "$1.24"}, "net worth": {"value": "$4.17B"}, "current ratio": {"2020-09-30": "0.40", "2020-06-30": "0.41", "2020-03-31": "0.52", "2019-12-31": "0.37", "2019-09-30": "0.39", "2019-06-30": "0.48", "2019-03-31": "0.51", "2018-12-31": "0.38", "2018-09-30": "0.30", "2018-06-30": "0.24", "2018-03-31": "0.22", "2017-12-31": "0.30", "2017-09-30": "0.34", "2017-06-30": "0.28", "2017-03-31": "0.32", "2016-12-31": "0.19", "2016-09-30": "0.19", "2016-06-30": "0.18", "2016-03-31": "0.19", "2015-12-31": "0.24", "2015-09-30": "0.26", "2015-06-30": "0.18", "2015-03-31": "0.18", "2014-12-31": "0.23", "2014-09-30": "0.23", "2014-06-30": "0.16", "2014-03-31": "0.03", "2013-12-31": "0.07", "2013-09-30": "0.13", "2013-06-30": "0.17", "2013-03-31": "0.04", "2012-12-31": "0.00", "2012-09-30": "0.00", "2012-06-30": "0.00", "2012-03-31": "0.00", "2011-12-31": "0.00"}, "quick ratio": {"2020-09-30": "0.00", "2020-06-30": "0.00", "2020-03-31": "0.00", "2019-12-31": "0.00", "2019-09-30": "0.00", "2019-06-30": "0.00", "2019-03-31": "0.00", "2018-12-31": "0.00", "2018-09-30": "0.00", "2018-06-30": "0.00", "2018-03-31": "0.00", "2017-12-31": "0.00", "2017-09-30": "0.00", "2017-06-30": "0.00", "2017-03-31": "0.00", "2016-12-31": "0.00", "2016-09-30": "0.00", "2016-06-30": "0.00", "2016-03-31": "0.00", "2015-12-31": "0.00", "2015-09-30": "0.00", "2015-06-30": "0.00", "2015-03-31": "0.00", "2014-12-31": "0.00", "2014-09-30": "0.00", "2014-06-30": "0.00", "2014-03-31": "0.00", "2013-12-31": "0.00", "2013-09-30": "0.00", "2013-06-30": "0.00", "2013-03-31": "0.00", "2012-12-31": "0.00", "2012-09-30": "0.00", "2012-06-30": "0.00", "2012-03-31": "0.00", "2011-12-31": "0.00"}, "debt equity ratio": {"current": "0.12", "2020-09-30": "4.60", "2020-06-30": "3.41", "2020-03-31": "3.54", "2019-12-31": "5.20", "2019-09-30": "4.69", "2019-06-30": "4.41", "2019-03-31": "3.83", "2018-12-31": "4.21", "2018-09-30": "4.16", "2018-06-30": "2.96", "2018-03-31": "2.82", "2017-12-31": "3.63", "2017-09-30": "3.57", "2017-06-30": "3.98", "2017-03-31": "3.66", "2016-12-31": "4.31", "2016-09-30": "4.18", "2016-06-30": "4.75", "2016-03-31": "4.71", "2015-12-31": "4.09", "2015-09-30": "4.08", "2015-06-30": "3.65", "2015-03-31": "3.12", "2014-12-31": "3.37", "2014-09-30": "3.19", "2014-06-30": "2.89", "2014-03-31": "3.49", "2013-12-31": "2.94", "2013-09-30": "1.33", "2013-06-30": "1.20", "2013-03-31": "1.21", "2012-12-31": "0.41", "2012-09-30": "0.00", "2012-06-30": "0.00", "2012-03-31": "0.00", "2011-12-31": "0.11"}, "return on equity": {"2020-09-30": "-22.60%", "2020-06-30": "-18.62%", "2020-03-31": "-17.98%", "2019-12-31": "7.81%", "2019-09-30": "5.01%", "2019-06-30": "4.66%", "2019-03-31": "8.22%", "2018-12-31": "16.42%", "2018-09-30": "22.56%", "2018-06-30": "24.59%", "2018-03-31": "29.01%", "2017-12-31": "20.81%", "2017-09-30": "20.95%", "2017-06-30": "19.41%", "2017-03-31": "14.38%", "2016-12-31": "15.45%", "2016-09-30": "12.16%", "2016-06-30": "11.11%", "2016-03-31": "11.32%", "2015-12-31": "9.85%", "2015-09-30": "8.99%", "2015-06-30": "13.51%", "2015-03-31": "18.55%", "2014-12-31": "19.95%", "2014-09-30": "22.55%", "2014-06-30": "20.63%", "2014-03-31": "21.64%", "2013-12-31": "22.23%", "2013-09-30": "22.45%", "2013-06-30": "25.76%", "2013-03-31": "17.82%", "2012-12-31": "43.39%"}, "return on assets": {"2020-09-30": "-4.29%", "2020-06-30": "-3.50%", "2020-03-31": "-3.25%", "2019-12-31": "1.41%", "2019-09-30": "0.95%", "2019-06-30": "0.91%", "2019-03-31": "1.71%", "2018-12-31": "3.61%", "2018-09-30": "5.15%", "2018-06-30": "5.84%", "2018-03-31": "6.50%", "2017-12-31": "4.42%", "2017-09-30": "4.32%", "2017-06-30": "3.88%", "2017-03-31": "2.78%", "2016-12-31": "2.82%", "2016-09-30": "2.24%", "2016-06-30": "2.05%", "2016-03-31": "2.21%", "2015-12-31": "2.05%", "2015-09-30": "1.94%", "2015-06-30": "3.09%", "2015-03-31": "4.48%", "2014-12-31": "4.72%", "2014-09-30": "5.47%", "2014-06-30": "5.53%", "2014-03-31": "6.48%", "2013-12-31": "7.98%", "2013-09-30": "10.38%", "2013-06-30": "12.39%", "2013-03-31": "9.16%", "2012-12-31": "30.65%"}, "return on investments": {"2020-09-30": "-18.30%", "2020-06-30": "-26.61%", "2020-03-31": "inf%", "2019-12-31": "inf%", "2019-09-30": "inf%", "2019-06-30": "inf%", "2019-03-31": "inf%", "2018-12-31": "inf%", "2018-09-30": "inf%", "2018-06-30": "inf%", "2018-03-31": "inf%", "2017-12-31": "inf%", "2017-09-30": "inf%", "2017-06-30": "inf%", "2017-03-31": "inf%", "2016-12-31": "inf%", "2016-09-30": "inf%", "2016-06-30": "inf%", "2016-03-31": "inf%", "2015-12-31": "inf%", "2015-09-30": "inf%", "2015-06-30": "inf%", "2015-03-31": "inf%", "2014-12-31": "inf%", "2014-09-30": "inf%", "2014-06-30": "inf%", "2014-03-31": "inf%", "2013-12-31": "inf%", "2013-09-30": "inf%", "2013-06-30": "inf%", "2013-03-31": "inf%", "2012-12-31": "inf%"}, "return on tangible equity": {"2020-09-30": "-22.60%", "2020-06-30": "-18.62%", "2020-03-31": "-17.98%", "2019-12-31": "7.81%", "2019-09-30": "5.01%", "2019-06-30": "4.66%", "2019-03-31": "8.22%", "2018-12-31": "16.42%", "2018-09-30": "22.56%", "2018-06-30": "24.59%", "2018-03-31": "29.01%", "2017-12-31": "20.81%", "2017-09-30": "20.95%", "2017-06-30": "19.41%", "2017-03-31": "14.38%", "2016-12-31": "15.45%", "2016-09-30": "12.16%", "2016-06-30": "11.11%", "2016-03-31": "11.32%", "2015-12-31": "9.85%", "2015-09-30": "8.99%", "2015-06-30": "13.51%", "2015-03-31": "18.55%", "2014-12-31": "19.95%", "2014-09-30": "22.55%", "2014-06-30": "20.63%", "2014-03-31": "21.64%", "2013-12-31": "22.23%", "2013-09-30": "22.45%", "2013-06-30": "25.76%", "2013-03-31": "17.82%", "2012-12-31": "43.39%"}, "dividend yield history": {"last payout": "$0.80", "last yield": "7.98%"}}