{"ticker": "NWL", "price": {"title": "Newell Brands Historical Annual Stock Price Data", "value": 26.13, "historical": {"2021": {"Average Stock Price": "24.2944", "Year Open": "21.7100", "Year High": "26.2300", "Year Low": "21.7100", "Year Close": "26.1300", "Annual % Change": "23.08%"}, "2020": {"Average Stock Price": "16.7863", "Year Open": "19.0800", "Year High": "22.0300", "Year Low": "10.5500", "Year Close": "21.2300", "Annual % Change": "10.46%"}, "2019": {"Average Stock Price": "17.1751", "Year Open": "18.6600", "Year High": "21.7500", "Year Low": "13.4100", "Year Close": "19.2200", "Annual % Change": "3.39%"}, "2018": {"Average Stock Price": "24.3950", "Year Open": "31.6400", "Year High": "32.2600", "Year Low": "15.4000", "Year Close": "18.5900", "Annual % Change": "-39.84%"}, "2017": {"Average Stock Price": "45.3691", "Year Open": "44.9200", "Year High": "54.8500", "Year Low": "27.9700", "Year Close": "30.9000", "Annual % Change": "-30.80%"}, "2016": {"Average Stock Price": "46.5948", "Year Open": "43.4400", "Year High": "54.8900", "Year Low": "33.7600", "Year Close": "44.6500", "Annual % Change": "1.29%"}, "2015": {"Average Stock Price": "41.1323", "Year Open": "37.8600", "Year High": "48.1600", "Year Low": "36.7700", "Year Close": "44.0800", "Annual % Change": "15.73%"}, "2014": {"Average Stock Price": "32.3456", "Year Open": "32.1800", "Year High": "38.4100", "Year Low": "28.4900", "Year Close": "38.0900", "Annual % Change": "17.53%"}, "2013": {"Average Stock Price": "26.7371", "Year Open": "22.6100", "Year High": "32.4100", "Year Low": "21.8000", "Year Close": "32.4100", "Annual % Change": "45.53%"}, "2012": {"Average Stock Price": "18.7404", "Year Open": "16.2300", "Year High": "22.2700", "Year Low": "16.2300", "Year Close": "22.2700", "Annual % Change": "37.89%"}, "2011": {"Average Stock Price": "16.1796", "Year Open": "18.2600", "Year High": "20.2100", "Year Low": "11.1400", "Year Close": "16.1500", "Annual % Change": "-11.17%"}, "2010": {"Average Stock Price": "16.2412", "Year Open": "15.2000", "Year High": "18.3800", "Year Low": "13.3600", "Year Close": "18.1800", "Annual % Change": "21.12%"}, "2009": {"Average Stock Price": "11.4002", "Year Open": "10.5200", "Year High": "15.8500", "Year Low": "4.5400", "Year Close": "15.0100", "Annual % Change": "53.48%"}, "2008": {"Average Stock Price": "18.5258", "Year Open": "25.2800", "Year High": "25.2800", "Year Low": "9.4100", "Year Close": "9.7800", "Annual % Change": "-62.21%"}, "2007": {"Average Stock Price": "28.9198", "Year Open": "29.2600", "Year High": "31.9500", "Year Low": "24.5000", "Year Close": "25.8800", "Annual % Change": "-10.60%"}, "2006": {"Average Stock Price": "26.5690", "Year Open": "23.8500", "Year High": "29.8300", "Year Low": "23.2600", "Year Close": "28.9500", "Annual % Change": "21.74%"}, "2005": {"Average Stock Price": "22.9154", "Year Open": "24.0200", "Year High": "25.4500", "Year Low": "20.9500", "Year Close": "23.7800", "Annual % Change": "-1.69%"}, "2004": {"Average Stock Price": "22.8223", "Year Open": "22.6400", "Year High": "26.1600", "Year Low": "19.1100", "Year Close": "24.1900", "Annual % Change": "6.24%"}, "2003": {"Average Stock Price": "26.2011", "Year Open": "31.4100", "Year High": "31.4100", "Year Low": "21.0000", "Year Close": "22.7700", "Annual % Change": "-24.93%"}, "2002": {"Average Stock Price": "31.8284", "Year Open": "27.3100", "Year High": "35.9900", "Year Low": "26.5000", "Year Close": "30.3300", "Annual % Change": "10.01%"}, "2001": {"Average Stock Price": "25.4489", "Year Open": "23.3800", "Year High": "29.2100", "Year Low": "21.2000", "Year Close": "27.5700", "Annual % Change": "21.19%"}, "2000": {"Average Stock Price": "24.7175", "Year Open": "27.7500", "Year High": "31.2500", "Year Low": "18.6900", "Year Close": "22.7500", "Annual % Change": "-21.55%"}, "1999": {"Average Stock Price": "40.2280", "Year Open": "41.9400", "Year High": "52.0000", "Year Low": "26.2500", "Year Close": "29.0000", "Annual % Change": "-29.70%"}, "1998": {"Average Stock Price": "46.2075", "Year Open": "42.6300", "Year High": "54.4400", "Year Low": "37.8100", "Year Close": "41.2500", "Annual % Change": "-2.94%"}, "1997": {"Average Stock Price": "38.0310", "Year Open": "31.1300", "Year High": "43.2500", "Year Low": "30.3800", "Year Close": "42.5000", "Annual % Change": "34.92%"}, "1996": {"Average Stock Price": "29.3770", "Year Open": "26.3800", "Year High": "33.2500", "Year Low": "25.5000", "Year Close": "31.5000", "Annual % Change": "21.72%"}, "1995": {"Average Stock Price": "24.2548", "Year Open": "20.6300", "Year High": "27.2500", "Year Low": "20.6300", "Year Close": "25.8800", "Annual % Change": "23.24%"}, "1994": {"Average Stock Price": "21.4599", "Year Open": "20.3150", "Year High": "23.8800", "Year Low": "19.0000", "Year Close": "21.0000", "Annual % Change": "4.01%"}, "1993": {"Average Stock Price": "18.6477", "Year Open": "19.9400", "Year High": "21.2500", "Year Low": "15.5650", "Year Close": "20.1900", "Annual % Change": "-0.91%"}, "1992": {"Average Stock Price": "20.7942", "Year Open": "22.6900", "Year High": "26.5000", "Year Low": "16.5650", "Year Close": "20.3750", "Annual % Change": "-10.93%"}, "1991": {"Average Stock Price": "17.8079", "Year Open": "12.3750", "Year High": "22.8750", "Year Low": "11.6250", "Year Close": "22.8750", "Annual % Change": "84.85%"}, "1990": {"Average Stock Price": "12.6777", "Year Open": "12.0000", "Year High": "17.0650", "Year Low": "9.2500", "Year Close": "12.3750", "Annual % Change": "11.89%"}, "1989": {"Average Stock Price": "9.6756", "Year Open": "6.9375", "Year High": "12.5000", "Year Low": "6.5950", "Year Close": "11.0600", "Annual % Change": "56.60%"}, "1988": {"Average Stock Price": "5.4023", "Year Open": "3.5775", "Year High": "7.2200", "Year Low": "3.5150", "Year Close": "7.0625", "Annual % Change": "100.92%"}, "1987": {"Average Stock Price": "3.5393", "Year Open": "2.7038", "Year High": "5.3125", "Year Low": "2.5275", "Year Close": "3.5150", "Annual % Change": "29.47%"}, "1986": {"Average Stock Price": "2.7616", "Year Open": "2.4338", "Year High": "3.2538", "Year Low": "2.1888", "Year Close": "2.7150", "Annual % Change": "10.48%"}, "1985": {"Average Stock Price": "2.2854", "Year Open": "1.9663", "Year High": "2.5750", "Year Low": "1.9425", "Year Close": "2.4575", "Annual % Change": "30.45%"}}}, "market cap": {"value": "$11.09B"}, "income statement": {"Revenue": {"2019-12-31": "9714.90000", "2018-12-31": "10154.00000", "2017-12-31": "11170.40000", "2016-12-31": "9181.10000", "2015-12-31": "5915.70000", "2014-12-31": "5727.00000", "2013-12-31": "5607.00000", "2012-12-31": "5508.50000", "2011-12-31": "5511.70000", "2010-12-31": "5658.20000", "2009-12-31": "5483.40000", "2008-12-31": "6470.60000", "2007-12-31": "6407.30000", "2006-12-31": "6201.00000", "2005-12-31": "5717.20000"}, "Cost Of Goods Sold": {"2019-12-31": "6495.50000", "2018-12-31": "6636.30000", "2017-12-31": "7359.90000", "2016-12-31": "6210.20000", "2015-12-31": "3611.10000", "2014-12-31": "3523.60000", "2013-12-31": "3482.10000", "2012-12-31": "3414.40000", "2011-12-31": "3410.60000", "2010-12-31": "3509.50000", "2009-12-31": "3453.30000", "2008-12-31": "4347.40000", "2007-12-31": "4150.10000", "2006-12-31": "4131.00000", "2005-12-31": "3959.10000"}, "Gross Profit": {"2019-12-31": "3219.40000", "2018-12-31": "3517.70000", "2017-12-31": "3810.50000", "2016-12-31": "2970.89900", "2015-12-31": "2304.60000", "2014-12-31": "2203.40000", "2013-12-31": "2124.90000", "2012-12-31": "2094.10000", "2011-12-31": "2101.10000", "2010-12-31": "2148.70000", "2009-12-31": "2030.10000", "2008-12-31": "2123.20000", "2007-12-31": "2257.20000", "2006-12-31": "2070.00000", "2005-12-31": "1758.10000"}, "Research And Development Expenses": {"2019-12-31": "", "2018-12-31": "", "2017-12-31": "", "2016-12-31": "", "2015-12-31": "", "2014-12-31": "", "2013-12-31": "", "2012-12-31": "", "2011-12-31": "", "2010-12-31": "", "2009-12-31": "", "2008-12-31": "", "2007-12-31": "", "2006-12-31": "", "2005-12-31": ""}, "SG&A Expenses": {"2019-12-31": "2451.00000", "2018-12-31": "2647.80000", "2017-12-31": "2924.10000", "2016-12-31": "2610.60000", "2015-12-31": "1573.90000", "2014-12-31": "1480.50000", "2013-12-31": "1399.50000", "2012-12-31": "1403.50000", "2011-12-31": "1422.30000", "2010-12-31": "1447.80000", "2009-12-31": "1354.80000", "2008-12-31": "1502.70000", "2007-12-31": "1430.90000", "2006-12-31": "1347.00000", "2005-12-31": "1117.70000"}, "Other Operating Income Or Expenses": {"2019-12-31": "", "2018-12-31": "", "2017-12-31": "", "2016-12-31": "", "2015-12-31": "", "2014-12-31": "", "2013-12-31": "", "2012-12-31": "", "2011-12-31": "-317.90000", "2010-12-31": "", "2009-12-31": "", "2008-12-31": "-299.40000", "2007-12-31": "", "2006-12-31": "", "2005-12-31": "-0.40000"}, "Operating Expenses": {"2019-12-31": "10196.60000", "2018-12-31": "17708.00000", "2017-12-31": "10463.60000", "2016-12-31": "8883.00100", "2015-12-31": "5314.30000", "2014-12-31": "5122.30000", "2013-12-31": "4991.90000", "2012-12-31": "4870.80000", "2011-12-31": "5198.70000", "2010-12-31": "5034.70000", "2009-12-31": "4908.10000", "2008-12-31": "6269.79900", "2007-12-31": "5667.00000", "2006-12-31": "5544.40000", "2005-12-31": "5149.80000"}, "Operating Income": {"2019-12-31": "-481.69920", "2018-12-31": "-7554.00000", "2017-12-31": "706.80080", "2016-12-31": "298.09860", "2015-12-31": "601.39990", "2014-12-31": "604.70020", "2013-12-31": "615.10010", "2012-12-31": "637.70020", "2011-12-31": "313.00000", "2010-12-31": "623.50050", "2009-12-31": "575.29980", "2008-12-31": "200.80080", "2007-12-31": "740.29980", "2006-12-31": "656.60010", "2005-12-31": "567.40040"}, "Total Non-Operating Income/Expense": {"2019-12-31": "-369.90000", "2018-12-31": "-437.70000", "2017-12-31": "212.50000", "2016-12-31": "-279.30000", "2015-12-31": "-263.90000", "2014-12-31": "-142.60000", "2013-12-31": "-78.80000", "2012-12-31": "-85.70000", "2011-12-31": "-104.50000", "2010-12-31": "-329.70000", "2009-12-31": "-146.70000", "2008-12-31": "-197.00000", "2007-12-31": "-108.30000", "2006-12-31": "-141.70000", "2005-12-31": "-104.00000"}, "Pre-Tax Income": {"2019-12-31": "-851.60000", "2018-12-31": "-7991.70000", "2017-12-31": "919.30000", "2016-12-31": "18.80000", "2015-12-31": "337.50000", "2014-12-31": "462.10000", "2013-12-31": "536.30000", "2012-12-31": "552.00000", "2011-12-31": "208.50000", "2010-12-31": "293.80000", "2009-12-31": "428.60000", "2008-12-31": "3.80000", "2007-12-31": "632.00000", "2006-12-31": "514.90000", "2005-12-31": "463.40000"}, "Income Taxes": {"2019-12-31": "-1037.70000", "2018-12-31": "-1358.90000", "2017-12-31": "-1515.00000", "2016-12-31": "57.10000", "2015-12-31": "78.20000", "2014-12-31": "89.10000", "2013-12-31": "120.00000", "2012-12-31": "161.50000", "2011-12-31": "21.30000", "2010-12-31": "5.60000", "2009-12-31": "142.80000", "2008-12-31": "53.60000", "2007-12-31": "149.70000", "2006-12-31": "44.20000", "2005-12-31": "57.10000"}, "Income After Taxes": {"2019-12-31": "186.10000", "2018-12-31": "-6632.80000", "2017-12-31": "2434.30000", "2016-12-31": "-38.30000", "2015-12-31": "259.30000", "2014-12-31": "373.00000", "2013-12-31": "416.30000", "2012-12-31": "390.50000", "2011-12-31": "187.20000", "2010-12-31": "288.20000", "2009-12-31": "285.80000", "2008-12-31": "-49.80000", "2007-12-31": "482.30000", "2006-12-31": "470.70000", "2005-12-31": "406.30000"}, "Other Income": {"2019-12-31": "", "2018-12-31": "", "2017-12-31": "", "2016-12-31": "", "2015-12-31": "", "2014-12-31": "", "2013-12-31": "", "2012-12-31": "", "2011-12-31": "", "2010-12-31": "", "2009-12-31": "", "2008-12-31": "", "2007-12-31": "", "2006-12-31": "", "2005-12-31": ""}, "Income From Continuous Operations": {"2019-12-31": "186.10000", "2018-12-31": "-6632.80000", "2017-12-31": "2434.30000", "2016-12-31": "-38.30000", "2015-12-31": "259.30000", "2014-12-31": "373.00000", "2013-12-31": "416.30000", "2012-12-31": "390.50000", "2011-12-31": "187.20000", "2010-12-31": "288.20000", "2009-12-31": "285.80000", "2008-12-31": "-49.80000", "2007-12-31": "482.30000", "2006-12-31": "470.70000", "2005-12-31": "406.30000"}, "Income From Discontinued Operations": {"2019-12-31": "-79.50000", "2018-12-31": "-309.70000", "2017-12-31": "314.50000", "2016-12-31": "566.10000", "2015-12-31": "90.70000", "2014-12-31": "4.80000", "2013-12-31": "58.30000", "2012-12-31": "10.80000", "2011-12-31": "-62.00000", "2010-12-31": "4.60000", "2009-12-31": "-0.30000", "2008-12-31": "-0.50000", "2007-12-31": "-12.10000", "2006-12-31": "-85.70000", "2005-12-31": "-155.00000"}, "Net Income": {"2019-12-31": "106.60000", "2018-12-31": "-6942.50000", "2017-12-31": "2748.80000", "2016-12-31": "527.80000", "2015-12-31": "350.00000", "2014-12-31": "377.80000", "2013-12-31": "474.60000", "2012-12-31": "401.30000", "2011-12-31": "125.20000", "2010-12-31": "292.80000", "2009-12-31": "285.50000", "2008-12-31": "-52.30000", "2007-12-31": "467.10000", "2006-12-31": "385.00000", "2005-12-31": "251.30000"}, "EBITDA": {"2019-12-31": "1299.40100", "2018-12-31": "2681.40000", "2017-12-31": "1427.40100", "2016-12-31": "735.29860", "2015-12-31": "772.99990", "2014-12-31": "760.80020", "2013-12-31": "774.00010", "2012-12-31": "801.40020", "2011-12-31": "474.60000", "2010-12-31": "795.80050", "2009-12-31": "750.39980", "2008-12-31": "384.10080", "2007-12-31": "917.29980", "2006-12-31": "849.90010", "2005-12-31": "759.00040"}, "EBIT": {"2019-12-31": "-481.69920", "2018-12-31": "-7554.00000", "2017-12-31": "706.80080", "2016-12-31": "298.09860", "2015-12-31": "601.39990", "2014-12-31": "604.70020", "2013-12-31": "615.10010", "2012-12-31": "637.70020", "2011-12-31": "313.00000", "2010-12-31": "623.50050", "2009-12-31": "575.29980", "2008-12-31": "200.80080", "2007-12-31": "740.29980", "2006-12-31": "656.60010", "2005-12-31": "567.40040"}, "Basic Shares Outstanding": {"2019-12-31": "423.30000", "2018-12-31": "473.70000", "2017-12-31": "486.70000", "2016-12-31": "421.30000", "2015-12-31": "269.30000", "2014-12-31": "276.10000", "2013-12-31": "288.60000", "2012-12-31": "291.20000", "2011-12-31": "293.60000", "2010-12-31": "282.40000", "2009-12-31": "280.80000", "2008-12-31": "279.90000", "2007-12-31": "278.60000", "2006-12-31": "274.60000", "2005-12-31": "274.40000"}, "Shares Outstanding": {"2019-12-31": "423.90000", "2018-12-31": "473.70000", "2017-12-31": "488.00000", "2016-12-31": "421.30000", "2015-12-31": "271.50000", "2014-12-31": "278.90000", "2013-12-31": "291.80000", "2012-12-31": "293.60000", "2011-12-31": "296.20000", "2010-12-31": "305.40000", "2009-12-31": "294.40000", "2008-12-31": "279.90000", "2007-12-31": "287.60000", "2006-12-31": "275.50000", "2005-12-31": "274.90000"}, "Basic EPS": {"2019-12-31": "0.25000", "2018-12-31": "-14.65000", "2017-12-31": "5.65000", "2016-12-31": "1.25000", "2015-12-31": "1.30000", "2014-12-31": "1.37000", "2013-12-31": "1.64000", "2012-12-31": "1.38000", "2011-12-31": "0.43000", "2010-12-31": "1.04000", "2009-12-31": "1.02000", "2008-12-31": "-0.18000", "2007-12-31": "1.68000", "2006-12-31": "1.40000", "2005-12-31": "0.92000"}, "EPS - Earnings Per Share": {"2019-12-31": "0.25000", "2018-12-31": "-14.65000", "2017-12-31": "5.63000", "2016-12-31": "1.25000", "2015-12-31": "1.29000", "2014-12-31": "1.35000", "2013-12-31": "1.63000", "2012-12-31": "1.37000", "2011-12-31": "0.42000", "2010-12-31": "0.96000", "2009-12-31": "0.97000", "2008-12-31": "-0.18000", "2007-12-31": "1.67000", "2006-12-31": "1.40000", "2005-12-31": "0.91000"}}, "income statement, quarterly": {"Revenue": {"2020-09-30": "2699.00000", "2020-06-30": "2111.00000", "2020-03-31": "1886.00000", "2019-12-31": "2623.90000", "2019-09-30": "2569.00000", "2019-06-30": "2480.00000", "2019-03-31": "2042.00000", "2018-12-31": "3592.20000", "2018-09-30": "2548.70000", "2018-06-30": "2201.60000", "2018-03-31": "1811.50000", "2017-12-31": "2910.10100", "2017-09-30": "2466.60000", "2017-06-30": "2527.40000", "2017-03-31": "3266.30000", "2016-12-31": "52.99940", "2016-09-30": "3954.60000", "2016-06-30": "3858.60000", "2016-03-31": "1314.90000", "2015-12-31": "1560.80000", "2015-09-30": "1530.00000", "2015-06-30": "1560.90000", "2015-03-31": "1264.00000", "2014-12-31": "1526.00000", "2014-09-30": "1484.50000", "2014-06-30": "1502.20000", "2014-03-31": "1214.30000", "2013-12-31": "1425.40000", "2013-09-30": "1466.10000", "2013-06-30": "1474.70000", "2013-03-31": "1240.80000", "2012-12-31": "1375.80000", "2012-09-30": "1456.90000", "2012-06-30": "1425.30000", "2012-03-31": "1250.50000", "2011-12-31": "1142.30000", "2011-09-30": "1549.90000", "2011-06-30": "1545.30000", "2011-03-31": "1274.20000", "2010-12-31": "1390.10000", "2010-09-30": "1465.50000", "2010-06-30": "1496.20000", "2010-03-31": "1306.40000", "2009-12-31": "1326.20000", "2009-09-30": "1449.00000", "2009-06-30": "1504.30000", "2009-03-31": "1203.90000", "2008-12-31": "1451.50000", "2008-09-30": "1760.30000", "2008-06-30": "1825.10000", "2008-03-31": "1433.70000", "2007-12-31": "1642.50000", "2007-09-30": "1687.30000", "2007-06-30": "1693.10000", "2007-03-31": "1384.40000", "2006-12-31": "1638.20000", "2006-09-30": "1586.10000", "2006-06-30": "1634.10000", "2006-03-31": "1342.60000", "2005-12-31": "1368.90000", "2005-09-30": "1436.60000", "2005-06-30": "1548.60000", "2005-03-31": "1363.10000"}, "Cost Of Goods Sold": {"2020-09-30": "1785.00000", "2020-06-30": "1447.00000", "2020-03-31": "1269.00000", "2019-12-31": "1771.50000", "2019-09-30": "1722.00000", "2019-06-30": "1615.00000", "2019-03-31": "1387.00000", "2018-12-31": "2370.00000", "2018-09-30": "1633.30000", "2018-06-30": "1426.80000", "2018-03-31": "1206.20000", "2017-12-31": "1958.90000", "2017-09-30": "1601.70000", "2017-06-30": "1650.20000", "2017-03-31": "2149.10000", "2016-12-31": "-41.79970", "2016-09-30": "2679.80000", "2016-06-30": "2762.90000", "2016-03-31": "809.30000", "2015-12-31": "963.60000", "2015-09-30": "931.10000", "2015-06-30": "939.90000", "2015-03-31": "776.50000", "2014-12-31": "951.90010", "2014-09-30": "907.80000", "2014-06-30": "906.60000", "2014-03-31": "757.30000", "2013-12-31": "909.30000", "2013-09-30": "913.60000", "2013-06-30": "892.00000", "2013-03-31": "767.20000", "2012-12-31": "881.40000", "2012-09-30": "897.90000", "2012-06-30": "872.60000", "2012-03-31": "762.50000", "2011-12-31": "689.80000", "2011-09-30": "970.60000", "2011-06-30": "960.90000", "2011-03-31": "789.30000", "2010-12-31": "863.79990", "2010-09-30": "902.10000", "2010-06-30": "908.90000", "2010-03-31": "834.70000", "2009-12-31": "819.79990", "2009-09-30": "906.40000", "2009-06-30": "946.00000", "2009-03-31": "781.10000", "2008-12-31": "1016.70000", "2008-09-30": "1185.60000", "2008-06-30": "1201.90000", "2008-03-31": "943.20000", "2007-12-31": "1066.60000", "2007-09-30": "1086.30000", "2007-06-30": "1087.50000", "2007-03-31": "909.70000", "2006-12-31": "1098.50000", "2006-09-30": "1050.90000", "2006-06-30": "1071.10000", "2006-03-31": "910.50000", "2005-12-31": "933.30020", "2005-09-30": "974.20000", "2005-06-30": "1063.20000", "2005-03-31": "988.40000"}, "Gross Profit": {"2020-09-30": "914.00000", "2020-06-30": "664.00000", "2020-03-31": "617.00000", "2019-12-31": "852.40040", "2019-09-30": "847.00000", "2019-06-30": "865.00000", "2019-03-31": "655.00000", "2018-12-31": "1222.20000", "2018-09-30": "915.39990", "2018-06-30": "774.80000", "2018-03-31": "605.30000", "2017-12-31": "951.20090", "2017-09-30": "864.90010", "2017-06-30": "877.20000", "2017-03-31": "1117.20000", "2016-12-31": "94.79910", "2016-09-30": "1274.80000", "2016-06-30": "1095.70000", "2016-03-31": "505.60000", "2015-12-31": "597.20030", "2015-09-30": "598.90000", "2015-06-30": "621.00000", "2015-03-31": "487.50000", "2014-12-31": "574.09990", "2014-09-30": "576.70000", "2014-06-30": "595.60000", "2014-03-31": "457.00010", "2013-12-31": "516.09990", "2013-09-30": "552.50000", "2013-06-30": "582.70000", "2013-03-31": "473.60000", "2012-12-31": "494.40000", "2012-09-30": "559.00000", "2012-06-30": "552.70010", "2012-03-31": "488.00000", "2011-12-31": "452.50030", "2011-09-30": "579.30000", "2011-06-30": "584.40000", "2011-03-31": "484.90000", "2010-12-31": "526.30040", "2010-09-30": "563.40000", "2010-06-30": "587.29990", "2010-03-31": "471.70000", "2009-12-31": "506.39990", "2009-09-30": "542.60000", "2009-06-30": "558.30000", "2009-03-31": "422.80000", "2008-12-31": "434.80000", "2008-09-30": "574.70010", "2008-06-30": "623.20000", "2008-03-31": "490.49990", "2007-12-31": "575.89980", "2007-09-30": "601.00000", "2007-06-30": "605.60000", "2007-03-31": "474.70000", "2006-12-31": "539.69970", "2006-09-30": "535.20000", "2006-06-30": "563.00000", "2006-03-31": "432.10000", "2005-12-31": "435.59990", "2005-09-30": "462.40000", "2005-06-30": "485.40000", "2005-03-31": "374.70000"}, "Research And Development Expenses": {"2020-09-30": "", "2020-06-30": "", "2020-03-31": "", "2019-12-31": "", "2019-09-30": "", "2019-06-30": "", "2019-03-31": "", "2018-12-31": "", "2018-09-30": "", "2018-06-30": "", "2018-03-31": "", "2017-12-31": "", "2017-09-30": "", "2017-06-30": "", "2017-03-31": "", "2016-12-31": "", "2016-09-30": "", "2016-06-30": "", "2016-03-31": "", "2015-12-31": "", "2015-09-30": "", "2015-06-30": "", "2015-03-31": "", "2014-12-31": "", "2014-09-30": "", "2014-06-30": "", "2014-03-31": "", "2013-12-31": "", "2013-09-30": "", "2013-06-30": "", "2013-03-31": "", "2012-12-31": "", "2012-09-30": "", "2012-06-30": "", "2012-03-31": "", "2011-12-31": "", "2011-09-30": "", "2011-06-30": "", "2011-03-31": "", "2010-12-31": "", "2010-09-30": "", "2010-06-30": "", "2010-03-31": "", "2009-12-31": "", "2009-09-30": "", "2009-06-30": "", "2009-03-31": "", "2008-12-31": "", "2008-09-30": "", "2008-06-30": "", "2008-03-31": "", "2007-12-31": "", "2007-09-30": "", "2007-06-30": "", "2007-03-31": "", "2006-12-31": "", "2006-09-30": "", "2006-06-30": "", "2006-03-31": "", "2005-12-31": "", "2005-09-30": "", "2005-06-30": "", "2005-03-31": ""}, "SG&A Expenses": {"2020-09-30": "545.00000", "2020-06-30": "488.00000", "2020-03-31": "548.00000", "2019-12-31": "640.00000", "2019-09-30": "630.00000", "2019-06-30": "612.00000", "2019-03-31": "569.00000", "2018-12-31": "803.50010", "2018-09-30": "604.40000", "2018-06-30": "613.60000", "2018-03-31": "626.30000", "2017-12-31": "608.90010", "2017-09-30": "687.90000", "2017-06-30": "695.80000", "2017-03-31": "931.50000", "2016-12-31": "363.20010", "2016-09-30": "937.90000", "2016-06-30": "947.00000", "2016-03-31": "362.50000", "2015-12-31": "427.60010", "2015-09-30": "391.30000", "2015-06-30": "393.00000", "2015-03-31": "362.00000", "2014-12-31": "385.60000", "2014-09-30": "383.80000", "2014-06-30": "370.80000", "2014-03-31": "340.30000", "2013-12-31": "350.10010", "2013-09-30": "342.70000", "2013-06-30": "365.30000", "2013-03-31": "341.40000", "2012-12-31": "325.80000", "2012-09-30": "359.70000", "2012-06-30": "365.30000", "2012-03-31": "352.70000", "2011-12-31": "300.30000", "2011-09-30": "383.40000", "2011-06-30": "387.50000", "2011-03-31": "351.10000", "2010-12-31": "387.00010", "2010-09-30": "372.60000", "2010-06-30": "362.60000", "2010-03-31": "325.60000", "2009-12-31": "363.70010", "2009-09-30": "350.30000", "2009-06-30": "329.30000", "2009-03-31": "311.50000", "2008-12-31": "354.49990", "2008-09-30": "394.30000", "2008-06-30": "392.90000", "2008-03-31": "361.00000", "2007-12-31": "370.70000", "2007-09-30": "364.50000", "2007-06-30": "357.30000", "2007-03-31": "338.40000", "2006-12-31": "356.70000", "2006-09-30": "334.90000", "2006-06-30": "342.20000", "2006-03-31": "313.20000", "2005-12-31": "254.19990", "2005-09-30": "273.00000", "2005-06-30": "292.90000", "2005-03-31": "297.60000"}, "Other Operating Income Or Expenses": {"2020-09-30": "", "2020-06-30": "", "2020-03-31": "", "2019-12-31": "", "2019-09-30": "", "2019-06-30": "", "2019-03-31": "", "2018-12-31": "", "2018-09-30": "", "2018-06-30": "", "2018-03-31": "", "2017-12-31": "", "2017-09-30": "", "2017-06-30": "", "2017-03-31": "", "2016-12-31": "", "2016-09-30": "", "2016-06-30": "", "2016-03-31": "", "2015-12-31": "", "2015-09-30": "", "2015-06-30": "", "2015-03-31": "", "2014-12-31": "", "2014-09-30": "", "2014-06-30": "", "2014-03-31": "", "2013-12-31": "", "2013-09-30": "", "2013-06-30": "", "2013-03-31": "", "2012-12-31": "", "2012-09-30": "", "2012-06-30": "", "2012-03-31": "", "2011-12-31": "64.70000", "2011-09-30": "-382.60000", "2011-06-30": "", "2011-03-31": "", "2010-12-31": "", "2010-09-30": "0.00000", "2010-06-30": "", "2010-03-31": "", "2009-12-31": "", "2009-09-30": "", "2009-06-30": "", "2009-03-31": "", "2008-12-31": "", "2008-09-30": "", "2008-06-30": "", "2008-03-31": "", "2007-12-31": "", "2007-09-30": "", "2007-06-30": "", "2007-03-31": "", "2006-12-31": "", "2006-09-30": "", "2006-06-30": "", "2006-03-31": "", "2005-12-31": "5.80000", "2005-09-30": "25.20000", "2005-06-30": "-31.40000", "2005-03-31": ""}, "Operating Expenses": {"2020-09-30": "2336.00000", "2020-06-30": "1948.00000", "2020-03-31": "3294.00000", "2019-12-31": "2491.60000", "2019-09-30": "3426.00000", "2019-06-30": "2249.00000", "2019-03-31": "2030.00000", "2018-12-31": "3368.59900", "2018-09-30": "10383.80000", "2018-06-30": "2117.70000", "2018-03-31": "1837.90000", "2017-12-31": "2590.69900", "2017-09-30": "2325.50000", "2017-06-30": "2435.10000", "2017-03-31": "3112.30000", "2016-12-31": "341.90090", "2016-09-30": "3630.70000", "2016-06-30": "3720.90000", "2016-03-31": "1189.50000", "2015-12-31": "1458.90000", "2015-09-30": "1343.40000", "2015-06-30": "1346.20000", "2015-03-31": "1165.80000", "2014-12-31": "1412.50000", "2014-09-30": "1311.30000", "2014-06-30": "1288.90000", "2014-03-31": "1109.60000", "2013-12-31": "1272.00000", "2013-09-30": "1287.60000", "2013-06-30": "1289.30000", "2013-03-31": "1143.00000", "2012-12-31": "1225.70000", "2012-09-30": "1269.90000", "2012-06-30": "1247.90000", "2012-03-31": "1127.30000", "2011-12-31": "961.00010", "2011-09-30": "1742.10000", "2011-06-30": "1349.40000", "2011-03-31": "1146.20000", "2010-12-31": "1274.80000", "2010-09-30": "1290.90000", "2010-06-30": "1292.70000", "2010-03-31": "1176.30000", "2009-12-31": "1196.50000", "2009-09-30": "1283.70000", "2009-06-30": "1304.80000", "2009-03-31": "1123.10000", "2008-12-31": "1689.59900", "2008-09-30": "1593.40000", "2008-06-30": "1664.20000", "2008-03-31": "1322.60000", "2007-12-31": "1469.60000", "2007-09-30": "1473.50000", "2007-06-30": "1460.30000", "2007-03-31": "1263.60000", "2006-12-31": "1471.30000", "2006-09-30": "1407.90000", "2006-06-30": "1432.40000", "2006-03-31": "1232.80000", "2005-12-31": "1233.50000", "2005-09-30": "1236.60000", "2005-06-30": "1387.80000", "2005-03-31": "1291.90000"}, "Operating Income": {"2020-09-30": "363.00000", "2020-06-30": "163.00000", "2020-03-31": "-1408.00000", "2019-12-31": "132.30080", "2019-09-30": "-857.00000", "2019-06-30": "231.00000", "2019-03-31": "12.00000", "2018-12-31": "223.60060", "2018-09-30": "-7835.10100", "2018-06-30": "83.90020", "2018-03-31": "-26.40000", "2017-12-31": "319.40140", "2017-09-30": "141.10010", "2017-06-30": "92.29980", "2017-03-31": "154.00000", "2016-12-31": "-288.90150", "2016-09-30": "323.89990", "2016-06-30": "137.70020", "2016-03-31": "125.40000", "2015-12-31": "101.90010", "2015-09-30": "186.60010", "2015-06-30": "214.70000", "2015-03-31": "98.20000", "2014-12-31": "113.49990", "2014-09-30": "173.20010", "2014-06-30": "213.30000", "2014-03-31": "104.70010", "2013-12-31": "153.40010", "2013-09-30": "178.49990", "2013-06-30": "185.39990", "2013-03-31": "97.80010", "2012-12-31": "150.10020", "2012-09-30": "186.99990", "2012-06-30": "177.40010", "2012-03-31": "123.20010", "2011-12-31": "181.30020", "2011-09-30": "-192.20000", "2011-06-30": "195.90000", "2011-03-31": "127.99990", "2010-12-31": "115.30040", "2010-09-30": "174.60010", "2010-06-30": "203.50000", "2010-03-31": "130.10000", "2009-12-31": "129.69970", "2009-09-30": "165.30000", "2009-06-30": "199.50000", "2009-03-31": "80.80010", "2008-12-31": "-238.09950", "2008-09-30": "166.90010", "2008-06-30": "160.89990", "2008-03-31": "111.10000", "2007-12-31": "172.89990", "2007-09-30": "213.80000", "2007-06-30": "232.79990", "2007-03-31": "120.80000", "2006-12-31": "166.89970", "2006-09-30": "178.20000", "2006-06-30": "201.70000", "2006-03-31": "109.80000", "2005-12-31": "135.40040", "2005-09-30": "200.00000", "2005-06-30": "160.79990", "2005-03-31": "71.20000"}, "Total Non-Operating Income/Expense": {"2020-09-30": "-80.00000", "2020-06-30": "-70.00000", "2020-03-31": "-75.00000", "2019-12-31": "-74.90000", "2019-09-30": "-111.00000", "2019-06-30": "-78.00000", "2019-03-31": "-106.00000", "2018-12-31": "-105.90000", "2018-09-30": "-109.80000", "2018-06-30": "-107.30000", "2018-03-31": "-114.70000", "2017-12-31": "-115.29990", "2017-09-30": "-161.10000", "2017-06-30": "-147.20000", "2017-03-31": "636.10000", "2016-12-31": "-114.30000", "2016-09-30": "-123.80000", "2016-06-30": "32.60000", "2016-03-31": "-73.80000", "2015-12-31": "-194.70000", "2015-09-30": "-26.80000", "2015-06-30": "-23.10000", "2015-03-31": "-19.30000", "2014-12-31": "-53.80000", "2014-09-30": "-22.00000", "2014-06-30": "-12.40000", "2014-03-31": "-54.40000", "2013-12-31": "-15.60000", "2013-09-30": "-16.40000", "2013-06-30": "-19.20000", "2013-03-31": "-27.60000", "2012-12-31": "-21.20000", "2012-09-30": "-23.50000", "2012-06-30": "-21.10000", "2012-03-31": "-19.90000", "2011-12-31": "-23.70000", "2011-09-30": "-27.80000", "2011-06-30": "-24.80000", "2011-03-31": "-28.20000", "2010-12-31": "-25.30000", "2010-09-30": "-245.40000", "2010-06-30": "-27.30000", "2010-03-31": "-31.70000", "2009-12-31": "-37.60000", "2009-09-30": "-36.30000", "2009-06-30": "-41.50000", "2009-03-31": "-31.30000", "2008-12-31": "-38.70000", "2008-09-30": "-93.60000", "2008-06-30": "-39.10000", "2008-03-31": "-25.60000", "2007-12-31": "-21.00000", "2007-09-30": "-30.10000", "2007-06-30": "-29.00000", "2007-03-31": "-28.20000", "2006-12-31": "-31.80000", "2006-09-30": "-36.30000", "2006-06-30": "-37.40000", "2006-03-31": "-36.20000", "2005-12-31": "-9.00000", "2005-09-30": "-33.20000", "2005-06-30": "-33.30000", "2005-03-31": "-28.50000"}, "Pre-Tax Income": {"2020-09-30": "283.00000", "2020-06-30": "93.00000", "2020-03-31": "-1483.00000", "2019-12-31": "57.40000", "2019-09-30": "-968.00000", "2019-06-30": "153.00000", "2019-03-31": "-94.00000", "2018-12-31": "117.69970", "2018-09-30": "-7944.90000", "2018-06-30": "-23.40000", "2018-03-31": "-141.10000", "2017-12-31": "204.10000", "2017-09-30": "-20.00000", "2017-06-30": "-54.90000", "2017-03-31": "790.10000", "2016-12-31": "-403.20000", "2016-09-30": "200.10000", "2016-06-30": "170.30000", "2016-03-31": "51.60000", "2015-12-31": "-92.80000", "2015-09-30": "159.80000", "2015-06-30": "191.60000", "2015-03-31": "78.90000", "2014-12-31": "59.70000", "2014-09-30": "151.20000", "2014-06-30": "200.90000", "2014-03-31": "50.30000", "2013-12-31": "137.80000", "2013-09-30": "162.10000", "2013-06-30": "166.20000", "2013-03-31": "70.20000", "2012-12-31": "128.90000", "2012-09-30": "163.50000", "2012-06-30": "156.30000", "2012-03-31": "103.30000", "2011-12-31": "157.60000", "2011-09-30": "-220.00000", "2011-06-30": "171.10000", "2011-03-31": "99.80000", "2010-12-31": "90.00000", "2010-09-30": "-70.80000", "2010-06-30": "176.20000", "2010-03-31": "98.40000", "2009-12-31": "92.10000", "2009-09-30": "129.00000", "2009-06-30": "158.00000", "2009-03-31": "49.50000", "2008-12-31": "-276.80000", "2008-09-30": "73.30000", "2008-06-30": "121.80000", "2008-03-31": "85.50000", "2007-12-31": "151.90000", "2007-09-30": "183.70000", "2007-06-30": "203.80000", "2007-03-31": "92.60000", "2006-12-31": "135.10000", "2006-09-30": "141.90000", "2006-06-30": "164.30000", "2006-03-31": "73.60000", "2005-12-31": "126.40000", "2005-09-30": "166.80000", "2005-06-30": "127.50000", "2005-03-31": "42.70000"}, "Income Taxes": {"2020-09-30": "-21.00000", "2020-06-30": "15.00000", "2020-03-31": "-204.00000", "2019-12-31": "-720.70000", "2019-09-30": "-327.00000", "2019-06-30": "30.00000", "2019-03-31": "-20.00000", "2018-12-31": "-105.90000", "2018-09-30": "-1219.60000", "2018-06-30": "53.00000", "2018-03-31": "-86.40000", "2017-12-31": "-1464.00000", "2017-09-30": "-131.10000", "2017-06-30": "-71.50000", "2017-03-31": "151.60000", "2016-12-31": "-2.30000", "2016-09-30": "13.60000", "2016-06-30": "34.50000", "2016-03-31": "11.30000", "2015-12-31": "-13.10000", "2015-09-30": "25.80000", "2015-06-30": "43.50000", "2015-03-31": "22.00000", "2014-12-31": "10.40000", "2014-09-30": "28.30000", "2014-06-30": "51.90000", "2014-03-31": "-1.50000", "2013-12-31": "24.10000", "2013-09-30": "39.90000", "2013-06-30": "49.60000", "2013-03-31": "6.40000", "2012-12-31": "29.20000", "2012-09-30": "57.30000", "2012-06-30": "50.00000", "2012-03-31": "25.00000", "2011-12-31": "23.30000", "2011-09-30": "-53.60000", "2011-06-30": "25.70000", "2011-03-31": "25.90000", "2010-12-31": "18.90000", "2010-09-30": "-99.10000", "2010-06-30": "45.80000", "2010-03-31": "40.00000", "2009-12-31": "31.20000", "2009-09-30": "43.50000", "2009-06-30": "52.30000", "2009-03-31": "15.80000", "2008-12-31": "-20.70000", "2008-09-30": "17.70000", "2008-06-30": "28.90000", "2008-03-31": "27.70000", "2007-12-31": "47.80000", "2007-09-30": "13.80000", "2007-06-30": "60.60000", "2007-03-31": "27.50000", "2006-12-31": "42.80000", "2006-09-30": "29.20000", "2006-06-30": "28.80000", "2006-03-31": "-56.60000", "2005-12-31": "33.50000", "2005-09-30": "30.20000", "2005-06-30": "40.10000", "2005-03-31": "-46.70000"}, "Income After Taxes": {"2020-09-30": "304.00000", "2020-06-30": "78.00000", "2020-03-31": "-1279.00000", "2019-12-31": "778.10000", "2019-09-30": "-641.00000", "2019-06-30": "123.00000", "2019-03-31": "-74.00000", "2018-12-31": "223.59950", "2018-09-30": "-6725.30000", "2018-06-30": "-76.40000", "2018-03-31": "-54.70000", "2017-12-31": "1668.10000", "2017-09-30": "111.10000", "2017-06-30": "16.60000", "2017-03-31": "638.50000", "2016-12-31": "-400.90000", "2016-09-30": "186.50000", "2016-06-30": "135.80000", "2016-03-31": "40.30000", "2015-12-31": "-79.70000", "2015-09-30": "134.00000", "2015-06-30": "148.10000", "2015-03-31": "56.90000", "2014-12-31": "49.30000", "2014-09-30": "122.90000", "2014-06-30": "149.00000", "2014-03-31": "51.80000", "2013-12-31": "113.70000", "2013-09-30": "122.20000", "2013-06-30": "116.60000", "2013-03-31": "63.80000", "2012-12-31": "99.70000", "2012-09-30": "106.20000", "2012-06-30": "106.30000", "2012-03-31": "78.30000", "2011-12-31": "134.30000", "2011-09-30": "-166.40000", "2011-06-30": "145.40000", "2011-03-31": "73.90000", "2010-12-31": "71.10000", "2010-09-30": "28.30000", "2010-06-30": "130.40000", "2010-03-31": "58.40000", "2009-12-31": "60.90000", "2009-09-30": "85.50000", "2009-06-30": "105.70000", "2009-03-31": "33.70000", "2008-12-31": "-256.10000", "2008-09-30": "55.60000", "2008-06-30": "92.90000", "2008-03-31": "57.80000", "2007-12-31": "104.10000", "2007-09-30": "169.90000", "2007-06-30": "143.20000", "2007-03-31": "65.10000", "2006-12-31": "92.30000", "2006-09-30": "112.70000", "2006-06-30": "135.50000", "2006-03-31": "130.20000", "2005-12-31": "92.90000", "2005-09-30": "136.60000", "2005-06-30": "87.40000", "2005-03-31": "89.40000"}, "Other Income": {"2020-09-30": "", "2020-06-30": "", "2020-03-31": "", "2019-12-31": "", "2019-09-30": "", "2019-06-30": "", "2019-03-31": "", "2018-12-31": "", "2018-09-30": "", "2018-06-30": "", "2018-03-31": "", "2017-12-31": "", "2017-09-30": "", "2017-06-30": "", "2017-03-31": "", "2016-12-31": "", "2016-09-30": "", "2016-06-30": "", "2016-03-31": "", "2015-12-31": "", "2015-09-30": "", "2015-06-30": "", "2015-03-31": "", "2014-12-31": "", "2014-09-30": "", "2014-06-30": "", "2014-03-31": "", "2013-12-31": "", "2013-09-30": "", "2013-06-30": "", "2013-03-31": "", "2012-12-31": "", "2012-09-30": "", "2012-06-30": "", "2012-03-31": "", "2011-12-31": "", "2011-09-30": "", "2011-06-30": "", "2011-03-31": "", "2010-12-31": "", "2010-09-30": "", "2010-06-30": "", "2010-03-31": "", "2009-12-31": "", "2009-09-30": "", "2009-06-30": "", "2009-03-31": "", "2008-12-31": "", "2008-09-30": "", "2008-06-30": "", "2008-03-31": "", "2007-12-31": "", "2007-09-30": "", "2007-06-30": "", "2007-03-31": "", "2006-12-31": "", "2006-09-30": "", "2006-06-30": "", "2006-03-31": "", "2005-12-31": "", "2005-09-30": "", "2005-06-30": "", "2005-03-31": ""}, "Income From Continuous Operations": {"2020-09-30": "304.00000", "2020-06-30": "78.00000", "2020-03-31": "-1279.00000", "2019-12-31": "778.10000", "2019-09-30": "-641.00000", "2019-06-30": "123.00000", "2019-03-31": "-74.00000", "2018-12-31": "223.60000", "2018-09-30": "-6725.30000", "2018-06-30": "-76.40000", "2018-03-31": "-54.70000", "2017-12-31": "1668.10000", "2017-09-30": "111.10000", "2017-06-30": "16.60000", "2017-03-31": "638.50000", "2016-12-31": "-400.90000", "2016-09-30": "186.50000", "2016-06-30": "135.80000", "2016-03-31": "40.30000", "2015-12-31": "-79.70000", "2015-09-30": "134.00000", "2015-06-30": "148.10000", "2015-03-31": "56.90000", "2014-12-31": "49.30000", "2014-09-30": "122.90000", "2014-06-30": "149.00000", "2014-03-31": "51.80000", "2013-12-31": "113.70000", "2013-09-30": "122.20000", "2013-06-30": "116.60000", "2013-03-31": "63.80000", "2012-12-31": "99.70000", "2012-09-30": "106.20000", "2012-06-30": "106.30000", "2012-03-31": "78.30000", "2011-12-31": "134.30000", "2011-09-30": "-166.40000", "2011-06-30": "145.40000", "2011-03-31": "73.90000", "2010-12-31": "71.10000", "2010-09-30": "28.30000", "2010-06-30": "130.40000", "2010-03-31": "58.40000", "2009-12-31": "60.90000", "2009-09-30": "85.50000", "2009-06-30": "105.70000", "2009-03-31": "33.70000", "2008-12-31": "-256.10000", "2008-09-30": "55.60000", "2008-06-30": "92.90000", "2008-03-31": "57.80000", "2007-12-31": "104.10000", "2007-09-30": "169.90000", "2007-06-30": "143.20000", "2007-03-31": "65.10000", "2006-12-31": "92.30000", "2006-09-30": "112.70000", "2006-06-30": "135.50000", "2006-03-31": "130.20000", "2005-12-31": "92.90000", "2005-09-30": "136.60000", "2005-06-30": "87.40000", "2005-03-31": "89.40000"}, "Income From Discontinued Operations": {"2020-09-30": "", "2020-06-30": "", "2020-03-31": "", "2019-12-31": "15.50000", "2019-09-30": "15.00000", "2019-06-30": "-33.00000", "2019-03-31": "-77.00000", "2018-12-31": "-40.10000", "2018-09-30": "-585.70000", "2018-06-30": "208.10000", "2018-03-31": "108.00000", "2017-12-31": "-15.20000", "2017-09-30": "123.30000", "2017-06-30": "206.40000", "2017-03-31": "", "2016-12-31": "566.49990", "2016-09-30": "", "2016-06-30": "-0.60000", "2016-03-31": "0.20000", "2015-12-31": "92.90000", "2015-09-30": "0.20000", "2015-06-30": "0.40000", "2015-03-31": "-2.80000", "2014-12-31": "2.70000", "2014-09-30": "-0.60000", "2014-06-30": "1.60000", "2014-03-31": "1.10000", "2013-12-31": "3.60000", "2013-09-30": "71.10000", "2013-06-30": "-6.80000", "2013-03-31": "-9.60000", "2012-12-31": "2.20000", "2012-09-30": "2.10000", "2012-06-30": "5.50000", "2012-03-31": "1.00000", "2011-12-31": "-53.90000", "2011-09-30": "-11.20000", "2011-06-30": "1.30000", "2011-03-31": "1.80000", "2010-12-31": "", "2010-09-30": "0.00000", "2010-06-30": "", "2010-03-31": "", "2009-12-31": "", "2009-09-30": "", "2009-06-30": "", "2009-03-31": "", "2008-12-31": "", "2008-09-30": "", "2008-06-30": "", "2008-03-31": "-0.50000", "2007-12-31": "4.40000", "2007-09-30": "0.30000", "2007-06-30": "-1.00000", "2007-03-31": "-15.80000", "2006-12-31": "9.90000", "2006-09-30": "-4.20000", "2006-06-30": "-16.00000", "2006-03-31": "-75.40000", "2005-12-31": "-15.90000", "2005-09-30": "-65.10000", "2005-06-30": "-21.20000", "2005-03-31": "-52.80000"}, "Net Income": {"2020-09-30": "304.00000", "2020-06-30": "78.00000", "2020-03-31": "-1279.00000", "2019-12-31": "793.60000", "2019-09-30": "-626.00000", "2019-06-30": "90.00000", "2019-03-31": "-151.00000", "2018-12-31": "183.50000", "2018-09-30": "-7311.00000", "2018-06-30": "131.70000", "2018-03-31": "53.30000", "2017-12-31": "1652.90000", "2017-09-30": "234.40000", "2017-06-30": "223.00000", "2017-03-31": "638.50000", "2016-12-31": "165.60000", "2016-09-30": "186.50000", "2016-06-30": "135.20000", "2016-03-31": "40.50000", "2015-12-31": "13.20000", "2015-09-30": "134.20000", "2015-06-30": "148.50000", "2015-03-31": "54.10000", "2014-12-31": "52.00000", "2014-09-30": "122.30000", "2014-06-30": "150.60000", "2014-03-31": "52.90000", "2013-12-31": "117.30000", "2013-09-30": "193.30000", "2013-06-30": "109.80000", "2013-03-31": "54.20000", "2012-12-31": "101.90000", "2012-09-30": "108.30000", "2012-06-30": "111.80000", "2012-03-31": "79.30000", "2011-12-31": "80.40000", "2011-09-30": "-177.60000", "2011-06-30": "146.70000", "2011-03-31": "75.70000", "2010-12-31": "75.70000", "2010-09-30": "28.30000", "2010-06-30": "130.40000", "2010-03-31": "58.40000", "2009-12-31": "60.60000", "2009-09-30": "85.50000", "2009-06-30": "105.70000", "2009-03-31": "33.70000", "2008-12-31": "-256.70000", "2008-09-30": "55.00000", "2008-06-30": "92.50000", "2008-03-31": "56.90000", "2007-12-31": "105.40000", "2007-09-30": "170.20000", "2007-06-30": "142.20000", "2007-03-31": "49.30000", "2006-12-31": "102.20000", "2006-09-30": "108.50000", "2006-06-30": "119.50000", "2006-03-31": "54.80000", "2005-12-31": "77.00000", "2005-09-30": "71.50000", "2005-06-30": "66.20000", "2005-03-31": "36.60000"}, "EBITDA": {"2020-09-30": "456.00000", "2020-06-30": "253.00000", "2020-03-31": "158.00000", "2019-12-31": "328.40080", "2019-09-30": "365.00000", "2019-06-30": "332.00000", "2019-03-31": "274.00000", "2018-12-31": "873.30180", "2018-09-30": "1010.19800", "2018-06-30": "674.50020", "2018-03-31": "123.40000", "2017-12-31": "479.20140", "2017-09-30": "297.30010", "2017-06-30": "307.89980", "2017-03-31": "343.00000", "2016-12-31": "-158.90150", "2016-09-30": "461.89990", "2016-06-30": "264.10020", "2016-03-31": "168.20000", "2015-12-31": "144.90010", "2015-09-30": "229.70010", "2015-06-30": "257.99990", "2015-03-31": "140.39990", "2014-12-31": "155.19990", "2014-09-30": "211.90010", "2014-06-30": "250.90010", "2014-03-31": "142.80010", "2013-12-31": "192.90010", "2013-09-30": "218.29990", "2013-06-30": "225.19990", "2013-03-31": "137.60010", "2012-12-31": "191.70020", "2012-09-30": "228.29990", "2012-06-30": "218.80010", "2012-03-31": "162.60010", "2011-12-31": "221.80020", "2011-09-30": "-152.59990", "2011-06-30": "236.70000", "2011-03-31": "168.69990", "2010-12-31": "157.40040", "2010-09-30": "217.90010", "2010-06-30": "246.20000", "2010-03-31": "174.30000", "2009-12-31": "175.19970", "2009-09-30": "211.00010", "2009-06-30": "241.50000", "2009-03-31": "122.70010", "2008-12-31": "-192.29950", "2008-09-30": "213.40010", "2008-06-30": "207.69990", "2008-03-31": "155.30000", "2007-12-31": "215.49990", "2007-09-30": "255.80000", "2007-06-30": "279.09990", "2007-03-31": "166.90010", "2006-12-31": "213.09970", "2006-09-30": "226.00000", "2006-06-30": "252.20000", "2006-03-31": "158.60010", "2005-12-31": "181.70040", "2005-09-30": "239.50000", "2005-06-30": "212.69990", "2005-03-31": "125.10000"}, "EBIT": {"2020-09-30": "363.00000", "2020-06-30": "163.00000", "2020-03-31": "-1408.00000", "2019-12-31": "132.30080", "2019-09-30": "-857.00000", "2019-06-30": "231.00000", "2019-03-31": "12.00000", "2018-12-31": "223.60050", "2018-09-30": "-7835.10100", "2018-06-30": "83.90020", "2018-03-31": "-26.40000", "2017-12-31": "319.40090", "2017-09-30": "141.10010", "2017-06-30": "92.29980", "2017-03-31": "154.00000", "2016-12-31": "-288.90150", "2016-09-30": "323.89990", "2016-06-30": "137.70020", "2016-03-31": "125.40000", "2015-12-31": "101.89990", "2015-09-30": "186.60010", "2015-06-30": "214.70000", "2015-03-31": "98.20000", "2014-12-31": "113.50000", "2014-09-30": "173.20010", "2014-06-30": "213.30000", "2014-03-31": "104.70010", "2013-12-31": "153.40030", "2013-09-30": "178.49990", "2013-06-30": "185.39990", "2013-03-31": "97.80010", "2012-12-31": "150.10010", "2012-09-30": "186.99990", "2012-06-30": "177.40010", "2012-03-31": "123.20010", "2011-12-31": "181.30000", "2011-09-30": "-192.20000", "2011-06-30": "195.90000", "2011-03-31": "127.99990", "2010-12-31": "115.30040", "2010-09-30": "174.60010", "2010-06-30": "203.50000", "2010-03-31": "130.10000", "2009-12-31": "129.69970", "2009-09-30": "165.30000", "2009-06-30": "199.50000", "2009-03-31": "80.80010", "2008-12-31": "-238.09920", "2008-09-30": "166.90010", "2008-06-30": "160.89990", "2008-03-31": "111.10000", "2007-12-31": "172.89980", "2007-09-30": "213.80000", "2007-06-30": "232.79990", "2007-03-31": "120.80000", "2006-12-31": "166.90010", "2006-09-30": "178.20000", "2006-06-30": "201.70000", "2006-03-31": "109.80000", "2005-12-31": "135.40050", "2005-09-30": "200.00000", "2005-06-30": "160.79990", "2005-03-31": "71.20000"}, "Basic Shares Outstanding": {"2020-09-30": "424.30000", "2020-06-30": "424.20000", "2020-03-31": "423.80000", "2019-12-31": "423.30000", "2019-09-30": "423.40000", "2019-06-30": "423.30000", "2019-03-31": "423.00000", "2018-12-31": "473.70000", "2018-09-30": "471.00000", "2018-06-30": "486.20000", "2018-03-31": "486.00000", "2017-12-31": "486.70000", "2017-09-30": "490.40000", "2017-06-30": "484.30000", "2017-03-31": "484.20000", "2016-12-31": "421.30000", "2016-09-30": "484.00000", "2016-06-30": "448.30000", "2016-03-31": "268.70000", "2015-12-31": "269.30000", "2015-09-30": "268.80000", "2015-06-30": "269.70000", "2015-03-31": "270.50000", "2014-12-31": "276.10000", "2014-09-30": "273.50000", "2014-06-30": "277.40000", "2014-03-31": "280.90000", "2013-12-31": "288.60000", "2013-09-30": "290.10000", "2013-06-30": "290.90000", "2013-03-31": "290.00000", "2012-12-31": "291.20000", "2012-09-30": "290.70000", "2012-06-30": "292.10000", "2012-03-31": "292.10000", "2011-12-31": "293.60000", "2011-09-30": "290.80000", "2011-06-30": "294.30000", "2011-03-31": "294.20000", "2010-12-31": "282.40000", "2010-09-30": "273.30000", "2010-06-30": "281.50000", "2010-03-31": "281.10000", "2009-12-31": "280.80000", "2009-09-30": "280.80000", "2009-06-30": "280.80000", "2009-03-31": "280.70000", "2008-12-31": "279.90000", "2008-09-30": "279.90000", "2008-06-30": "280.00000", "2008-03-31": "279.70000", "2007-12-31": "278.60000", "2007-09-30": "276.00000", "2007-06-30": "276.00000", "2007-03-31": "275.90000", "2006-12-31": "274.60000", "2006-09-30": "274.60000", "2006-06-30": "274.60000", "2006-03-31": "274.50000", "2005-12-31": "274.40000", "2005-09-30": "274.40000", "2005-06-30": "274.40000", "2005-03-31": "274.40000"}, "Shares Outstanding": {"2020-09-30": "425.40000", "2020-06-30": "424.70000", "2020-03-31": "423.80000", "2019-12-31": "423.90000", "2019-09-30": "423.40000", "2019-06-30": "423.50000", "2019-03-31": "423.00000", "2018-12-31": "473.70000", "2018-09-30": "471.00000", "2018-06-30": "486.20000", "2018-03-31": "486.00000", "2017-12-31": "488.00000", "2017-09-30": "491.50000", "2017-06-30": "485.90000", "2017-03-31": "485.80000", "2016-12-31": "421.30000", "2016-09-30": "486.20000", "2016-06-30": "450.20000", "2016-03-31": "270.10000", "2015-12-31": "271.50000", "2015-09-30": "271.00000", "2015-06-30": "271.70000", "2015-03-31": "272.70000", "2014-12-31": "278.90000", "2014-09-30": "276.40000", "2014-06-30": "279.70000", "2014-03-31": "283.80000", "2013-12-31": "291.80000", "2013-09-30": "292.90000", "2013-06-30": "294.30000", "2013-03-31": "293.10000", "2012-12-31": "293.60000", "2012-09-30": "292.70000", "2012-06-30": "294.00000", "2012-03-31": "294.70000", "2011-12-31": "296.20000", "2011-09-30": "290.80000", "2011-06-30": "304.90000", "2011-03-31": "298.20000", "2010-12-31": "305.40000", "2010-09-30": "301.00000", "2010-06-30": "315.40000", "2010-03-31": "307.80000", "2009-12-31": "294.40000", "2009-09-30": "301.80000", "2009-06-30": "286.80000", "2009-03-31": "280.70000", "2008-12-31": "279.90000", "2008-09-30": "279.90000", "2008-06-30": "280.00000", "2008-03-31": "279.80000", "2007-12-31": "287.60000", "2007-09-30": "286.10000", "2007-06-30": "286.10000", "2007-03-31": "277.90000", "2006-12-31": "275.50000", "2006-09-30": "275.60000", "2006-06-30": "283.60000", "2006-03-31": "283.30000", "2005-12-31": "274.90000", "2005-09-30": "283.30000", "2005-06-30": "274.70000", "2005-03-31": "274.90000"}, "Basic EPS": {"2020-09-30": "0.72000", "2020-06-30": "0.18000", "2020-03-31": "-3.02000", "2019-12-31": "1.88000", "2019-09-30": "-1.48000", "2019-06-30": "0.21000", "2019-03-31": "-0.36000", "2018-12-31": "0.49000", "2018-09-30": "-15.52000", "2018-06-30": "0.27000", "2018-03-31": "0.11000", "2017-12-31": "3.39000", "2017-09-30": "0.48000", "2017-06-30": "0.46000", "2017-03-31": "1.32000", "2016-12-31": "0.41000", "2016-09-30": "0.39000", "2016-06-30": "0.30000", "2016-03-31": "0.15000", "2015-12-31": "0.05000", "2015-09-30": "0.50000", "2015-06-30": "0.55000", "2015-03-31": "0.20000", "2014-12-31": "0.19000", "2014-09-30": "0.45000", "2014-06-30": "0.54000", "2014-03-31": "0.19000", "2013-12-31": "0.40000", "2013-09-30": "0.67000", "2013-06-30": "0.38000", "2013-03-31": "0.19000", "2012-12-31": "0.36000", "2012-09-30": "0.37000", "2012-06-30": "0.38000", "2012-03-31": "0.27000", "2011-12-31": "0.28000", "2011-09-30": "-0.61000", "2011-06-30": "0.50000", "2011-03-31": "0.26000", "2010-12-31": "0.27000", "2010-09-30": "0.10000", "2010-06-30": "0.46000", "2010-03-31": "0.21000", "2009-12-31": "0.22000", "2009-09-30": "0.30000", "2009-06-30": "0.38000", "2009-03-31": "0.12000", "2008-12-31": "-0.91000", "2008-09-30": "0.20000", "2008-06-30": "0.33000", "2008-03-31": "0.20000", "2007-12-31": "0.36000", "2007-09-30": "0.62000", "2007-06-30": "0.52000", "2007-03-31": "0.18000", "2006-12-31": "0.37000", "2006-09-30": "0.39000", "2006-06-30": "0.44000", "2006-03-31": "0.20000", "2005-12-31": "0.29000", "2005-09-30": "0.26000", "2005-06-30": "0.24000", "2005-03-31": "0.13000"}, "EPS - Earnings Per Share": {"2020-09-30": "0.71000", "2020-06-30": "0.18000", "2020-03-31": "-3.02000", "2019-12-31": "1.88000", "2019-09-30": "-1.48000", "2019-06-30": "0.21000", "2019-03-31": "-0.36000", "2018-12-31": "0.49000", "2018-09-30": "-15.52000", "2018-06-30": "0.27000", "2018-03-31": "0.11000", "2017-12-31": "3.38000", "2017-09-30": "0.48000", "2017-06-30": "0.46000", "2017-03-31": "1.31000", "2016-12-31": "0.42000", "2016-09-30": "0.38000", "2016-06-30": "0.30000", "2016-03-31": "0.15000", "2015-12-31": "0.04000", "2015-09-30": "0.50000", "2015-06-30": "0.55000", "2015-03-31": "0.20000", "2014-12-31": "0.18000", "2014-09-30": "0.44000", "2014-06-30": "0.54000", "2014-03-31": "0.19000", "2013-12-31": "0.41000", "2013-09-30": "0.66000", "2013-06-30": "0.37000", "2013-03-31": "0.19000", "2012-12-31": "0.35000", "2012-09-30": "0.37000", "2012-06-30": "0.38000", "2012-03-31": "0.27000", "2011-12-31": "0.29000", "2011-09-30": "-0.61000", "2011-06-30": "0.49000", "2011-03-31": "0.25000", "2010-12-31": "0.27000", "2010-09-30": "0.09000", "2010-06-30": "0.41000", "2010-03-31": "0.19000", "2009-12-31": "0.20000", "2009-09-30": "0.28000", "2009-06-30": "0.37000", "2009-03-31": "0.12000", "2008-12-31": "-0.91000", "2008-09-30": "0.20000", "2008-06-30": "0.33000", "2008-03-31": "0.20000", "2007-12-31": "0.37000", "2007-09-30": "0.61000", "2007-06-30": "0.51000", "2007-03-31": "0.18000", "2006-12-31": "0.38000", "2006-09-30": "0.39000", "2006-06-30": "0.43000", "2006-03-31": "0.20000", "2005-12-31": "0.28000", "2005-09-30": "0.26000", "2005-06-30": "0.24000", "2005-03-31": "0.13000"}}, "balance sheet": {"Cash On Hand": {"2019-12-31": "348.60000", "2018-12-31": "495.70000", "2017-12-31": "485.70000", "2016-12-31": "587.50000", "2015-12-31": "274.80000", "2014-12-31": "199.40000", "2013-12-31": "226.30000", "2012-12-31": "183.80000", "2011-12-31": "170.20000", "2010-12-31": "139.60000", "2009-12-31": "278.30000", "2008-12-31": "275.40000", "2007-12-31": "329.20000", "2006-12-31": "201.00000", "2005-12-31": "115.50000"}, "Receivables": {"2019-12-31": "1841.50000", "2018-12-31": "2163.50000", "2017-12-31": "1879.30000", "2016-12-31": "2746.90000", "2015-12-31": "1250.70000", "2014-12-31": "1248.20000", "2013-12-31": "1105.10000", "2012-12-31": "1112.40000", "2011-12-31": "1002.00000", "2010-12-31": "997.90000", "2009-12-31": "894.10000", "2008-12-31": "969.30000", "2007-12-31": "1166.40000", "2006-12-31": "1113.60000", "2005-12-31": "1107.70000"}, "Inventory": {"2019-12-31": "1606.70000", "2018-12-31": "1760.70000", "2017-12-31": "1662.40000", "2016-12-31": "2116.00000", "2015-12-31": "721.80000", "2014-12-31": "708.50000", "2013-12-31": "684.40000", "2012-12-31": "696.40000", "2011-12-31": "699.90000", "2010-12-31": "701.60000", "2009-12-31": "688.20000", "2008-12-31": "912.10000", "2007-12-31": "940.40000", "2006-12-31": "850.60000", "2005-12-31": "793.80000"}, "Pre-Paid Expenses": {"2019-12-31": "313.10000", "2018-12-31": "294.80000", "2017-12-31": "327.90000", "2016-12-31": "288.40000", "2015-12-31": "147.80000", "2014-12-31": "136.10000", "2013-12-31": "135.40000", "2012-12-31": "142.70000", "2011-12-31": "145.20000", "2010-12-31": "113.70000", "2009-12-31": "137.70000", "2008-12-31": "136.60000", "2007-12-31": "113.70000", "2006-12-31": "133.50000", "2005-12-31": "103.20000"}, "Other Current Assets": {"2019-12-31": "", "2018-12-31": "1243.80000", "2017-12-31": "6370.40000", "2016-12-31": "1745.70000", "2015-12-31": "98.40000", "2014-12-31": "", "2013-12-31": "", "2012-12-31": "", "2011-12-31": "", "2010-12-31": "", "2009-12-31": "", "2008-12-31": "", "2007-12-31": "", "2006-12-31": "", "2005-12-31": ""}, "Total Current Assets": {"2019-12-31": "4109.90000", "2018-12-31": "5958.50000", "2017-12-31": "10725.70000", "2016-12-31": "7484.50000", "2015-12-31": "2493.50000", "2014-12-31": "2292.20000", "2013-12-31": "2285.60000", "2012-12-31": "2271.10000", "2011-12-31": "2148.00000", "2010-12-31": "2132.00000", "2009-12-31": "2182.10000", "2008-12-31": "2393.80000", "2007-12-31": "2651.70000", "2006-12-31": "2476.90000", "2005-12-31": "2472.70000"}, "Property, Plant, And Equipment": {"2019-12-31": "1154.90000", "2018-12-31": "1226.10000", "2017-12-31": "972.40000", "2016-12-31": "1543.40000", "2015-12-31": "599.20000", "2014-12-31": "559.10000", "2013-12-31": "539.60000", "2012-12-31": "560.20000", "2011-12-31": "551.40000", "2010-12-31": "529.30000", "2009-12-31": "578.10000", "2008-12-31": "630.70000", "2007-12-31": "688.60000", "2006-12-31": "746.90000", "2005-12-31": "854.00000"}, "Long-Term Investments": {"2019-12-31": "", "2018-12-31": "", "2017-12-31": "", "2016-12-31": "", "2015-12-31": "", "2014-12-31": "", "2013-12-31": "", "2012-12-31": "", "2011-12-31": "", "2010-12-31": "", "2009-12-31": "", "2008-12-31": "", "2007-12-31": "", "2006-12-31": "", "2005-12-31": ""}, "Goodwill And Intangible Assets": {"2019-12-31": "8625.20000", "2018-12-31": "10024.50000", "2017-12-31": "17072.60000", "2016-12-31": "24330.70000", "2015-12-31": "3854.90000", "2014-12-31": "3433.20000", "2013-12-31": "2975.60000", "2012-12-31": "3024.30000", "2011-12-31": "3032.10000", "2010-12-31": "3397.80000", "2009-12-31": "3400.50000", "2008-12-31": "3339.40000", "2007-12-31": "3110.50000", "2006-12-31": "2894.50000", "2005-12-31": "2706.10000"}, "Other Long-Term Assets": {"2019-12-31": "361.30000", "2018-12-31": "330.00000", "2017-12-31": "4220.00000", "2016-12-31": "383.60000", "2015-12-31": "273.40000", "2014-12-31": "240.70000", "2013-12-31": "268.90000", "2012-12-31": "281.20000", "2011-12-31": "309.20000", "2010-12-31": "307.60000", "2009-12-31": "263.20000", "2008-12-31": "428.60000", "2007-12-31": "202.70000", "2006-12-31": "190.90000", "2005-12-31": "185.20000"}, "Total Long-Term Assets": {"2019-12-31": "11532.10000", "2018-12-31": "11763.90000", "2017-12-31": "22409.80000", "2016-12-31": "26353.00000", "2015-12-31": "4766.00000", "2014-12-31": "4272.10000", "2013-12-31": "3784.10000", "2012-12-31": "3950.90000", "2011-12-31": "4012.90000", "2010-12-31": "4273.30000", "2009-12-31": "4241.80000", "2008-12-31": "4398.70000", "2007-12-31": "4031.20000", "2006-12-31": "3833.60000", "2005-12-31": "3973.40000"}, "Total Assets": {"2019-12-31": "15642.00000", "2018-12-31": "17722.40000", "2017-12-31": "33135.50000", "2016-12-31": "33837.50000", "2015-12-31": "7259.50000", "2014-12-31": "6564.30000", "2013-12-31": "6069.70000", "2012-12-31": "6222.00000", "2011-12-31": "6160.90000", "2010-12-31": "6405.30000", "2009-12-31": "6423.90000", "2008-12-31": "6792.50000", "2007-12-31": "6682.90000", "2006-12-31": "6310.50000", "2005-12-31": "6446.10000"}, "Total Current Liabilities": {"2019-12-31": "2978.00000", "2018-12-31": "3303.50000", "2017-12-31": "4907.70000", "2016-12-31": "4292.00000", "2015-12-31": "1988.60000", "2014-12-31": "1888.60000", "2013-12-31": "1604.50000", "2012-12-31": "1570.80000", "2011-12-31": "1660.90000", "2010-12-31": "1665.90000", "2009-12-31": "1759.50000", "2008-12-31": "2234.10000", "2007-12-31": "2563.80000", "2006-12-31": "1896.60000", "2005-12-31": "1797.40000"}, "Long Term Debt": {"2019-12-31": "5391.30000", "2018-12-31": "6696.30000", "2017-12-31": "9889.20000", "2016-12-31": "11290.90000", "2015-12-31": "2669.10000", "2014-12-31": "2084.50000", "2013-12-31": "1661.60000", "2012-12-31": "1706.50000", "2011-12-31": "1809.30000", "2010-12-31": "2063.90000", "2009-12-31": "2015.30000", "2008-12-31": "2118.30000", "2007-12-31": "1197.40000", "2006-12-31": "1972.30000", "2005-12-31": "2429.70000"}, "Other Non-Current Liabilities": {"2019-12-31": "1110.40000", "2018-12-31": "1379.40000", "2017-12-31": "1604.60000", "2016-12-31": "1787.40000", "2015-12-31": "548.80000", "2014-12-31": "630.60000", "2013-12-31": "620.30000", "2012-12-31": "944.50000", "2011-12-31": "838.10000", "2010-12-31": "770.00000", "2009-12-31": "866.90000", "2008-12-31": "851.50000", "2007-12-31": "674.40000", "2006-12-31": "551.40000", "2005-12-31": "566.60000"}, "Total Long Term Liabilities": {"2019-12-31": "7668.00000", "2018-12-31": "9165.70000", "2017-12-31": "14046.50000", "2016-12-31": "18161.10000", "2015-12-31": "3444.50000", "2014-12-31": "2820.80000", "2013-12-31": "2390.20000", "2012-12-31": "2651.00000", "2011-12-31": "2647.40000", "2010-12-31": "2833.90000", "2009-12-31": "2882.20000", "2008-12-31": "2969.80000", "2007-12-31": "1871.80000", "2006-12-31": "2523.70000", "2005-12-31": "3005.50000"}, "Total Liabilities": {"2019-12-31": "10646.00000", "2018-12-31": "12469.20000", "2017-12-31": "18954.20000", "2016-12-31": "22453.10000", "2015-12-31": "5433.10000", "2014-12-31": "4709.40000", "2013-12-31": "3994.70000", "2012-12-31": "4221.80000", "2011-12-31": "4308.30000", "2010-12-31": "4499.80000", "2009-12-31": "4641.70000", "2008-12-31": "5203.90000", "2007-12-31": "4435.60000", "2006-12-31": "4420.30000", "2005-12-31": "4802.90000"}, "Common Stock Net": {"2019-12-31": "447.10000", "2018-12-31": "446.10000", "2017-12-31": "508.10000", "2016-12-31": "504.80000", "2015-12-31": "287.50000", "2014-12-31": "288.70000", "2013-12-31": "297.50000", "2012-12-31": "304.70000", "2011-12-31": "305.30000", "2010-12-31": "307.20000", "2009-12-31": "294.00000", "2008-12-31": "293.10000", "2007-12-31": "292.60000", "2006-12-31": "291.00000", "2005-12-31": "290.20000"}, "Retained Earnings (Accumulated Deficit)": {"2019-12-31": "-2404.20000", "2018-12-31": "-2511.30000", "2017-12-31": "4611.20000", "2016-12-31": "2289.90000", "2015-12-31": "2090.90000", "2014-12-31": "2111.20000", "2013-12-31": "2242.10000", "2012-12-31": "2294.90000", "2011-12-31": "2097.30000", "2010-12-31": "2057.30000", "2009-12-31": "1820.70000", "2008-12-31": "1606.60000", "2007-12-31": "1922.70000", "2006-12-31": "1690.40000", "2005-12-31": "1538.30000"}, "Comprehensive Income": {"2019-12-31": "-919.90000", "2018-12-31": "-912.80000", "2017-12-31": "-763.10000", "2016-12-31": "-1044.80000", "2015-12-31": "-833.80000", "2014-12-31": "-794.40000", "2013-12-31": "-645.20000", "2012-12-31": "-789.00000", "2011-12-31": "-707.00000", "2010-12-31": "-605.00000", "2009-12-31": "-585.20000", "2008-12-31": "-502.40000", "2007-12-31": "-123.20000", "2006-12-31": "-184.60000", "2005-12-31": "-226.70000"}, "Other Share Holders Equity": {"2019-12-31": "", "2018-12-31": "", "2017-12-31": "", "2016-12-31": "", "2015-12-31": "", "2014-12-31": "0.00000", "2013-12-31": "0.00000", "2012-12-31": "0.00000", "2011-12-31": "0.00000", "2010-12-31": "0.00000", "2009-12-31": "0.00000", "2008-12-31": "0.00000", "2007-12-31": "", "2006-12-31": "", "2005-12-31": ""}, "Share Holder Equity": {"2019-12-31": "4996.00000", "2018-12-31": "5253.20000", "2017-12-31": "14181.30000", "2016-12-31": "11384.40000", "2015-12-31": "1826.40000", "2014-12-31": "1854.90000", "2013-12-31": "2075.00000", "2012-12-31": "2000.20000", "2011-12-31": "1852.60000", "2010-12-31": "1905.50000", "2009-12-31": "1782.20000", "2008-12-31": "1588.60000", "2007-12-31": "2247.30000", "2006-12-31": "1890.20000", "2005-12-31": "1643.20000"}, "Total Liabilities And Share Holders Equity": {"2019-12-31": "15642.00000", "2018-12-31": "17722.40000", "2017-12-31": "33135.50000", "2016-12-31": "33837.50000", "2015-12-31": "7259.50000", "2014-12-31": "6564.30000", "2013-12-31": "6069.70000", "2012-12-31": "6222.00000", "2011-12-31": "6160.90000", "2010-12-31": "6405.30000", "2009-12-31": "6423.90000", "2008-12-31": "6792.50000", "2007-12-31": "6682.90000", "2006-12-31": "6310.50000", "2005-12-31": "6446.10000"}}, "balance sheet, quarterly": {"Cash On Hand": {"2020-09-30": "858.00000", "2020-06-30": "619.00000", "2020-03-31": "476.00000", "2019-12-31": "349.00000", "2019-09-30": "465.40000", "2019-06-30": "624.50000", "2019-03-31": "364.10000", "2018-12-31": "495.70000", "2018-09-30": "1443.60000", "2018-06-30": "2279.40000", "2018-03-31": "459.00000", "2017-12-31": "485.70000", "2017-09-30": "792.30000", "2017-06-30": "780.20000", "2017-03-31": "687.50000", "2016-12-31": "587.50000", "2016-09-30": "670.00000", "2016-06-30": "627.30000", "2016-03-31": "8180.90000", "2015-12-31": "274.80000", "2015-09-30": "266.20000", "2015-06-30": "238.70000", "2015-03-31": "215.40000", "2014-12-31": "199.40000", "2014-09-30": "132.60000", "2014-06-30": "142.70000", "2014-03-31": "136.80000", "2013-12-31": "226.30000", "2013-09-30": "197.40000", "2013-06-30": "154.10000", "2013-03-31": "174.20000", "2012-12-31": "183.80000", "2012-09-30": "250.10000", "2012-06-30": "370.80000", "2012-03-31": "190.10000", "2011-12-31": "170.20000", "2011-09-30": "138.90000", "2011-06-30": "143.60000", "2011-03-31": "139.70000", "2010-12-31": "139.60000", "2010-09-30": "153.50000", "2010-06-30": "259.80000", "2010-03-31": "253.00000", "2009-12-31": "278.30000", "2009-09-30": "313.00000", "2009-06-30": "418.10000", "2009-03-31": "755.90000", "2008-12-31": "275.40000", "2008-09-30": "220.60000", "2008-06-30": "211.40000", "2008-03-31": "752.10000", "2007-12-31": "329.20000", "2007-09-30": "169.50000", "2007-06-30": "162.80000", "2007-03-31": "217.80000", "2006-12-31": "201.00000", "2006-09-30": "137.40000", "2006-06-30": "116.30000", "2006-03-31": "176.10000", "2005-12-31": "115.50000", "2005-09-30": "485.50000", "2005-06-30": "212.20000", "2005-03-31": "429.80000"}, "Receivables": {"2020-09-30": "1814.00000", "2020-06-30": "1641.00000", "2020-03-31": "1398.00000", "2019-12-31": "1842.00000", "2019-09-30": "1872.80000", "2019-06-30": "1769.00000", "2019-03-31": "1606.10000", "2018-12-31": "2163.50000", "2018-09-30": "2015.40000", "2018-06-30": "1928.70000", "2018-03-31": "2346.00000", "2017-12-31": "1879.30000", "2017-09-30": "2916.00000", "2017-06-30": "2988.70000", "2017-03-31": "2559.60000", "2016-12-31": "2746.90000", "2016-09-30": "2772.90000", "2016-06-30": "2876.60000", "2016-03-31": "1187.70000", "2015-12-31": "1250.70000", "2015-09-30": "1171.30000", "2015-06-30": "1304.40000", "2015-03-31": "1053.20000", "2014-12-31": "1248.20000", "2014-09-30": "1158.30000", "2014-06-30": "1230.40000", "2014-03-31": "973.10000", "2013-12-31": "1105.10000", "2013-09-30": "1056.90000", "2013-06-30": "1215.30000", "2013-03-31": "1021.30000", "2012-12-31": "1112.40000", "2012-09-30": "1074.30000", "2012-06-30": "1105.70000", "2012-03-31": "942.20000", "2011-12-31": "1002.00000", "2011-09-30": "985.90000", "2011-06-30": "1139.90000", "2011-03-31": "967.20000", "2010-12-31": "997.90000", "2010-09-30": "1004.90000", "2010-06-30": "1037.60000", "2010-03-31": "915.80000", "2009-12-31": "894.10000", "2009-09-30": "943.70000", "2009-06-30": "1096.20000", "2009-03-31": "874.70000", "2008-12-31": "969.30000", "2008-09-30": "1144.80000", "2008-06-30": "1312.70000", "2008-03-31": "1029.60000", "2007-12-31": "1166.40000", "2007-09-30": "1127.10000", "2007-06-30": "1215.30000", "2007-03-31": "979.30000", "2006-12-31": "1113.60000", "2006-09-30": "1079.50000", "2006-06-30": "1157.50000", "2006-03-31": "1043.40000", "2005-12-31": "1107.70000", "2005-09-30": "1082.10000", "2005-06-30": "1204.50000", "2005-03-31": "1037.40000"}, "Inventory": {"2020-09-30": "1718.00000", "2020-06-30": "1714.00000", "2020-03-31": "1700.00000", "2019-12-31": "1606.00000", "2019-09-30": "1877.20000", "2019-06-30": "1845.20000", "2019-03-31": "1799.00000", "2018-12-31": "1760.70000", "2018-09-30": "1857.50000", "2018-06-30": "1860.30000", "2018-03-31": "2584.90000", "2017-12-31": "1662.40000", "2017-09-30": "2861.50000", "2017-06-30": "2649.50000", "2017-03-31": "2476.60000", "2016-12-31": "2116.00000", "2016-09-30": "2434.10000", "2016-06-30": "2908.70000", "2016-03-31": "871.50000", "2015-12-31": "721.80000", "2015-09-30": "898.80000", "2015-06-30": "935.60000", "2015-03-31": "852.30000", "2014-12-31": "708.50000", "2014-09-30": "789.40000", "2014-06-30": "811.80000", "2014-03-31": "801.30000", "2013-12-31": "684.40000", "2013-09-30": "822.60000", "2013-06-30": "884.70000", "2013-03-31": "815.00000", "2012-12-31": "696.40000", "2012-09-30": "822.80000", "2012-06-30": "860.00000", "2012-03-31": "858.90000", "2011-12-31": "699.90000", "2011-09-30": "873.20000", "2011-06-30": "933.20000", "2011-03-31": "844.70000", "2010-12-31": "701.60000", "2010-09-30": "831.20000", "2010-06-30": "802.40000", "2010-03-31": "728.60000", "2009-12-31": "688.20000", "2009-09-30": "783.50000", "2009-06-30": "848.40000", "2009-03-31": "927.50000", "2008-12-31": "912.10000", "2008-09-30": "1060.70000", "2008-06-30": "1141.30000", "2008-03-31": "1091.70000", "2007-12-31": "940.40000", "2007-09-30": "1000.10000", "2007-06-30": "973.50000", "2007-03-31": "934.40000", "2006-12-31": "850.60000", "2006-09-30": "946.00000", "2006-06-30": "967.80000", "2006-03-31": "997.60000", "2005-12-31": "793.80000", "2005-09-30": "1010.60000", "2005-06-30": "1023.70000", "2005-03-31": "1057.00000"}, "Pre-Paid Expenses": {"2020-09-30": "314.00000", "2020-06-30": "312.00000", "2020-03-31": "343.00000", "2019-12-31": "313.00000", "2019-09-30": "286.30000", "2019-06-30": "277.30000", "2019-03-31": "290.80000", "2018-12-31": "294.80000", "2018-09-30": "279.60000", "2018-06-30": "310.70000", "2018-03-31": "427.30000", "2017-12-31": "327.90000", "2017-09-30": "375.50000", "2017-06-30": "353.30000", "2017-03-31": "298.40000", "2016-12-31": "288.40000", "2016-09-30": "291.70000", "2016-06-30": "406.60000", "2016-03-31": "146.00000", "2015-12-31": "147.80000", "2015-09-30": "116.50000", "2015-06-30": "144.90000", "2015-03-31": "179.20000", "2014-12-31": "136.10000", "2014-09-30": "152.30000", "2014-06-30": "138.20000", "2014-03-31": "198.80000", "2013-12-31": "135.40000", "2013-09-30": "154.40000", "2013-06-30": "190.20000", "2013-03-31": "190.70000", "2012-12-31": "142.70000", "2012-09-30": "161.30000", "2012-06-30": "161.40000", "2012-03-31": "144.40000", "2011-12-31": "145.20000", "2011-09-30": "126.40000", "2011-06-30": "147.70000", "2011-03-31": "171.20000", "2010-12-31": "113.70000", "2010-09-30": "127.60000", "2010-06-30": "105.30000", "2010-03-31": "151.50000", "2009-12-31": "137.70000", "2009-09-30": "93.50000", "2009-06-30": "110.50000", "2009-03-31": "142.20000", "2008-12-31": "136.60000", "2008-09-30": "122.30000", "2008-06-30": "137.10000", "2008-03-31": "127.60000", "2007-12-31": "113.70000", "2007-09-30": "169.10000", "2007-06-30": "138.90000", "2007-03-31": "127.10000", "2006-12-31": "133.50000", "2006-09-30": "136.20000", "2006-06-30": "96.60000", "2006-03-31": "130.20000", "2005-12-31": "103.20000", "2005-09-30": "107.20000", "2005-06-30": "113.60000", "2005-03-31": "123.30000"}, "Other Current Assets": {"2020-09-30": "", "2020-06-30": "", "2020-03-31": "", "2019-12-31": "", "2019-09-30": "966.70000", "2019-06-30": "2545.70000", "2019-03-31": "3456.10000", "2018-12-31": "1243.80000", "2018-09-30": "6612.40000", "2018-06-30": "7368.30000", "2018-03-31": "2654.10000", "2017-12-31": "6370.40000", "2017-09-30": "4.00000", "2017-06-30": "359.20000", "2017-03-31": "466.60000", "2016-12-31": "1745.70000", "2016-09-30": "1711.80000", "2016-06-30": "", "2016-03-31": "102.80000", "2015-12-31": "98.40000", "2015-09-30": "", "2015-06-30": "", "2015-03-31": "", "2014-12-31": "", "2014-09-30": "", "2014-06-30": "", "2014-03-31": "", "2013-12-31": "", "2013-09-30": "", "2013-06-30": "", "2013-03-31": "", "2012-12-31": "", "2012-09-30": "", "2012-06-30": "", "2012-03-31": "", "2011-12-31": "", "2011-09-30": "", "2011-06-30": "", "2011-03-31": "", "2010-12-31": "", "2010-09-30": "", "2010-06-30": "", "2010-03-31": "", "2009-12-31": "", "2009-09-30": "", "2009-06-30": "", "2009-03-31": "", "2008-12-31": "", "2008-09-30": "", "2008-06-30": "", "2008-03-31": "", "2007-12-31": "", "2007-09-30": "", "2007-06-30": "", "2007-03-31": "", "2006-12-31": "", "2006-09-30": "", "2006-06-30": "", "2006-03-31": "", "2005-12-31": "", "2005-09-30": "", "2005-06-30": "", "2005-03-31": ""}, "Total Current Assets": {"2020-09-30": "4704.00000", "2020-06-30": "4286.00000", "2020-03-31": "3917.00000", "2019-12-31": "4110.00000", "2019-09-30": "5468.40000", "2019-06-30": "7061.70000", "2019-03-31": "7516.10000", "2018-12-31": "5958.50000", "2018-09-30": "12208.50000", "2018-06-30": "13747.40000", "2018-03-31": "8471.30000", "2017-12-31": "10725.70000", "2017-09-30": "6949.30000", "2017-06-30": "7130.90000", "2017-03-31": "6488.70000", "2016-12-31": "7484.50000", "2016-09-30": "7880.50000", "2016-06-30": "6819.20000", "2016-03-31": "10488.90000", "2015-12-31": "2493.50000", "2015-09-30": "2586.40000", "2015-06-30": "2753.00000", "2015-03-31": "2423.00000", "2014-12-31": "2292.20000", "2014-09-30": "2377.40000", "2014-06-30": "2458.60000", "2014-03-31": "2231.30000", "2013-12-31": "2285.60000", "2013-09-30": "2384.20000", "2013-06-30": "2600.20000", "2013-03-31": "2356.60000", "2012-12-31": "2271.10000", "2012-09-30": "2424.30000", "2012-06-30": "2658.70000", "2012-03-31": "2292.00000", "2011-12-31": "2148.00000", "2011-09-30": "2288.90000", "2011-06-30": "2532.20000", "2011-03-31": "2304.20000", "2010-12-31": "2132.00000", "2010-09-30": "2325.50000", "2010-06-30": "2400.80000", "2010-03-31": "2236.80000", "2009-12-31": "2182.10000", "2009-09-30": "2262.40000", "2009-06-30": "2602.80000", "2009-03-31": "2808.10000", "2008-12-31": "2393.80000", "2008-09-30": "2678.00000", "2008-06-30": "2912.10000", "2008-03-31": "3103.10000", "2007-12-31": "2651.70000", "2007-09-30": "2570.00000", "2007-06-30": "2587.00000", "2007-03-31": "2354.90000", "2006-12-31": "2476.90000", "2006-09-30": "2704.20000", "2006-06-30": "2679.40000", "2006-03-31": "2452.40000", "2005-12-31": "2472.70000", "2005-09-30": "2763.10000", "2005-06-30": "2639.10000", "2005-03-31": "2786.50000"}, "Property, Plant, And Equipment": {"2020-09-30": "1115.00000", "2020-06-30": "1118.00000", "2020-03-31": "1123.00000", "2019-12-31": "1155.00000", "2019-09-30": "1057.10000", "2019-06-30": "923.10000", "2019-03-31": "930.70000", "2018-12-31": "1226.10000", "2018-09-30": "916.90000", "2018-06-30": "929.00000", "2018-03-31": "1564.70000", "2017-12-31": "972.40000", "2017-09-30": "1675.20000", "2017-06-30": "1653.20000", "2017-03-31": "1563.90000", "2016-12-31": "1543.40000", "2016-09-30": "1513.70000", "2016-06-30": "1709.10000", "2016-03-31": "624.50000", "2015-12-31": "599.20000", "2015-09-30": "594.10000", "2015-06-30": "572.00000", "2015-03-31": "563.30000", "2014-12-31": "559.10000", "2014-09-30": "525.30000", "2014-06-30": "543.00000", "2014-03-31": "541.30000", "2013-12-31": "539.60000", "2013-09-30": "523.10000", "2013-06-30": "533.40000", "2013-03-31": "549.50000", "2012-12-31": "560.20000", "2012-09-30": "549.60000", "2012-06-30": "551.70000", "2012-03-31": "561.60000", "2011-12-31": "551.40000", "2011-09-30": "537.30000", "2011-06-30": "544.60000", "2011-03-31": "535.20000", "2010-12-31": "529.30000", "2010-09-30": "533.40000", "2010-06-30": "536.30000", "2010-03-31": "550.20000", "2009-12-31": "578.10000", "2009-09-30": "596.90000", "2009-06-30": "603.10000", "2009-03-31": "606.90000", "2008-12-31": "630.70000", "2008-09-30": "656.00000", "2008-06-30": "675.30000", "2008-03-31": "690.30000", "2007-12-31": "688.60000", "2007-09-30": "697.40000", "2007-06-30": "707.30000", "2007-03-31": "735.60000", "2006-12-31": "746.90000", "2006-09-30": "763.60000", "2006-06-30": "832.40000", "2006-03-31": "929.10000", "2005-12-31": "854.00000", "2005-09-30": "1005.70000", "2005-06-30": "1113.30000", "2005-03-31": "1211.00000"}, "Long-Term Investments": {"2020-09-30": "", "2020-06-30": "", "2020-03-31": "", "2019-12-31": "", "2019-09-30": "", "2019-06-30": "", "2019-03-31": "", "2018-12-31": "", "2018-09-30": "", "2018-06-30": "", "2018-03-31": "", "2017-12-31": "", "2017-09-30": "", "2017-06-30": "", "2017-03-31": "", "2016-12-31": "", "2016-09-30": "", "2016-06-30": "", "2016-03-31": "", "2015-12-31": "", "2015-09-30": "", "2015-06-30": "", "2015-03-31": "", "2014-12-31": "", "2014-09-30": "", "2014-06-30": "", "2014-03-31": "", "2013-12-31": "", "2013-09-30": "", "2013-06-30": "", "2013-03-31": "", "2012-12-31": "", "2012-09-30": "", "2012-06-30": "", "2012-03-31": "", "2011-12-31": "", "2011-09-30": "", "2011-06-30": "", "2011-03-31": "", "2010-12-31": "", "2010-09-30": "", "2010-06-30": "", "2010-03-31": "", "2009-12-31": "", "2009-09-30": "", "2009-06-30": "", "2009-03-31": "", "2008-12-31": "", "2008-09-30": "", "2008-06-30": "", "2008-03-31": "", "2007-12-31": "", "2007-09-30": "", "2007-06-30": "", "2007-03-31": "", "2006-12-31": "", "2006-09-30": "", "2006-06-30": "", "2006-03-31": "", "2005-12-31": "", "2005-09-30": "", "2005-06-30": "", "2005-03-31": ""}, "Goodwill And Intangible Assets": {"2020-09-30": "7090.00000", "2020-06-30": "7057.00000", "2020-03-31": "7050.00000", "2019-12-31": "8625.00000", "2019-09-30": "8289.30000", "2019-06-30": "8462.30000", "2019-03-31": "8494.70000", "2018-12-31": "10024.50000", "2018-09-30": "8745.00000", "2018-06-30": "16931.10000", "2018-03-31": "22815.30000", "2017-12-31": "17072.60000", "2017-09-30": "24834.10000", "2017-06-30": "24728.50000", "2017-03-31": "24331.10000", "2016-12-31": "24330.70000", "2016-09-30": "24568.60000", "2016-06-30": "24934.20000", "2016-03-31": "3887.50000", "2015-12-31": "3854.90000", "2015-09-30": "3355.60000", "2015-06-30": "3362.50000", "2015-03-31": "3351.80000", "2014-12-31": "3433.20000", "2014-09-30": "3173.10000", "2014-06-30": "2955.00000", "2014-03-31": "2968.50000", "2013-12-31": "2975.60000", "2013-09-30": "2970.60000", "2013-06-30": "2984.40000", "2013-03-31": "2983.00000", "2012-12-31": "3024.30000", "2012-09-30": "3017.10000", "2012-06-30": "3018.10000", "2012-03-31": "3059.90000", "2011-12-31": "3032.10000", "2011-09-30": "3022.40000", "2011-06-30": "3468.80000", "2011-03-31": "3454.40000", "2010-12-31": "3397.80000", "2010-09-30": "3398.40000", "2010-06-30": "3338.30000", "2010-03-31": "3372.90000", "2009-12-31": "3400.50000", "2009-09-30": "3407.10000", "2009-06-30": "3367.60000", "2009-03-31": "3309.90000", "2008-12-31": "3339.40000", "2008-09-30": "3691.60000", "2008-06-30": "3744.10000", "2008-03-31": "3173.50000", "2007-12-31": "3110.50000", "2007-09-30": "3085.20000", "2007-06-30": "2980.30000", "2007-03-31": "2913.80000", "2006-12-31": "2894.50000", "2006-09-30": "2850.00000", "2006-06-30": "2835.70000", "2006-03-31": "2797.90000", "2005-12-31": "2706.10000", "2005-09-30": "2081.20000", "2005-06-30": "2109.30000", "2005-03-31": "2130.20000"}, "Other Long-Term Assets": {"2020-09-30": "386.00000", "2020-06-30": "383.00000", "2020-03-31": "379.00000", "2019-12-31": "361.00000", "2019-09-30": "333.30000", "2019-06-30": "339.10000", "2019-03-31": "329.30000", "2018-12-31": "330.00000", "2018-09-30": "321.60000", "2018-06-30": "367.80000", "2018-03-31": "393.20000", "2017-12-31": "4220.00000", "2017-09-30": "394.00000", "2017-06-30": "398.10000", "2017-03-31": "860.20000", "2016-12-31": "383.60000", "2016-09-30": "452.70000", "2016-06-30": "427.90000", "2016-03-31": "293.40000", "2015-12-31": "273.40000", "2015-09-30": "257.80000", "2015-06-30": "271.30000", "2015-03-31": "266.50000", "2014-12-31": "240.70000", "2014-09-30": "273.40000", "2014-06-30": "261.50000", "2014-03-31": "252.80000", "2013-12-31": "268.90000", "2013-09-30": "275.00000", "2013-06-30": "284.90000", "2013-03-31": "308.10000", "2012-12-31": "281.20000", "2012-09-30": "372.30000", "2012-06-30": "362.30000", "2012-03-31": "375.30000", "2011-12-31": "309.20000", "2011-09-30": "363.20000", "2011-06-30": "346.90000", "2011-03-31": "343.40000", "2010-12-31": "307.60000", "2010-09-30": "312.90000", "2010-06-30": "289.10000", "2010-03-31": "256.20000", "2009-12-31": "263.20000", "2009-09-30": "336.40000", "2009-06-30": "326.80000", "2009-03-31": "326.50000", "2008-12-31": "428.60000", "2008-09-30": "232.70000", "2008-06-30": "232.10000", "2008-03-31": "214.30000", "2007-12-31": "202.70000", "2007-09-30": "238.40000", "2007-06-30": "229.00000", "2007-03-31": "232.50000", "2006-12-31": "190.90000", "2006-09-30": "195.30000", "2006-06-30": "188.20000", "2006-03-31": "190.10000", "2005-12-31": "185.20000", "2005-09-30": "232.70000", "2005-06-30": "202.10000", "2005-03-31": "191.10000"}, "Total Long-Term Assets": {"2020-09-30": "10016.00000", "2020-06-30": "9971.00000", "2020-03-31": "9986.00000", "2019-12-31": "11532.00000", "2019-09-30": "10541.80000", "2019-06-30": "10604.60000", "2019-03-31": "10590.00000", "2018-12-31": "11763.90000", "2018-09-30": "10189.60000", "2018-06-30": "18443.80000", "2018-03-31": "24998.10000", "2017-12-31": "22409.80000", "2017-09-30": "26938.70000", "2017-06-30": "26819.10000", "2017-03-31": "26846.60000", "2016-12-31": "26353.00000", "2016-09-30": "26535.00000", "2016-06-30": "27136.10000", "2016-03-31": "4843.90000", "2015-12-31": "4766.00000", "2015-09-30": "4207.50000", "2015-06-30": "4205.80000", "2015-03-31": "4181.60000", "2014-12-31": "4272.10000", "2014-09-30": "3971.80000", "2014-06-30": "3759.50000", "2014-03-31": "3762.60000", "2013-12-31": "3784.10000", "2013-09-30": "3768.70000", "2013-06-30": "3802.70000", "2013-03-31": "3840.60000", "2012-12-31": "3950.90000", "2012-09-30": "3939.00000", "2012-06-30": "3932.10000", "2012-03-31": "3996.80000", "2011-12-31": "4012.90000", "2011-09-30": "3922.90000", "2011-06-30": "4360.30000", "2011-03-31": "4333.00000", "2010-12-31": "4273.30000", "2010-09-30": "4244.70000", "2010-06-30": "4163.70000", "2010-03-31": "4179.30000", "2009-12-31": "4241.80000", "2009-09-30": "4360.90000", "2009-06-30": "4313.40000", "2009-03-31": "4329.30000", "2008-12-31": "4398.70000", "2008-09-30": "4580.30000", "2008-06-30": "4651.50000", "2008-03-31": "4102.70000", "2007-12-31": "4031.20000", "2007-09-30": "4021.00000", "2007-06-30": "3916.60000", "2007-03-31": "3881.90000", "2006-12-31": "3833.60000", "2006-09-30": "3808.90000", "2006-06-30": "3856.30000", "2006-03-31": "3917.10000", "2005-12-31": "3973.40000", "2005-09-30": "3363.90000", "2005-06-30": "3444.40000", "2005-03-31": "3545.40000"}, "Total Assets": {"2020-09-30": "14720.00000", "2020-06-30": "14257.00000", "2020-03-31": "13903.00000", "2019-12-31": "15642.00000", "2019-09-30": "16010.20000", "2019-06-30": "17666.30000", "2019-03-31": "18106.10000", "2018-12-31": "17722.40000", "2018-09-30": "22398.10000", "2018-06-30": "32191.20000", "2018-03-31": "33469.40000", "2017-12-31": "33135.50000", "2017-09-30": "33888.00000", "2017-06-30": "33950.00000", "2017-03-31": "33335.30000", "2016-12-31": "33837.50000", "2016-09-30": "34415.50000", "2016-06-30": "33955.30000", "2016-03-31": "15332.80000", "2015-12-31": "7259.50000", "2015-09-30": "6793.90000", "2015-06-30": "6958.80000", "2015-03-31": "6604.60000", "2014-12-31": "6564.30000", "2014-09-30": "6349.20000", "2014-06-30": "6218.10000", "2014-03-31": "5993.90000", "2013-12-31": "6069.70000", "2013-09-30": "6152.90000", "2013-06-30": "6402.90000", "2013-03-31": "6197.20000", "2012-12-31": "6222.00000", "2012-09-30": "6363.30000", "2012-06-30": "6590.80000", "2012-03-31": "6288.80000", "2011-12-31": "6160.90000", "2011-09-30": "6211.80000", "2011-06-30": "6892.50000", "2011-03-31": "6637.20000", "2010-12-31": "6405.30000", "2010-09-30": "6570.20000", "2010-06-30": "6564.50000", "2010-03-31": "6416.10000", "2009-12-31": "6423.90000", "2009-09-30": "6623.30000", "2009-06-30": "6916.20000", "2009-03-31": "7137.40000", "2008-12-31": "6792.50000", "2008-09-30": "7258.30000", "2008-06-30": "7563.60000", "2008-03-31": "7205.80000", "2007-12-31": "6682.90000", "2007-09-30": "6591.00000", "2007-06-30": "6503.60000", "2007-03-31": "6236.80000", "2006-12-31": "6310.50000", "2006-09-30": "6513.10000", "2006-06-30": "6535.70000", "2006-03-31": "6369.50000", "2005-12-31": "6446.10000", "2005-09-30": "6127.00000", "2005-06-30": "6083.50000", "2005-03-31": "6331.90000"}, "Total Current Liabilities": {"2020-09-30": "3108.00000", "2020-06-30": "2917.00000", "2020-03-31": "2951.00000", "2019-12-31": "2978.00000", "2019-09-30": "3684.20000", "2019-06-30": "3135.80000", "2019-03-31": "3551.60000", "2018-12-31": "3303.50000", "2018-09-30": "4096.70000", "2018-06-30": "4342.90000", "2018-03-31": "4917.90000", "2017-12-31": "4907.70000", "2017-09-30": "4774.20000", "2017-06-30": "4791.30000", "2017-03-31": "4318.20000", "2016-12-31": "4292.00000", "2016-09-30": "4066.50000", "2016-06-30": "4185.00000", "2016-03-31": "2194.90000", "2015-12-31": "1988.60000", "2015-09-30": "2141.20000", "2015-06-30": "2306.50000", "2015-03-31": "2044.20000", "2014-12-31": "1888.60000", "2014-09-30": "2188.70000", "2014-06-30": "1986.40000", "2014-03-31": "1552.80000", "2013-12-31": "1604.50000", "2013-09-30": "1442.80000", "2013-06-30": "1841.40000", "2013-03-31": "1674.60000", "2012-12-31": "1570.80000", "2012-09-30": "2146.20000", "2012-06-30": "2448.30000", "2012-03-31": "1727.90000", "2011-12-31": "1660.90000", "2011-09-30": "1775.70000", "2011-06-30": "2123.00000", "2011-03-31": "2005.00000", "2010-12-31": "1665.90000", "2010-09-30": "1884.30000", "2010-06-30": "1764.20000", "2010-03-31": "1704.10000", "2009-12-31": "1759.50000", "2009-09-30": "1931.40000", "2009-06-30": "1866.00000", "2009-03-31": "2000.20000", "2008-12-31": "2234.10000", "2008-09-30": "2123.90000", "2008-06-30": "2693.20000", "2008-03-31": "2302.80000", "2007-12-31": "2563.80000", "2007-09-30": "2299.30000", "2007-06-30": "1448.90000", "2007-03-31": "1295.80000", "2006-12-31": "1896.60000", "2006-09-30": "2047.50000", "2006-06-30": "1950.20000", "2006-03-31": "1776.30000", "2005-12-31": "1797.40000", "2005-09-30": "1492.90000", "2005-06-30": "1455.10000", "2005-03-31": "1631.10000"}, "Long Term Debt": {"2020-09-30": "5794.00000", "2020-06-30": "5781.00000", "2020-03-31": "5375.00000", "2019-12-31": "5391.00000", "2019-09-30": "5691.70000", "2019-06-30": "6707.80000", "2019-03-31": "6694.60000", "2018-12-31": "6696.30000", "2018-09-30": "9296.80000", "2018-06-30": "9300.70000", "2018-03-31": "9623.50000", "2017-12-31": "9889.20000", "2017-09-30": "10184.40000", "2017-06-30": "10172.80000", "2017-03-31": "10332.10000", "2016-12-31": "11290.90000", "2016-09-30": "12043.30000", "2016-06-30": "12044.80000", "2016-03-31": "10606.60000", "2015-12-31": "2669.10000", "2015-09-30": "2097.00000", "2015-06-30": "2080.90000", "2015-03-31": "2094.10000", "2014-12-31": "2084.50000", "2014-09-30": "1418.70000", "2014-06-30": "1424.20000", "2014-03-31": "1666.70000", "2013-12-31": "1661.60000", "2013-09-30": "1671.10000", "2013-06-30": "1669.00000", "2013-03-31": "1699.60000", "2012-12-31": "1706.50000", "2012-09-30": "1366.10000", "2012-06-30": "1372.40000", "2012-03-31": "1803.40000", "2011-12-31": "1809.30000", "2011-09-30": "1811.30000", "2011-06-30": "1805.50000", "2011-03-31": "1796.30000", "2010-12-31": "2063.90000", "2010-09-30": "2096.50000", "2010-06-30": "2049.30000", "2010-03-31": "2013.40000", "2009-12-31": "2015.30000", "2009-09-30": "2032.60000", "2009-06-30": "2393.50000", "2009-03-31": "2679.00000", "2008-12-31": "2118.30000", "2008-09-30": "2296.70000", "2008-06-30": "1959.80000", "2008-03-31": "1946.90000", "2007-12-31": "1197.40000", "2007-09-30": "1331.80000", "2007-06-30": "2232.20000", "2007-03-31": "2320.80000", "2006-12-31": "1972.30000", "2006-09-30": "2028.80000", "2006-06-30": "2245.60000", "2006-03-31": "2325.90000", "2005-12-31": "2429.70000", "2005-09-30": "2377.40000", "2005-06-30": "2380.60000", "2005-03-31": "2383.80000"}, "Other Non-Current Liabilities": {"2020-09-30": "1120.00000", "2020-06-30": "1078.00000", "2020-03-31": "1097.00000", "2019-12-31": "1111.00000", "2019-09-30": "1151.30000", "2019-06-30": "1220.50000", "2019-03-31": "1328.50000", "2018-12-31": "1379.40000", "2018-09-30": "1414.70000", "2018-06-30": "1458.50000", "2018-03-31": "1479.60000", "2017-12-31": "1604.60000", "2017-09-30": "1270.90000", "2017-06-30": "1777.40000", "2017-03-31": "1771.40000", "2016-12-31": "1787.40000", "2016-09-30": "1793.60000", "2016-06-30": "1823.00000", "2016-03-31": "548.70000", "2015-12-31": "548.80000", "2015-09-30": "511.40000", "2015-06-30": "553.00000", "2015-03-31": "536.20000", "2014-12-31": "630.60000", "2014-09-30": "712.80000", "2014-06-30": "703.90000", "2014-03-31": "700.90000", "2013-12-31": "620.30000", "2013-09-30": "845.90000", "2013-06-30": "852.00000", "2013-03-31": "834.40000", "2012-12-31": "944.50000", "2012-09-30": "784.20000", "2012-06-30": "795.40000", "2012-03-31": "806.70000", "2011-12-31": "838.10000", "2011-09-30": "726.00000", "2011-06-30": "779.30000", "2011-03-31": "797.20000", "2010-12-31": "770.00000", "2010-09-30": "696.90000", "2010-06-30": "826.40000", "2010-03-31": "864.80000", "2009-12-31": "866.90000", "2009-09-30": "817.90000", "2009-06-30": "873.90000", "2009-03-31": "840.70000", "2008-12-31": "851.50000", "2008-09-30": "566.90000", "2008-06-30": "605.80000", "2008-03-31": "706.20000", "2007-12-31": "674.40000", "2007-09-30": "796.30000", "2007-06-30": "797.20000", "2007-03-31": "726.90000", "2006-12-31": "551.40000", "2006-09-30": "582.90000", "2006-06-30": "579.90000", "2006-03-31": "609.20000", "2005-12-31": "566.60000", "2005-09-30": "537.60000", "2005-06-30": "542.80000", "2005-03-31": "583.50000"}, "Total Long Term Liabilities": {"2020-09-30": "7862.00000", "2020-06-30": "7824.00000", "2020-03-31": "7473.00000", "2019-12-31": "7668.00000", "2019-09-30": "8157.50000", "2019-06-30": "9525.89900", "2019-03-31": "9571.40000", "2018-12-31": "9165.70000", "2018-09-30": "12275.20000", "2018-06-30": "13857.10000", "2018-03-31": "14384.20000", "2017-12-31": "14046.50000", "2017-09-30": "16343.80000", "2017-06-30": "16880.50000", "2017-03-31": "16987.30000", "2016-12-31": "18161.10000", "2016-09-30": "18886.70000", "2016-06-30": "18427.20000", "2016-03-31": "11359.20000", "2015-12-31": "3444.50000", "2015-09-30": "2864.40000", "2015-06-30": "2869.20000", "2015-03-31": "2861.40000", "2014-12-31": "2820.80000", "2014-09-30": "2131.50000", "2014-06-30": "2128.10000", "2014-03-31": "2367.60000", "2013-12-31": "2390.20000", "2013-09-30": "2517.00000", "2013-06-30": "2521.00000", "2013-03-31": "2534.00000", "2012-12-31": "2651.00000", "2012-09-30": "2150.30000", "2012-06-30": "2167.80000", "2012-03-31": "2610.10000", "2011-12-31": "2647.40000", "2011-09-30": "2537.30000", "2011-06-30": "2584.80000", "2011-03-31": "2593.50000", "2010-12-31": "2833.90000", "2010-09-30": "2813.00000", "2010-06-30": "2901.40000", "2010-03-31": "2896.40000", "2009-12-31": "2882.20000", "2009-09-30": "2850.50000", "2009-06-30": "3267.40000", "2009-03-31": "3519.70000", "2008-12-31": "2969.80000", "2008-09-30": "2902.30000", "2008-06-30": "2567.00000", "2008-03-31": "2653.10000", "2007-12-31": "1871.80000", "2007-09-30": "2128.10000", "2007-06-30": "3029.40000", "2007-03-31": "3047.70000", "2006-12-31": "2523.70000", "2006-09-30": "2643.50000", "2006-06-30": "2857.60000", "2006-03-31": "2935.10000", "2005-12-31": "3005.50000", "2005-09-30": "2915.00000", "2005-06-30": "2923.40000", "2005-03-31": "2967.60000"}, "Total Liabilities": {"2020-09-30": "10970.00000", "2020-06-30": "10741.00000", "2020-03-31": "10424.00000", "2019-12-31": "10646.00000", "2019-09-30": "11841.70000", "2019-06-30": "12661.70000", "2019-03-31": "13123.00000", "2018-12-31": "12469.20000", "2018-09-30": "16371.90000", "2018-06-30": "18200.00000", "2018-03-31": "19302.10000", "2017-12-31": "18954.20000", "2017-09-30": "21118.00000", "2017-06-30": "21671.80000", "2017-03-31": "21305.50000", "2016-12-31": "22453.10000", "2016-09-30": "22953.20000", "2016-06-30": "22612.20000", "2016-03-31": "13554.10000", "2015-12-31": "5433.10000", "2015-09-30": "5005.60000", "2015-06-30": "5175.70000", "2015-03-31": "4905.60000", "2014-12-31": "4709.40000", "2014-09-30": "4320.20000", "2014-06-30": "4114.50000", "2014-03-31": "3920.40000", "2013-12-31": "3994.70000", "2013-09-30": "3959.80000", "2013-06-30": "4362.40000", "2013-03-31": "4208.60000", "2012-12-31": "4221.80000", "2012-09-30": "4296.50000", "2012-06-30": "4616.10000", "2012-03-31": "4338.00000", "2011-12-31": "4308.30000", "2011-09-30": "4313.00000", "2011-06-30": "4707.80000", "2011-03-31": "4598.50000", "2010-12-31": "4499.80000", "2010-09-30": "4697.30000", "2010-06-30": "4665.60000", "2010-03-31": "4600.50000", "2009-12-31": "4641.70000", "2009-09-30": "4781.90000", "2009-06-30": "5133.40000", "2009-03-31": "5519.90000", "2008-12-31": "5203.90000", "2008-09-30": "5026.20000", "2008-06-30": "5260.20000", "2008-03-31": "4955.90000", "2007-12-31": "4435.60000", "2007-09-30": "4427.40000", "2007-06-30": "4478.30000", "2007-03-31": "4343.50000", "2006-12-31": "4420.30000", "2006-09-30": "4691.00000", "2006-06-30": "4807.80000", "2006-03-31": "4711.40000", "2005-12-31": "4802.90000", "2005-09-30": "4407.90000", "2005-06-30": "4378.50000", "2005-03-31": "4598.70000"}, "Common Stock Net": {"2020-09-30": "448.00000", "2020-06-30": "448.00000", "2020-03-31": "448.00000", "2019-12-31": "447.00000", "2019-09-30": "446.90000", "2019-06-30": "446.90000", "2019-03-31": "446.50000", "2018-12-31": "446.10000", "2018-09-30": "490.10000", "2018-06-30": "509.30000", "2018-03-31": "508.80000", "2017-12-31": "508.10000", "2017-09-30": "513.00000", "2017-06-30": "506.30000", "2017-03-31": "505.80000", "2016-12-31": "504.80000", "2016-09-30": "503.30000", "2016-06-30": "503.10000", "2016-03-31": "289.10000", "2015-12-31": "287.50000", "2015-09-30": "287.30000", "2015-06-30": "288.00000", "2015-03-31": "288.90000", "2014-12-31": "288.70000", "2014-09-30": "290.60000", "2014-06-30": "293.20000", "2014-03-31": "296.00000", "2013-12-31": "297.50000", "2013-09-30": "306.00000", "2013-06-30": "306.50000", "2013-03-31": "307.00000", "2012-12-31": "304.70000", "2012-09-30": "305.30000", "2012-06-30": "306.50000", "2012-03-31": "307.60000", "2011-12-31": "305.30000", "2011-09-30": "306.40000", "2011-06-30": "308.30000", "2011-03-31": "308.10000", "2010-12-31": "307.20000", "2010-09-30": "306.90000", "2010-06-30": "294.90000", "2010-03-31": "294.70000", "2009-12-31": "294.00000", "2009-09-30": "293.90000", "2009-06-30": "293.90000", "2009-03-31": "293.80000", "2008-12-31": "293.10000", "2008-09-30": "293.10000", "2008-06-30": "293.00000", "2008-03-31": "292.90000", "2007-12-31": "292.60000", "2007-09-30": "292.40000", "2007-06-30": "292.30000", "2007-03-31": "292.10000", "2006-12-31": "291.00000", "2006-09-30": "290.70000", "2006-06-30": "290.40000", "2006-03-31": "290.30000", "2005-12-31": "290.20000", "2005-09-30": "290.20000", "2005-06-30": "290.10000", "2005-03-31": "290.10000"}, "Retained Earnings (Accumulated Deficit)": {"2020-09-30": "-3301.00000", "2020-06-30": "-3605.00000", "2020-03-31": "-3683.00000", "2019-12-31": "-2404.00000", "2019-09-30": "-3198.00000", "2019-06-30": "-2572.20000", "2019-03-31": "-2662.00000", "2018-12-31": "-2511.30000", "2018-09-30": "-2694.80000", "2018-06-30": "4624.50000", "2018-03-31": "4542.50000", "2017-12-31": "4611.20000", "2017-09-30": "3067.70000", "2017-06-30": "2946.70000", "2017-03-31": "2835.50000", "2016-12-31": "2289.90000", "2016-09-30": "2216.10000", "2016-06-30": "2122.30000", "2016-03-31": "2080.60000", "2015-12-31": "2090.90000", "2015-09-30": "2141.70000", "2015-06-30": "2097.70000", "2015-03-31": "2046.90000", "2014-12-31": "2111.20000", "2014-09-30": "2197.20000", "2014-06-30": "2214.90000", "2014-03-31": "2212.80000", "2013-12-31": "2242.10000", "2013-09-30": "2416.20000", "2013-06-30": "2307.60000", "2013-03-31": "2275.90000", "2012-12-31": "2294.90000", "2012-09-30": "2258.60000", "2012-06-30": "2200.90000", "2012-03-31": "2152.70000", "2011-12-31": "2097.30000", "2011-09-30": "2040.50000", "2011-06-30": "2241.50000", "2011-03-31": "2118.10000", "2010-12-31": "2057.30000", "2010-09-30": "1996.20000", "2010-06-30": "1981.50000", "2010-03-31": "1865.20000", "2009-12-31": "1820.70000", "2009-09-30": "1774.20000", "2009-06-30": "1702.60000", "2009-03-31": "1610.90000", "2008-12-31": "1606.60000", "2008-09-30": "1949.90000", "2008-06-30": "1953.50000", "2008-03-31": "1919.60000", "2007-12-31": "1922.70000", "2007-09-30": "1876.10000", "2007-06-30": "1764.50000", "2007-03-31": "1681.00000", "2006-12-31": "1690.40000", "2006-09-30": "1646.50000", "2006-06-30": "1596.20000", "2006-03-31": "1535.00000", "2005-12-31": "1538.30000", "2005-09-30": "1519.20000", "2005-06-30": "1505.70000", "2005-03-31": "1497.20000"}, "Comprehensive Income": {"2020-09-30": "-988.00000", "2020-06-30": "-1006.00000", "2020-03-31": "-1055.00000", "2019-12-31": "-920.00000", "2019-09-30": "-1038.10000", "2019-06-30": "-921.30000", "2019-03-31": "-936.50000", "2018-12-31": "-912.80000", "2018-09-30": "-1037.10000", "2018-06-30": "-990.20000", "2018-03-31": "-711.70000", "2017-12-31": "-763.10000", "2017-09-30": "-771.60000", "2017-06-30": "-825.00000", "2017-03-31": "-948.70000", "2016-12-31": "-1044.80000", "2016-09-30": "-881.00000", "2016-06-30": "-881.20000", "2016-03-31": "-874.20000", "2015-12-31": "-833.80000", "2015-09-30": "-908.70000", "2015-06-30": "-860.20000", "2015-03-31": "-887.60000", "2014-12-31": "-794.40000", "2014-09-30": "-689.10000", "2014-06-30": "-620.70000", "2014-03-31": "-635.70000", "2013-12-31": "-645.20000", "2013-09-30": "-777.50000", "2013-06-30": "-818.60000", "2013-03-31": "-811.00000", "2012-12-31": "-789.00000", "2012-09-30": "-676.10000", "2012-06-30": "-706.30000", "2012-03-31": "-661.30000", "2011-12-31": "-707.00000", "2011-09-30": "-613.20000", "2011-06-30": "-541.00000", "2011-03-31": "-555.20000", "2010-12-31": "-605.00000", "2010-09-30": "-568.70000", "2010-06-30": "-645.10000", "2010-03-31": "-603.90000", "2009-12-31": "-585.20000", "2009-09-30": "-470.00000", "2009-06-30": "-449.90000", "2009-03-31": "-513.30000", "2008-12-31": "-502.40000", "2008-09-30": "-192.60000", "2008-06-30": "-115.00000", "2008-03-31": "-124.00000", "2007-12-31": "-123.20000", "2007-09-30": "-146.10000", "2007-06-30": "-162.60000", "2007-03-31": "-196.70000", "2006-12-31": "-184.60000", "2006-09-30": "-191.80000", "2006-06-30": "-219.80000", "2006-03-31": "-216.70000", "2005-12-31": "-226.70000", "2005-09-30": "-130.10000", "2005-06-30": "-127.50000", "2005-03-31": "-89.20000"}, "Other Share Holders Equity": {"2020-09-30": "", "2020-06-30": "", "2020-03-31": "", "2019-12-31": "", "2019-09-30": "", "2019-06-30": "", "2019-03-31": "", "2018-12-31": "", "2018-09-30": "", "2018-06-30": "", "2018-03-31": "", "2017-12-31": "", "2017-09-30": "", "2017-06-30": "", "2017-03-31": "", "2016-12-31": "", "2016-09-30": "", "2016-06-30": "", "2016-03-31": "", "2015-12-31": "", "2015-09-30": "", "2015-06-30": "", "2015-03-31": "", "2014-12-31": "", "2014-09-30": "", "2014-06-30": "", "2014-03-31": "", "2013-12-31": "", "2013-09-30": "", "2013-06-30": "", "2013-03-31": "", "2012-12-31": "", "2012-09-30": "", "2012-06-30": "", "2012-03-31": "", "2011-12-31": "", "2011-09-30": "", "2011-06-30": "", "2011-03-31": "", "2010-12-31": "", "2010-09-30": "", "2010-06-30": "", "2010-03-31": "", "2009-12-31": "", "2009-09-30": "", "2009-06-30": "", "2009-03-31": "", "2008-12-31": "", "2008-09-30": "", "2008-06-30": "", "2008-03-31": "", "2007-12-31": "", "2007-09-30": "", "2007-06-30": "", "2007-03-31": "", "2006-12-31": "", "2006-09-30": "", "2006-06-30": "", "2006-03-31": "", "2005-12-31": "", "2005-09-30": "", "2005-06-30": "", "2005-03-31": ""}, "Share Holder Equity": {"2020-09-30": "3750.00000", "2020-06-30": "3516.00000", "2020-03-31": "3479.00000", "2019-12-31": "4996.00000", "2019-09-30": "4168.50000", "2019-06-30": "5004.60000", "2019-03-31": "4983.10000", "2018-12-31": "5253.20000", "2018-09-30": "6026.20000", "2018-06-30": "13991.20000", "2018-03-31": "14167.30000", "2017-12-31": "14181.30000", "2017-09-30": "12770.00000", "2017-06-30": "12278.20000", "2017-03-31": "12029.80000", "2016-12-31": "11384.40000", "2016-09-30": "11462.30000", "2016-06-30": "11343.10000", "2016-03-31": "1778.70000", "2015-12-31": "1826.40000", "2015-09-30": "1788.30000", "2015-06-30": "1783.10000", "2015-03-31": "1699.00000", "2014-12-31": "1854.90000", "2014-09-30": "2029.00000", "2014-06-30": "2103.60000", "2014-03-31": "2073.50000", "2013-12-31": "2075.00000", "2013-09-30": "2193.10000", "2013-06-30": "2040.50000", "2013-03-31": "1988.60000", "2012-12-31": "2000.20000", "2012-09-30": "2066.80000", "2012-06-30": "1974.70000", "2012-03-31": "1950.80000", "2011-12-31": "1852.60000", "2011-09-30": "1898.80000", "2011-06-30": "2184.70000", "2011-03-31": "2038.70000", "2010-12-31": "1905.50000", "2010-09-30": "1872.90000", "2010-06-30": "1898.90000", "2010-03-31": "1815.60000", "2009-12-31": "1782.20000", "2009-09-30": "1841.40000", "2009-06-30": "1782.80000", "2009-03-31": "1617.50000", "2008-12-31": "1588.60000", "2008-09-30": "2232.10000", "2008-06-30": "2303.40000", "2008-03-31": "2249.90000", "2007-12-31": "2247.30000", "2007-09-30": "2163.60000", "2007-06-30": "2025.30000", "2007-03-31": "1893.30000", "2006-12-31": "1890.20000", "2006-09-30": "1822.10000", "2006-06-30": "1727.90000", "2006-03-31": "1658.10000", "2005-12-31": "1643.20000", "2005-09-30": "1719.10000", "2005-06-30": "1705.00000", "2005-03-31": "1733.20000"}, "Total Liabilities And Share Holders Equity": {"2020-09-30": "14720.00000", "2020-06-30": "14257.00000", "2020-03-31": "13903.00000", "2019-12-31": "15642.00000", "2019-09-30": "16010.20000", "2019-06-30": "17666.30000", "2019-03-31": "18106.10000", "2018-12-31": "17722.40000", "2018-09-30": "22398.10000", "2018-06-30": "32191.20000", "2018-03-31": "33469.40000", "2017-12-31": "33135.50000", "2017-09-30": "33888.00000", "2017-06-30": "33950.00000", "2017-03-31": "33335.30000", "2016-12-31": "33837.50000", "2016-09-30": "34415.50000", "2016-06-30": "33955.30000", "2016-03-31": "15332.80000", "2015-12-31": "7259.50000", "2015-09-30": "6793.90000", "2015-06-30": "6958.80000", "2015-03-31": "6604.60000", "2014-12-31": "6564.30000", "2014-09-30": "6349.20000", "2014-06-30": "6218.10000", "2014-03-31": "5993.90000", "2013-12-31": "6069.70000", "2013-09-30": "6152.90000", "2013-06-30": "6402.90000", "2013-03-31": "6197.20000", "2012-12-31": "6222.00000", "2012-09-30": "6363.30000", "2012-06-30": "6590.80000", "2012-03-31": "6288.80000", "2011-12-31": "6160.90000", "2011-09-30": "6211.80000", "2011-06-30": "6892.50000", "2011-03-31": "6637.20000", "2010-12-31": "6405.30000", "2010-09-30": "6570.20000", "2010-06-30": "6564.50000", "2010-03-31": "6416.10000", "2009-12-31": "6423.90000", "2009-09-30": "6623.30000", "2009-06-30": "6916.20000", "2009-03-31": "7137.40000", "2008-12-31": "6792.50000", "2008-09-30": "7258.30000", "2008-06-30": "7563.60000", "2008-03-31": "7205.80000", "2007-12-31": "6682.90000", "2007-09-30": "6591.00000", "2007-06-30": "6503.60000", "2007-03-31": "6236.80000", "2006-12-31": "6310.50000", "2006-09-30": "6513.10000", "2006-06-30": "6535.70000", "2006-03-31": "6369.50000", "2005-12-31": "6446.10000", "2005-09-30": "6127.00000", "2005-06-30": "6083.50000", "2005-03-31": "6331.90000"}}, "cash flow statement": {"Net Income/Loss": {"2019-12-31": "106.60000", "2018-12-31": "-6942.50000", "2017-12-31": "2748.80000", "2016-12-31": "527.80000", "2015-12-31": "350.00000", "2014-12-31": "377.80000", "2013-12-31": "474.60000", "2012-12-31": "401.30000", "2011-12-31": "125.20000", "2010-12-31": "292.80000", "2009-12-31": "285.50000", "2008-12-31": "-50.30000", "2007-12-31": "470.20000", "2006-12-31": "385.00000", "2005-12-31": "251.30000"}, "Total Depreciation And Amortization - Cash Flow": {"2019-12-31": "1781.10000", "2018-12-31": "10235.40000", "2017-12-31": "720.60000", "2016-12-31": "437.20000", "2015-12-31": "171.60000", "2014-12-31": "156.10000", "2013-12-31": "158.90000", "2012-12-31": "163.70000", "2011-12-31": "161.60000", "2010-12-31": "172.30000", "2009-12-31": "175.10000", "2008-12-31": "183.30000", "2007-12-31": "177.00000", "2006-12-31": "193.30000", "2005-12-31": "191.60000"}, "Other Non-Cash Items": {"2019-12-31": "-1007.70000", "2018-12-31": "-2344.60000", "2017-12-31": "-2417.20000", "2016-12-31": "31.20000", "2015-12-31": "131.80000", "2014-12-31": "241.90000", "2013-12-31": "74.90000", "2012-12-31": "122.10000", "2011-12-31": "458.20000", "2010-12-31": "277.20000", "2009-12-31": "103.50000", "2008-12-31": "413.40000", "2007-12-31": "30.40000", "2006-12-31": "26.30000", "2005-12-31": "72.10000"}, "Total Non-Cash Items": {"2019-12-31": "773.40000", "2018-12-31": "7890.80100", "2017-12-31": "-1696.60000", "2016-12-31": "468.40000", "2015-12-31": "303.40000", "2014-12-31": "398.00000", "2013-12-31": "233.80000", "2012-12-31": "285.80000", "2011-12-31": "619.80000", "2010-12-31": "449.50000", "2009-12-31": "278.60000", "2008-12-31": "596.70000", "2007-12-31": "207.40000", "2006-12-31": "219.60000", "2005-12-31": "263.70000"}, "Change In Accounts Receivable": {"2019-12-31": "310.80000", "2018-12-31": "161.70000", "2017-12-31": "288.70000", "2016-12-31": "-324.50000", "2015-12-31": "-33.80000", "2014-12-31": "-140.90000", "2013-12-31": "-19.00000", "2012-12-31": "-101.20000", "2011-12-31": "-17.60000", "2010-12-31": "-103.60000", "2009-12-31": "98.00000", "2008-12-31": "168.30000", "2007-12-31": "-7.90000", "2006-12-31": "25.10000", "2005-12-31": "-51.50000"}, "Change In Inventories": {"2019-12-31": "131.40000", "2018-12-31": "125.70000", "2017-12-31": "-350.40000", "2016-12-31": "784.60000", "2015-12-31": "-97.80000", "2014-12-31": "-28.20000", "2013-12-31": "-61.60000", "2012-12-31": "7.70000", "2011-12-31": "-21.50000", "2010-12-31": "-14.50000", "2009-12-31": "243.10000", "2008-12-31": "30.90000", "2007-12-31": "-53.60000", "2006-12-31": "-32.20000", "2005-12-31": "32.30000"}, "Change In Accounts Payable": {"2019-12-31": "-109.20000", "2018-12-31": "-309.30000", "2017-12-31": "211.00000", "2016-12-31": "282.00000", "2015-12-31": "20.30000", "2014-12-31": "87.30000", "2013-12-31": "59.00000", "2012-12-31": "56.30000", "2011-12-31": "3.30000", "2010-12-31": "39.10000", "2009-12-31": "-103.60000", "2008-12-31": "-105.50000", "2007-12-31": "54.00000", "2006-12-31": "-51.00000", "2005-12-31": "27.30000"}, "Change In Assets/Liabilities": {"2019-12-31": "", "2018-12-31": "", "2017-12-31": "", "2016-12-31": "", "2015-12-31": "", "2014-12-31": "", "2013-12-31": "", "2012-12-31": "", "2011-12-31": "", "2010-12-31": "", "2009-12-31": "", "2008-12-31": "", "2007-12-31": "", "2006-12-31": "", "2005-12-31": ""}, "Total Change In Assets/Liabilities": {"2019-12-31": "164.00000", "2018-12-31": "-268.30000", "2017-12-31": "-86.00000", "2016-12-31": "844.20000", "2015-12-31": "-60.50000", "2014-12-31": "-141.70000", "2013-12-31": "-103.20000", "2012-12-31": "-68.60000", "2011-12-31": "-183.70000", "2010-12-31": "-159.70000", "2009-12-31": "38.70000", "2008-12-31": "-91.50000", "2007-12-31": "-22.30000", "2006-12-31": "38.80000", "2005-12-31": "126.60000"}, "Cash Flow From Operating Activities": {"2019-12-31": "1044.00000", "2018-12-31": "680.00000", "2017-12-31": "966.20000", "2016-12-31": "1840.40000", "2015-12-31": "592.90000", "2014-12-31": "634.10000", "2013-12-31": "605.20000", "2012-12-31": "618.50000", "2011-12-31": "561.30000", "2010-12-31": "582.60000", "2009-12-31": "602.80000", "2008-12-31": "454.90000", "2007-12-31": "655.30000", "2006-12-31": "643.40000", "2005-12-31": "641.60000"}, "Net Change In Property, Plant, And Equipment": {"2019-12-31": "-264.90000", "2018-12-31": "-384.40000", "2017-12-31": "-406.20000", "2016-12-31": "-441.40000", "2015-12-31": "-211.40000", "2014-12-31": "-142.90000", "2013-12-31": "51.60000", "2012-12-31": "-177.20000", "2011-12-31": "-178.60000", "2010-12-31": "-147.90000", "2009-12-31": "-135.70000", "2008-12-31": "-148.40000", "2007-12-31": "-159.60000", "2006-12-31": "48.70000", "2005-12-31": "-26.70000"}, "Net Change In Intangible Assets": {"2019-12-31": "", "2018-12-31": "", "2017-12-31": "", "2016-12-31": "", "2015-12-31": "", "2014-12-31": "", "2013-12-31": "", "2012-12-31": "", "2011-12-31": "", "2010-12-31": "", "2009-12-31": "", "2008-12-31": "", "2007-12-31": "", "2006-12-31": "", "2005-12-31": ""}, "Net Acquisitions/Divestitures": {"2019-12-31": "995.70000", "2018-12-31": "5133.30000", "2017-12-31": "1472.60000", "2016-12-31": "-8408.00000", "2015-12-31": "-358.90000", "2014-12-31": "-602.30000", "2013-12-31": "", "2012-12-31": "17.00000", "2011-12-31": "-20.00000", "2010-12-31": "-1.50000", "2009-12-31": "-13.70000", "2008-12-31": "-655.70000", "2007-12-31": "-106.00000", "2006-12-31": "-60.60000", "2005-12-31": "-740.00000"}, "Net Change In Short-term Investments": {"2019-12-31": "", "2018-12-31": "", "2017-12-31": "", "2016-12-31": "", "2015-12-31": "", "2014-12-31": "", "2013-12-31": "", "2012-12-31": "", "2011-12-31": "", "2010-12-31": "", "2009-12-31": "", "2008-12-31": "", "2007-12-31": "", "2006-12-31": "", "2005-12-31": ""}, "Net Change In Long-Term Investments": {"2019-12-31": "", "2018-12-31": "", "2017-12-31": "", "2016-12-31": "", "2015-12-31": "", "2014-12-31": "", "2013-12-31": "", "2012-12-31": "", "2011-12-31": "", "2010-12-31": "", "2009-12-31": "", "2008-12-31": "", "2007-12-31": "", "2006-12-31": "", "2005-12-31": ""}, "Net Change In Investments - Total": {"2019-12-31": "", "2018-12-31": "", "2017-12-31": "", "2016-12-31": "", "2015-12-31": "", "2014-12-31": "", "2013-12-31": "", "2012-12-31": "", "2011-12-31": "", "2010-12-31": "", "2009-12-31": "", "2008-12-31": "", "2007-12-31": "", "2006-12-31": "", "2005-12-31": ""}, "Investing Activities - Other": {"2019-12-31": "4.60000", "2018-12-31": "58.50000", "2017-12-31": "12.10000", "2016-12-31": "24.60000", "2015-12-31": "-79.60000", "2014-12-31": "-6.70000", "2013-12-31": "1.80000", "2012-12-31": "-2.80000", "2011-12-31": "-7.80000", "2010-12-31": "-4.00000", "2009-12-31": "", "2008-12-31": "", "2007-12-31": "", "2006-12-31": "", "2005-12-31": ""}, "Cash Flow From Investing Activities": {"2019-12-31": "735.40000", "2018-12-31": "4807.40000", "2017-12-31": "1078.50000", "2016-12-31": "-8824.80000", "2015-12-31": "-649.90000", "2014-12-31": "-751.90000", "2013-12-31": "53.40000", "2012-12-31": "-163.00000", "2011-12-31": "-206.40000", "2010-12-31": "-153.40000", "2009-12-31": "-149.40000", "2008-12-31": "-804.10000", "2007-12-31": "-265.60000", "2006-12-31": "-11.90000", "2005-12-31": "-766.70000"}, "Net Long-Term Debt": {"2019-12-31": "-1311.00000", "2018-12-31": "-2590.30000", "2017-12-31": "-1546.40000", "2016-12-31": "8314.60000", "2015-12-31": "594.60000", "2014-12-31": "841.80000", "2013-12-31": "", "2012-12-31": "841.90000", "2011-12-31": "3.30000", "2010-12-31": "547.30000", "2009-12-31": "634.80000", "2008-12-31": "1318.00000", "2007-12-31": "420.80000", "2006-12-31": "177.00000", "2005-12-31": "337.00000"}, "Net Current Debt": {"2019-12-31": "-26.10000", "2018-12-31": "-903.50000", "2017-12-31": "111.80000", "2016-12-31": "-641.40000", "2015-12-31": "-57.00000", "2014-12-31": "-247.90000", "2013-12-31": "-35.80000", "2012-12-31": "-1097.40000", "2011-12-31": "-185.40000", "2010-12-31": "-577.20000", "2009-12-31": "-920.50000", "2008-12-31": "-772.50000", "2007-12-31": "-478.30000", "2006-12-31": "-511.00000", "2005-12-31": "-360.10000"}, "Debt Issuance/Retirement Net - Total": {"2019-12-31": "-1337.10000", "2018-12-31": "-3493.80000", "2017-12-31": "-1434.60000", "2016-12-31": "7673.20000", "2015-12-31": "537.60000", "2014-12-31": "593.90000", "2013-12-31": "-35.80000", "2012-12-31": "-255.50000", "2011-12-31": "-182.10000", "2010-12-31": "-29.90000", "2009-12-31": "-285.70000", "2008-12-31": "545.50000", "2007-12-31": "-57.50000", "2006-12-31": "-334.00000", "2005-12-31": "-23.10000"}, "Net Common Equity Issued/Repurchased": {"2019-12-31": "", "2018-12-31": "-1507.30000", "2017-12-31": "-152.40000", "2016-12-31": "-16.10000", "2015-12-31": "-186.10000", "2014-12-31": "-302.50000", "2013-12-31": "-418.20000", "2012-12-31": "-92.30000", "2011-12-31": "-51.60000", "2010-12-31": "-500.10000", "2009-12-31": "32.70000", "2008-12-31": "", "2007-12-31": "25.40000", "2006-12-31": "16.70000", "2005-12-31": "-2.60000"}, "Net Total Equity Issued/Repurchased": {"2019-12-31": "", "2018-12-31": "-1507.30000", "2017-12-31": "-152.40000", "2016-12-31": "-16.10000", "2015-12-31": "-186.10000", "2014-12-31": "-302.50000", "2013-12-31": "-418.20000", "2012-12-31": "-92.30000", "2011-12-31": "-51.60000", "2010-12-31": "-500.10000", "2009-12-31": "32.70000", "2008-12-31": "", "2007-12-31": "25.40000", "2006-12-31": "16.70000", "2005-12-31": "-2.60000"}, "Total Common And Preferred Stock Dividends Paid": {"2019-12-31": "-561.20000", "2018-12-31": "-434.60000", "2017-12-31": "-590.20000", "2016-12-31": "-328.60000", "2015-12-31": "-206.30000", "2014-12-31": "-182.50000", "2013-12-31": "-174.10000", "2012-12-31": "-125.90000", "2011-12-31": "-84.90000", "2010-12-31": "-55.40000", "2009-12-31": "-71.40000", "2008-12-31": "-234.50000", "2007-12-31": "-234.70000", "2006-12-31": "-232.80000", "2005-12-31": "-231.50000"}, "Financial Activities - Other": {"2019-12-31": "-5.30000", "2018-12-31": "-18.80000", "2017-12-31": "-18.60000", "2016-12-31": "", "2015-12-31": "", "2014-12-31": "10.10000", "2013-12-31": "14.60000", "2012-12-31": "27.70000", "2011-12-31": "-6.00000", "2010-12-31": "13.50000", "2009-12-31": "-102.60000", "2008-12-31": "-5.00000", "2007-12-31": "", "2006-12-31": "", "2005-12-31": ""}, "Cash Flow From Financial Activities": {"2019-12-31": "-1903.60000", "2018-12-31": "-5454.50000", "2017-12-31": "-2195.80000", "2016-12-31": "7328.50000", "2015-12-31": "145.20000", "2014-12-31": "119.00000", "2013-12-31": "-613.50000", "2012-12-31": "-446.00000", "2011-12-31": "-324.60000", "2010-12-31": "-571.90000", "2009-12-31": "-427.00000", "2008-12-31": "306.00000", "2007-12-31": "-266.80000", "2006-12-31": "-550.10000", "2005-12-31": "-257.20000"}, "Net Cash Flow": {"2019-12-31": "-124.80000", "2018-12-31": "10.00000", "2017-12-31": "-101.80000", "2016-12-31": "312.70000", "2015-12-31": "75.40000", "2014-12-31": "-26.90000", "2013-12-31": "42.50000", "2012-12-31": "13.60000", "2011-12-31": "30.60000", "2010-12-31": "-138.70000", "2009-12-31": "2.90000", "2008-12-31": "-53.80000", "2007-12-31": "128.20000", "2006-12-31": "85.50000", "2005-12-31": "-390.10000"}, "Stock-Based Compensation": {"2019-12-31": "42.50000", "2018-12-31": "75.70000", "2017-12-31": "70.90000", "2016-12-31": "63.90000", "2015-12-31": "29.20000", "2014-12-31": "29.90000", "2013-12-31": "37.20000", "2012-12-31": "32.90000", "2011-12-31": "43.00000", "2010-12-31": "36.50000", "2009-12-31": "35.10000", "2008-12-31": "35.60000", "2007-12-31": "36.40000", "2006-12-31": "44.00000", "2005-12-31": "6.10000"}, "Common Stock Dividends Paid": {"2019-12-31": "-561.20000", "2018-12-31": "-434.60000", "2017-12-31": "-590.20000", "2016-12-31": "-328.60000", "2015-12-31": "-206.30000", "2014-12-31": "-182.50000", "2013-12-31": "-174.10000", "2012-12-31": "-125.90000", "2011-12-31": "-84.90000", "2010-12-31": "-55.40000", "2009-12-31": "-71.40000", "2008-12-31": "-234.50000", "2007-12-31": "-234.70000", "2006-12-31": "-232.80000", "2005-12-31": "-231.50000"}}, "cash flow statement, quarterly": {"Net Income/Loss": {"2020-09-30": 304, "2020-06-30": 78, "2020-03-31": "-1279.00000", "2019-12-31": 793.6, "2019-09-30": -626, "2019-06-30": 90, "2019-03-31": "-151.00000", "2018-12-31": 183.5, "2018-09-30": -7311, "2018-06-30": 131.7, "2018-03-31": "53.30000", "2017-12-31": 1652.9, "2017-09-30": 234.4, "2017-06-30": 223, "2017-03-31": "638.50000", "2016-12-31": 165.6, "2016-09-30": 186.5, "2016-06-30": 135.2, "2016-03-31": "40.50000", "2015-12-31": 13.2, "2015-09-30": 134.2, "2015-06-30": 148.5, "2015-03-31": "54.10000", "2014-12-31": 52, "2014-09-30": 122.3, "2014-06-30": 150.6, "2014-03-31": "52.90000", "2013-12-31": 117.3, "2013-09-30": 193.3, "2013-06-30": 109.8, "2013-03-31": "54.20000", "2012-12-31": 101.9, "2012-09-30": 108.3, "2012-06-30": 111.8, "2012-03-31": "79.30000", "2011-12-31": 80.4, "2011-09-30": -177.6, "2011-06-30": 146.7, "2011-03-31": "75.70000", "2010-12-31": 75.7, "2010-09-30": 28.3, "2010-06-30": 130.4, "2010-03-31": "58.40000", "2009-12-31": 60.6, "2009-09-30": 85.5, "2009-06-30": 105.7, "2009-03-31": "33.70000", "2008-12-31": -254.7, "2008-09-30": 55, "2008-06-30": 92.5, "2008-03-31": "56.90000", "2007-12-31": 108.5, "2007-09-30": 170.2, "2007-06-30": 142.2, "2007-03-31": "49.30000", "2006-12-31": 102.2, "2006-09-30": 108.5, "2006-06-30": 119.5, "2006-03-31": "54.80000", "2005-12-31": 77, "2005-09-30": 71.5, "2005-06-30": 66.2, "2005-03-31": "36.60000"}, "Total Depreciation And Amortization - Cash Flow": {"2020-09-30": 93, "2020-06-30": 90, "2020-03-31": "1566.00000", "2019-12-31": 196.1, "2019-09-30": 1222, "2019-06-30": 101, "2019-03-31": "262.00000", "2018-12-31": 649.701, "2018-09-30": 8845.299, "2018-06-30": 590.6, "2018-03-31": "149.80000", "2017-12-31": 159.8, "2017-09-30": 156.2, "2017-06-30": 215.6, "2017-03-31": "189.00000", "2016-12-31": 130, "2016-09-30": 138, "2016-06-30": 126.4, "2016-03-31": "42.80000", "2015-12-31": 43, "2015-09-30": 43.1, "2015-06-30": 43.3, "2015-03-31": "42.20000", "2014-12-31": 41.7, "2014-09-30": 38.7, "2014-06-30": 37.6, "2014-03-31": "38.10000", "2013-12-31": 39.5, "2013-09-30": 39.8, "2013-06-30": 39.8, "2013-03-31": "39.80000", "2012-12-31": 41.6, "2012-09-30": 41.3, "2012-06-30": 41.4, "2012-03-31": "39.40000", "2011-12-31": 40.5, "2011-09-30": 39.6, "2011-06-30": 40.8, "2011-03-31": "40.70000", "2010-12-31": 42.1, "2010-09-30": 43.3, "2010-06-30": 42.7, "2010-03-31": "44.20000", "2009-12-31": 45.5, "2009-09-30": 45.7, "2009-06-30": 42, "2009-03-31": "41.90000", "2008-12-31": 45.8, "2008-09-30": 46.5, "2008-06-30": 46.8, "2008-03-31": "44.20000", "2007-12-31": 42.6, "2007-09-30": 42, "2007-06-30": 46.3, "2007-03-31": "46.10000", "2006-12-31": 46.2, "2006-09-30": 47.8, "2006-06-30": 50.5, "2006-03-31": "48.80000", "2005-12-31": 46.3, "2005-09-30": 39.5, "2005-06-30": 51.9, "2005-03-31": "53.90000"}, "Other Non-Cash Items": {"2020-09-30": -25, "2020-06-30": -7, "2020-03-31": "-223.00000", "2019-12-31": -763.7, "2019-09-30": -249, "2019-06-30": 34, "2019-03-31": "-29.00000", "2018-12-31": -723, "2018-09-30": -1162, "2018-06-30": -375.5, "2018-03-31": "-84.10000", "2017-12-31": -1673.4, "2017-09-30": 31.2, "2017-06-30": 146.2, "2017-03-31": "-921.20000", "2016-12-31": 98.2, "2016-09-30": -52.7, "2016-06-30": -81.3, "2016-03-31": "67.00000", "2015-12-31": 68.7, "2015-09-30": 22.6, "2015-06-30": 10.3, "2015-03-31": "30.20000", "2014-12-31": 153, "2014-09-30": 18.7, "2014-06-30": 4.8, "2014-03-31": "65.40000", "2013-12-31": 25.8, "2013-09-30": -60.9, "2013-06-30": 40.4, "2013-03-31": "69.60000", "2012-12-31": 11.3, "2012-09-30": 54, "2012-06-30": 26.9, "2012-03-31": "29.90000", "2011-12-31": 4.7, "2011-09-30": 366.6, "2011-06-30": 35, "2011-03-31": "51.90000", "2010-12-31": 8.9, "2010-09-30": 218.2, "2010-06-30": 8.4, "2010-03-31": "41.70000", "2009-12-31": 22.2, "2009-09-30": 23.7, "2009-06-30": 42.5, "2009-03-31": "15.10000", "2008-12-31": 268.1, "2008-09-30": 53.5, "2008-06-30": 63.4, "2008-03-31": "28.40000", "2007-12-31": -43.3, "2007-09-30": -4.4, "2007-06-30": 18.7, "2007-03-31": "59.40000", "2006-12-31": 3.9, "2006-09-30": 11.9, "2006-06-30": -98.5, "2006-03-31": "109.00000", "2005-12-31": -101.3, "2005-09-30": 39.3, "2005-06-30": 63.6, "2005-03-31": "70.50000"}, "Total Non-Cash Items": {"2020-09-30": 68, "2020-06-30": 83, "2020-03-31": "1343.00000", "2019-12-31": -567.6, "2019-09-30": 973, "2019-06-30": 135, "2019-03-31": "233.00000", "2018-12-31": -73.299, "2018-09-30": 7683.3, "2018-06-30": 215.1, "2018-03-31": "65.70000", "2017-12-31": -1513.6, "2017-09-30": 187.4, "2017-06-30": 361.8, "2017-03-31": "-732.20000", "2016-12-31": 228.2, "2016-09-30": 85.3, "2016-06-30": 45.1, "2016-03-31": "109.80000", "2015-12-31": 111.7, "2015-09-30": 65.7, "2015-06-30": 53.6, "2015-03-31": "72.40000", "2014-12-31": 194.7, "2014-09-30": 57.4, "2014-06-30": 42.4, "2014-03-31": "103.50000", "2013-12-31": 65.3, "2013-09-30": -21.1, "2013-06-30": 80.2, "2013-03-31": "109.40000", "2012-12-31": 52.9, "2012-09-30": 95.3, "2012-06-30": 68.3, "2012-03-31": "69.30000", "2011-12-31": 45.2, "2011-09-30": 406.2, "2011-06-30": 75.8, "2011-03-31": "92.60000", "2010-12-31": 51, "2010-09-30": 261.5, "2010-06-30": 51.1, "2010-03-31": "85.90000", "2009-12-31": 67.7, "2009-09-30": 69.4, "2009-06-30": 84.5, "2009-03-31": "57.00000", "2008-12-31": 313.9, "2008-09-30": 100, "2008-06-30": 110.2, "2008-03-31": "72.60000", "2007-12-31": -0.7, "2007-09-30": 37.6, "2007-06-30": 65, "2007-03-31": "105.50000", "2006-12-31": 50.1, "2006-09-30": 59.7, "2006-06-30": -48, "2006-03-31": "157.80000", "2005-12-31": -55, "2005-09-30": 78.8, "2005-06-30": 115.5, "2005-03-31": "124.40000"}, "Change In Accounts Receivable": {"2020-09-30": -157, "2020-06-30": -231, "2020-03-31": "369.00000", "2019-12-31": 164.8, "2019-09-30": 71, "2019-06-30": -171, "2019-03-31": "246.00000", "2018-12-31": 284.1, "2018-09-30": -11.2, "2018-06-30": -367.1, "2018-03-31": "255.90000", "2017-12-31": 234.3, "2017-09-30": 103.8, "2017-06-30": -355.6, "2017-03-31": "306.20000", "2016-12-31": -98.5, "2016-09-30": 29.8, "2016-06-30": -325.5, "2016-03-31": "69.70000", "2015-12-31": -67.2, "2015-09-30": 110.8, "2015-06-30": -247.4, "2015-03-31": "170.00000", "2014-12-31": -100, "2014-09-30": 81.5, "2014-06-30": -252.9, "2014-03-31": "130.50000", "2013-12-31": -54.6, "2013-09-30": 160.7, "2013-06-30": -205.4, "2013-03-31": "80.30000", "2012-12-31": -39.7, "2012-09-30": 47.5, "2012-06-30": -180.8, "2012-03-31": "71.80000", "2011-12-31": -22.7, "2011-09-30": 127.9, "2011-06-30": -167.9, "2011-03-31": "45.10000", "2010-12-31": 3.9, "2010-09-30": 57.6, "2010-06-30": -135.7, "2010-03-31": "-29.40000", "2009-12-31": 48.4, "2009-09-30": 164.9, "2009-06-30": -192.4, "2009-03-31": "77.10000", "2008-12-31": 131.4, "2008-09-30": 124.6, "2008-06-30": -243.7, "2008-03-31": "156.00000", "2007-12-31": -31.8, "2007-09-30": 103.8, "2007-06-30": -220.1, "2007-03-31": "140.20000", "2006-12-31": -23.6, "2006-09-30": 77.2, "2006-06-30": -192.5, "2006-03-31": "164.00000", "2005-12-31": -146.2, "2005-09-30": 119, "2005-06-30": -197.4, "2005-03-31": "173.10000"}, "Change In Inventories": {"2020-09-30": 6, "2020-06-30": -3, "2020-03-31": "-142.00000", "2019-12-31": 377.4, "2019-09-30": 49, "2019-06-30": -36, "2019-03-31": "-259.00000", "2018-12-31": 388, "2018-09-30": -12, "2018-06-30": 58.5, "2018-03-31": "-308.80000", "2017-12-31": 356.6, "2017-09-30": -208.2, "2017-06-30": -138.1, "2017-03-31": "-360.70000", "2016-12-31": 356.3, "2016-09-30": 113.7, "2016-06-30": 452.4, "2016-03-31": "-137.80000", "2015-12-31": 142.5, "2015-09-30": 5.6, "2015-06-30": -81.1, "2015-03-31": "-164.80000", "2014-12-31": 83.6, "2014-09-30": 11.4, "2014-06-30": -7.4, "2014-03-31": "-115.80000", "2013-12-31": 134.1, "2013-09-30": 6, "2013-06-30": -78.3, "2013-03-31": "-123.40000", "2012-12-31": 127.6, "2012-09-30": 47.2, "2012-06-30": -18.6, "2012-03-31": "-148.50000", "2011-12-31": 166.6, "2011-09-30": 27.1, "2011-06-30": -83.5, "2011-03-31": "-131.70000", "2010-12-31": 126.7, "2010-09-30": -9.4, "2010-06-30": -85.7, "2010-03-31": "-46.10000", "2009-12-31": 89.4, "2009-09-30": 75.4, "2009-06-30": 108.2, "2009-03-31": "-29.90000", "2008-12-31": 116.3, "2008-09-30": 47.4, "2008-06-30": -0.9, "2008-03-31": "-131.90000", "2007-12-31": 65.5, "2007-09-30": -16.2, "2007-06-30": -25.2, "2007-03-31": "-77.70000", "2006-12-31": 103.6, "2006-09-30": -8.4, "2006-06-30": -22.1, "2006-03-31": "-105.30000", "2005-12-31": 106.8, "2005-09-30": 29.9, "2005-06-30": 17.3, "2005-03-31": "-121.70000"}, "Change In Accounts Payable": {"2020-09-30": 252, "2020-06-30": 120, "2020-03-31": "-49.00000", "2019-12-31": -79.2, "2019-09-30": -71, "2019-06-30": 148, "2019-03-31": "-107.00000", "2018-12-31": -247.9, "2018-09-30": 152.6, "2018-06-30": 71.8, "2018-03-31": "-285.80000", "2017-12-31": 74.9, "2017-09-30": -41.1, "2017-06-30": 319.8, "2017-03-31": "-142.60000", "2016-12-31": 76.3, "2016-09-30": -37.6, "2016-06-30": 235.9, "2016-03-31": "7.40000", "2015-12-31": -4.3, "2015-09-30": -67, "2015-06-30": 130.3, "2015-03-31": "-38.70000", "2014-12-31": 75.7, "2014-09-30": -21.6, "2014-06-30": 49.3, "2014-03-31": "-16.10000", "2013-12-31": -15.7, "2013-09-30": -60.3, "2013-06-30": 89.9, "2013-03-31": "45.10000", "2012-12-31": -3.1, "2012-09-30": -29.9, "2012-06-30": 35.3, "2012-03-31": "54.00000", "2011-12-31": -52.1, "2011-09-30": -122.8, "2011-06-30": 107.9, "2011-03-31": "70.30000", "2010-12-31": -79.6, "2010-09-30": -53.7, "2010-06-30": 101.3, "2010-03-31": "71.10000", "2009-12-31": -16, "2009-09-30": -9.8, "2009-06-30": 8, "2009-03-31": "-85.80000", "2008-12-31": -61, "2008-09-30": -36.1, "2008-06-30": 45, "2008-03-31": "-53.40000", "2007-12-31": -5, "2007-09-30": -23.3, "2007-06-30": 79.2, "2007-03-31": "3.10000", "2006-12-31": -58.5, "2006-09-30": -6.1, "2006-06-30": 66, "2006-03-31": "-52.40000", "2005-12-31": 88.2, "2005-09-30": -8.4, "2005-06-30": -25.7, "2005-03-31": "-26.80000"}, "Change In Assets/Liabilities": {"2020-09-30": 0, "2020-06-30": 0, "2020-03-31": "", "2019-12-31": 0, "2019-09-30": 0, "2019-06-30": 0, "2019-03-31": "", "2018-12-31": 0, "2018-09-30": 0, "2018-06-30": 0, "2018-03-31": "", "2017-12-31": 0, "2017-09-30": 0, "2017-06-30": 0, "2017-03-31": "", "2016-12-31": 0, "2016-09-30": 0, "2016-06-30": 0, "2016-03-31": "", "2015-12-31": 0, "2015-09-30": 0, "2015-06-30": 0, "2015-03-31": "", "2014-12-31": 0, "2014-09-30": 0, "2014-06-30": 0, "2014-03-31": "", "2013-12-31": 0, "2013-09-30": 0, "2013-06-30": 0, "2013-03-31": "", "2012-12-31": 0, "2012-09-30": 0, "2012-06-30": 0, "2012-03-31": "", "2011-12-31": 0, "2011-09-30": 0, "2011-06-30": 0, "2011-03-31": "", "2010-12-31": 0, "2010-09-30": 0, "2010-06-30": 0, "2010-03-31": "", "2009-12-31": 0, "2009-09-30": 0, "2009-06-30": 0, "2009-03-31": "", "2008-12-31": 0, "2008-09-30": 0, "2008-06-30": 0, "2008-03-31": "", "2007-12-31": 0, "2007-09-30": 0, "2007-06-30": 0, "2007-03-31": "", "2006-12-31": 0, "2006-09-30": 0, "2006-06-30": 0, "2006-03-31": "", "2005-12-31": 0, "2005-09-30": 0, "2005-06-30": 0, "2005-03-31": ""}, "Total Change In Assets/Liabilities": {"2020-09-30": 316, "2020-06-30": -52, "2020-03-31": "-41.00000", "2019-12-31": 394, "2019-09-30": 86, "2019-06-30": -34, "2019-03-31": "-282.00000", "2018-12-31": 388.2, "2018-09-30": 199.8, "2018-06-30": -335.6, "2018-03-31": "-520.70000", "2017-12-31": 850.7, "2017-09-30": -238.8, "2017-06-30": -528, "2017-03-31": "-169.90000", "2016-12-31": 597.9, "2016-09-30": 241, "2016-06-30": 417, "2016-03-31": "-411.70000", "2015-12-31": 179.9, "2015-09-30": 140, "2015-06-30": -99.6, "2015-03-31": "-280.80000", "2014-12-31": 44.1, "2014-09-30": 159.5, "2014-06-30": -96.8, "2014-03-31": "-248.50000", "2013-12-31": 121.6, "2013-09-30": 188.6, "2013-06-30": -126.7, "2013-03-31": "-286.70000", "2012-12-31": 106.5, "2012-09-30": 97.9, "2012-06-30": -77, "2012-03-31": "-196.00000", "2011-12-31": 155.9, "2011-09-30": 66.7, "2011-06-30": -129.7, "2011-03-31": "-276.60000", "2010-12-31": 78, "2010-09-30": -95.3, "2010-06-30": -27.5, "2010-03-31": "-114.90000", "2009-12-31": 58.8, "2009-09-30": 172.8, "2009-06-30": -91, "2009-03-31": "-101.90000", "2008-12-31": 152.7, "2008-09-30": 209.3, "2008-06-30": -200.8, "2008-03-31": "-252.70000", "2007-12-31": 91.3, "2007-09-30": 75.6, "2007-06-30": -48.9, "2007-03-31": "-140.30000", "2006-12-31": 86.8, "2006-09-30": 144, "2006-06-30": 32.3, "2006-03-31": "-224.30000", "2005-12-31": 168.3, "2005-09-30": 209.1, "2005-06-30": -145.3, "2005-03-31": "-105.50000"}, "Cash Flow From Operating Activities": {"2020-09-30": 688, "2020-06-30": 109, "2020-03-31": "23.00000", "2019-12-31": 620, "2019-09-30": 433, "2019-06-30": 191, "2019-03-31": "-200.00000", "2018-12-31": 498.4, "2018-09-30": 572.1, "2018-06-30": 11.2, "2018-03-31": "-401.70000", "2017-12-31": 990, "2017-09-30": 183, "2017-06-30": 56.8, "2017-03-31": "-263.60000", "2016-12-31": 991.7, "2016-09-30": 512.8, "2016-06-30": 597.3, "2016-03-31": "-261.40000", "2015-12-31": 304.8, "2015-09-30": 339.9, "2015-06-30": 102.5, "2015-03-31": "-154.30000", "2014-12-31": 290.8, "2014-09-30": 339.2, "2014-06-30": 96.2, "2014-03-31": "-92.10000", "2013-12-31": 304.2, "2013-09-30": 360.8, "2013-06-30": 63.3, "2013-03-31": "-123.10000", "2012-12-31": 261.3, "2012-09-30": 301.5, "2012-06-30": 103.1, "2012-03-31": "-47.40000", "2011-12-31": 281.5, "2011-09-30": 295.3, "2011-06-30": 92.8, "2011-03-31": "-108.30000", "2010-12-31": 204.7, "2010-09-30": 194.5, "2010-06-30": 154, "2010-03-31": "29.40000", "2009-12-31": 187.1, "2009-09-30": 327.7, "2009-06-30": 99.2, "2009-03-31": "-11.20000", "2008-12-31": 211.9, "2008-09-30": 364.3, "2008-06-30": 1.9, "2008-03-31": "-123.20000", "2007-12-31": 199.1, "2007-09-30": 283.4, "2007-06-30": 158.3, "2007-03-31": "14.50000", "2006-12-31": 239.1, "2006-09-30": 312.2, "2006-06-30": 103.8, "2006-03-31": "-11.70000", "2005-12-31": 190.3, "2005-09-30": 359.4, "2005-06-30": 36.4, "2005-03-31": "55.50000"}, "Net Change In Property, Plant, And Equipment": {"2020-09-30": -64, "2020-06-30": -36, "2020-03-31": "-58.00000", "2019-12-31": -92.9, "2019-09-30": -57, "2019-06-30": -57, "2019-03-31": "-58.00000", "2018-12-31": -110.7, "2018-09-30": -72.7, "2018-06-30": -105.9, "2018-03-31": "-95.10000", "2017-12-31": -113.3, "2017-09-30": -101.7, "2017-06-30": -90.5, "2017-03-31": "-100.70000", "2016-12-31": -153.9, "2016-09-30": -123.6, "2016-06-30": -112.3, "2016-03-31": "-51.60000", "2015-12-31": -61.1, "2015-09-30": -64.5, "2015-06-30": -34.9, "2015-03-31": "-50.90000", "2014-12-31": -41.9, "2014-09-30": -34, "2014-06-30": -35.1, "2014-03-31": "-31.90000", "2013-12-31": 137.3, "2013-09-30": -28.7, "2013-06-30": -23.4, "2013-03-31": "-33.60000", "2012-12-31": -47, "2012-09-30": -45.2, "2012-06-30": -36.7, "2012-03-31": "-48.30000", "2011-12-31": -27.4, "2011-09-30": -55.1, "2011-06-30": -51.2, "2011-03-31": "-44.90000", "2010-12-31": -39.8, "2010-09-30": -47.5, "2010-06-30": -29.1, "2010-03-31": "-31.50000", "2009-12-31": -28, "2009-09-30": -42.7, "2009-06-30": -32.9, "2009-03-31": "-32.10000", "2008-12-31": -26.3, "2008-09-30": -43.9, "2008-06-30": -38.2, "2008-03-31": "-40.00000", "2007-12-31": -46.5, "2007-09-30": -41.3, "2007-06-30": -31.9, "2007-03-31": "-39.90000", "2006-12-31": 94.5, "2006-09-30": -28.8, "2006-06-30": -21.5, "2006-03-31": "4.50000", "2005-12-31": 13.8, "2005-09-30": -16.6, "2005-06-30": -13.7, "2005-03-31": "-10.20000"}, "Net Change In Intangible Assets": {"2020-09-30": 0, "2020-06-30": 0, "2020-03-31": "", "2019-12-31": 0, "2019-09-30": 0, "2019-06-30": 0, "2019-03-31": "", "2018-12-31": 0, "2018-09-30": 0, "2018-06-30": 0, "2018-03-31": "", "2017-12-31": 0, "2017-09-30": 0, "2017-06-30": 0, "2017-03-31": "", "2016-12-31": 0, "2016-09-30": 0, "2016-06-30": 0, "2016-03-31": "", "2015-12-31": 0, "2015-09-30": 0, "2015-06-30": 0, "2015-03-31": "", "2014-12-31": 0, "2014-09-30": 0, "2014-06-30": 0, "2014-03-31": "", "2013-12-31": 0, "2013-09-30": 0, "2013-06-30": 0, "2013-03-31": "", "2012-12-31": 0, "2012-09-30": 0, "2012-06-30": 0, "2012-03-31": "", "2011-12-31": 0, "2011-09-30": 0, "2011-06-30": 0, "2011-03-31": "", "2010-12-31": 0, "2010-09-30": 0, "2010-06-30": 0, "2010-03-31": "", "2009-12-31": 0, "2009-09-30": 0, "2009-06-30": 0, "2009-03-31": "", "2008-12-31": 0, "2008-09-30": 0, "2008-06-30": 0, "2008-03-31": "", "2007-12-31": 0, "2007-09-30": 0, "2007-06-30": 0, "2007-03-31": "", "2006-12-31": 0, "2006-09-30": 0, "2006-06-30": 0, "2006-03-31": "", "2005-12-31": 0, "2005-09-30": 0, "2005-06-30": 0, "2005-03-31": ""}, "Net Acquisitions/Divestitures": {"2020-09-30": 15, "2020-06-30": 0, "2020-03-31": "", "2019-12-31": 241.7, "2019-09-30": 14, "2019-06-30": 740, "2019-03-31": "", "2018-12-31": 2358.7, "2018-09-30": 109.2, "2018-06-30": 2665.4, "2018-03-31": "", "2017-12-31": 5.5, "2017-09-30": 123, "2017-06-30": 38.5, "2017-03-31": "1305.60000", "2016-12-31": -9.1, "2016-09-30": -37.6, "2016-06-30": -8340.3, "2016-03-31": "-21.00000", "2015-12-31": -355.3, "2015-09-30": -6.7, "2015-06-30": 1.1, "2015-03-31": "2.00000", "2014-12-31": -297.4, "2014-09-30": -308.3, "2014-06-30": 3.4, "2014-03-31": "", "2013-12-31": -180.9, "2013-09-30": 180.9, "2013-06-30": 0, "2013-03-31": "", "2012-12-31": 22.6, "2012-09-30": -8.5, "2012-06-30": -3.4, "2012-03-31": "6.30000", "2011-12-31": -39, "2011-09-30": 33.8, "2011-06-30": 1.4, "2011-03-31": "-16.20000", "2010-12-31": -9.4, "2010-09-30": 9.4, "2010-06-30": 0, "2010-03-31": "-1.50000", "2009-12-31": -7.4, "2009-09-30": 5.8, "2009-06-30": -10.7, "2009-03-31": "-1.40000", "2008-12-31": -1.7, "2008-09-30": -10.4, "2008-06-30": -615.2, "2008-03-31": "-28.40000", "2007-12-31": -4.5, "2007-09-30": -52, "2007-06-30": -41.2, "2007-03-31": "-8.30000", "2006-12-31": -18.2, "2006-09-30": 3.9, "2006-06-30": -23.1, "2006-03-31": "-23.20000", "2005-12-31": -704.7, "2005-09-30": -0.3, "2005-06-30": -4.7, "2005-03-31": "-30.30000"}, "Net Change In Short-term Investments": {"2020-09-30": 0, "2020-06-30": 0, "2020-03-31": "", "2019-12-31": 0, "2019-09-30": 0, "2019-06-30": 0, "2019-03-31": "", "2018-12-31": 0, "2018-09-30": 0, "2018-06-30": 0, "2018-03-31": "", "2017-12-31": 0, "2017-09-30": 0, "2017-06-30": 0, "2017-03-31": "", "2016-12-31": 0, "2016-09-30": 0, "2016-06-30": 0, "2016-03-31": "", "2015-12-31": 0, "2015-09-30": 0, "2015-06-30": 0, "2015-03-31": "", "2014-12-31": 0, "2014-09-30": 0, "2014-06-30": 0, "2014-03-31": "", "2013-12-31": 0, "2013-09-30": 0, "2013-06-30": 0, "2013-03-31": "", "2012-12-31": 0, "2012-09-30": 0, "2012-06-30": 0, "2012-03-31": "", "2011-12-31": 0, "2011-09-30": 0, "2011-06-30": 0, "2011-03-31": "", "2010-12-31": 0, "2010-09-30": 0, "2010-06-30": 0, "2010-03-31": "", "2009-12-31": 0, "2009-09-30": 0, "2009-06-30": 0, "2009-03-31": "", "2008-12-31": 0, "2008-09-30": 0, "2008-06-30": 0, "2008-03-31": "", "2007-12-31": 0, "2007-09-30": 0, "2007-06-30": 0, "2007-03-31": "", "2006-12-31": 0, "2006-09-30": 0, "2006-06-30": 0, "2006-03-31": "", "2005-12-31": 0, "2005-09-30": 0, "2005-06-30": 0, "2005-03-31": ""}, "Net Change In Long-Term Investments": {"2020-09-30": 0, "2020-06-30": 0, "2020-03-31": "", "2019-12-31": 0, "2019-09-30": 0, "2019-06-30": 0, "2019-03-31": "", "2018-12-31": 0, "2018-09-30": 0, "2018-06-30": 0, "2018-03-31": "", "2017-12-31": 0, "2017-09-30": 0, "2017-06-30": 0, "2017-03-31": "", "2016-12-31": 0, "2016-09-30": 0, "2016-06-30": 0, "2016-03-31": "", "2015-12-31": 0, "2015-09-30": 0, "2015-06-30": 0, "2015-03-31": "", "2014-12-31": 0, "2014-09-30": 0, "2014-06-30": 0, "2014-03-31": "", "2013-12-31": 0, "2013-09-30": 0, "2013-06-30": 0, "2013-03-31": "", "2012-12-31": 0, "2012-09-30": 0, "2012-06-30": 0, "2012-03-31": "", "2011-12-31": 0, "2011-09-30": 0, "2011-06-30": 0, "2011-03-31": "", "2010-12-31": 0, "2010-09-30": 0, "2010-06-30": 0, "2010-03-31": "", "2009-12-31": 0, "2009-09-30": 0, "2009-06-30": 0, "2009-03-31": "", "2008-12-31": 0, "2008-09-30": 0, "2008-06-30": 0, "2008-03-31": "", "2007-12-31": 0, "2007-09-30": 0, "2007-06-30": 0, "2007-03-31": "", "2006-12-31": 0, "2006-09-30": 0, "2006-06-30": 0, "2006-03-31": "", "2005-12-31": 0, "2005-09-30": 0, "2005-06-30": 0, "2005-03-31": ""}, "Net Change In Investments - Total": {"2020-09-30": 0, "2020-06-30": 0, "2020-03-31": "", "2019-12-31": 0, "2019-09-30": 0, "2019-06-30": 0, "2019-03-31": "", "2018-12-31": 0, "2018-09-30": 0, "2018-06-30": 0, "2018-03-31": "", "2017-12-31": 0, "2017-09-30": 0, "2017-06-30": 0, "2017-03-31": "", "2016-12-31": 0, "2016-09-30": 0, "2016-06-30": 0, "2016-03-31": "", "2015-12-31": 0, "2015-09-30": 0, "2015-06-30": 0, "2015-03-31": "", "2014-12-31": 0, "2014-09-30": 0, "2014-06-30": 0, "2014-03-31": "", "2013-12-31": 0, "2013-09-30": 0, "2013-06-30": 0, "2013-03-31": "", "2012-12-31": 0, "2012-09-30": 0, "2012-06-30": 0, "2012-03-31": "", "2011-12-31": 0, "2011-09-30": 0, "2011-06-30": 0, "2011-03-31": "", "2010-12-31": 0, "2010-09-30": 0, "2010-06-30": 0, "2010-03-31": "", "2009-12-31": 0, "2009-09-30": 0, "2009-06-30": 0, "2009-03-31": "", "2008-12-31": 0, "2008-09-30": 0, "2008-06-30": 0, "2008-03-31": "", "2007-12-31": 0, "2007-09-30": 0, "2007-06-30": 0, "2007-03-31": "", "2006-12-31": 0, "2006-09-30": 0, "2006-06-30": 0, "2006-03-31": "", "2005-12-31": 0, "2005-09-30": 0, "2005-06-30": 0, "2005-03-31": ""}, "Investing Activities - Other": {"2020-09-30": -1, "2020-06-30": 4, "2020-03-31": "2.00000", "2019-12-31": 5.6, "2019-09-30": 2, "2019-06-30": 15, "2019-03-31": "-18.00000", "2018-12-31": 0.1, "2018-09-30": 62.4, "2018-06-30": 6.2, "2018-03-31": "-10.20000", "2017-12-31": 2.9, "2017-09-30": 3.8, "2017-06-30": 4.6, "2017-03-31": "0.80000", "2016-12-31": 12.1, "2016-09-30": 6, "2016-06-30": 3.9, "2016-03-31": "2.60000", "2015-12-31": -93.8, "2015-09-30": 8.5, "2015-06-30": 5.9, "2015-03-31": "-0.20000", "2014-12-31": -4.2, "2014-09-30": -2.2, "2014-06-30": 0, "2014-03-31": "-0.30000", "2013-12-31": 0, "2013-09-30": 2.1, "2013-06-30": 0, "2013-03-31": "-0.30000", "2012-12-31": 0.4, "2012-09-30": -3, "2012-06-30": -0.2, "2012-03-31": "", "2011-12-31": -0.6, "2011-09-30": -2.1, "2011-06-30": -5.1, "2011-03-31": "", "2010-12-31": -2, "2010-09-30": 0, "2010-06-30": -2, "2010-03-31": "", "2009-12-31": 0, "2009-09-30": 0, "2009-06-30": 0, "2009-03-31": "", "2008-12-31": 0, "2008-09-30": 0, "2008-06-30": 0, "2008-03-31": "", "2007-12-31": 0, "2007-09-30": 0, "2007-06-30": 0, "2007-03-31": "", "2006-12-31": 0, "2006-09-30": 0, "2006-06-30": 0, "2006-03-31": "", "2005-12-31": 0, "2005-09-30": 0, "2005-06-30": 0, "2005-03-31": ""}, "Cash Flow From Investing Activities": {"2020-09-30": -50, "2020-06-30": -32, "2020-03-31": "-56.00000", "2019-12-31": 154.4, "2019-09-30": -41, "2019-06-30": 698, "2019-03-31": "-76.00000", "2018-12-31": 2248.1, "2018-09-30": 98.9, "2018-06-30": 2565.7, "2018-03-31": "-105.30000", "2017-12-31": -104.9, "2017-09-30": 25.1, "2017-06-30": -47.4, "2017-03-31": "1205.70000", "2016-12-31": -150.9, "2016-09-30": -155.2, "2016-06-30": -8448.7, "2016-03-31": "-70.00000", "2015-12-31": -510.2, "2015-09-30": -62.7, "2015-06-30": -27.9, "2015-03-31": "-49.10000", "2014-12-31": -343.5, "2014-09-30": -344.5, "2014-06-30": -31.7, "2014-03-31": "-32.20000", "2013-12-31": -43.6, "2013-09-30": 154.3, "2013-06-30": -23.4, "2013-03-31": "-33.90000", "2012-12-31": -24, "2012-09-30": -56.7, "2012-06-30": -40.3, "2012-03-31": "-42.00000", "2011-12-31": -67, "2011-09-30": -23.4, "2011-06-30": -54.9, "2011-03-31": "-61.10000", "2010-12-31": -51.2, "2010-09-30": -38.1, "2010-06-30": -31.1, "2010-03-31": "-33.00000", "2009-12-31": -35.4, "2009-09-30": -36.9, "2009-06-30": -43.6, "2009-03-31": "-33.50000", "2008-12-31": -28, "2008-09-30": -54.3, "2008-06-30": -653.4, "2008-03-31": "-68.40000", "2007-12-31": -51, "2007-09-30": -93.3, "2007-06-30": -73.1, "2007-03-31": "-48.20000", "2006-12-31": 76.3, "2006-09-30": -24.9, "2006-06-30": -44.6, "2006-03-31": "-18.70000", "2005-12-31": -690.9, "2005-09-30": -16.9, "2005-06-30": -18.4, "2005-03-31": "-40.50000"}, "Net Long-Term Debt": {"2020-09-30": -307, "2020-06-30": 491, "2020-03-31": "-16.00000", "2019-12-31": -306, "2019-09-30": -732, "2019-06-30": 3, "2019-03-31": "-276.00000", "2018-12-31": -2588.3, "2018-09-30": -0.6, "2018-06-30": -0.7, "2018-03-31": "-0.70000", "2017-12-31": -352.4, "2017-09-30": -0.3, "2017-06-30": -195.8, "2017-03-31": "-997.90000", "2016-12-31": 9064.6, "2016-09-30": -9414.6, "2016-06-30": 733.4, "2016-03-31": "7931.20000", "2015-12-31": 594.6, "2015-09-30": 0, "2015-06-30": 0, "2015-03-31": "", "2014-12-31": 841.8, "2014-09-30": 0, "2014-06-30": 0, "2014-03-31": "", "2013-12-31": 0, "2013-09-30": 0, "2013-06-30": 0, "2013-03-31": "", "2012-12-31": 346.8, "2012-09-30": 495.1, "2012-06-30": 0, "2012-03-31": "", "2011-12-31": 0, "2011-09-30": 2.2, "2011-06-30": 1.1, "2011-03-31": "", "2010-12-31": 0, "2010-09-30": 544.9, "2010-06-30": 1, "2010-03-31": "1.40000", "2009-12-31": 0, "2009-09-30": -125, "2009-06-30": 1.8, "2009-03-31": "758.00000", "2008-12-31": 0.4, "2008-09-30": 397.9, "2008-06-30": 172.4, "2008-03-31": "747.30000", "2007-12-31": 65.9, "2007-09-30": 1.5, "2007-06-30": 3.7, "2007-03-31": "349.70000", "2006-12-31": 6.7, "2006-09-30": 3.1, "2006-06-30": 18.9, "2006-03-31": "148.30000", "2005-12-31": 202.9, "2005-09-30": 2.4, "2005-06-30": 129.8, "2005-03-31": "1.90000"}, "Net Current Debt": {"2020-09-30": 0, "2020-06-30": -331, "2020-03-31": "305.00000", "2019-12-31": -305.1, "2019-09-30": 289, "2019-06-30": -531, "2019-03-31": "521.00000", "2018-12-31": 0.4, "2018-09-30": -885.8, "2018-06-30": -620.9, "2018-03-31": "602.80000", "2017-12-31": -574.5, "2017-09-30": 66.2, "2017-06-30": 373.7, "2017-03-31": "246.40000", "2016-12-31": -458, "2016-09-30": -230.6, "2016-06-30": -331.5, "2016-03-31": "378.70000", "2015-12-31": -298.5, "2015-09-30": -144.5, "2015-06-30": 42.6, "2015-03-31": "343.40000", "2014-12-31": -591, "2014-09-30": 127.7, "2014-06-30": 70.5, "2014-03-31": "144.90000", "2013-12-31": 145.1, "2013-09-30": -383, "2013-06-30": 1.4, "2013-03-31": "200.70000", "2012-12-31": -587.5, "2012-09-30": -330.7, "2012-06-30": -321.6, "2012-03-31": "142.40000", "2011-12-31": -133.5, "2011-09-30": -228.9, "2011-06-30": -12.5, "2011-03-31": "189.50000", "2010-12-31": -156.2, "2010-09-30": -312.6, "2010-06-30": -105.5, "2010-03-31": "-2.90000", "2009-12-31": -143.7, "2009-09-30": -259.6, "2009-06-30": -384.7, "2009-03-31": "-132.50000", "2008-12-31": -61.5, "2008-09-30": -629.3, "2008-06-30": -2.1, "2008-03-31": "-79.60000", "2007-12-31": -4, "2007-09-30": -129.3, "2007-06-30": -92, "2007-03-31": "-253.00000", "2006-12-31": -210.4, "2006-09-30": -218.6, "2006-06-30": -80.1, "2006-03-31": "-1.90000", "2005-12-31": -15.1, "2005-09-30": -9.3, "2005-06-30": -304.6, "2005-03-31": "-31.10000"}, "Debt Issuance/Retirement Net - Total": {"2020-09-30": -307, "2020-06-30": 160, "2020-03-31": "289.00000", "2019-12-31": -611.1, "2019-09-30": -443, "2019-06-30": -528, "2019-03-31": "245.00000", "2018-12-31": -2587.9, "2018-09-30": -886.4, "2018-06-30": -621.6, "2018-03-31": "602.10000", "2017-12-31": -926.9, "2017-09-30": 65.9, "2017-06-30": 177.9, "2017-03-31": "-751.50000", "2016-12-31": 8606.6, "2016-09-30": -9645.2, "2016-06-30": 401.9, "2016-03-31": "8309.90000", "2015-12-31": 296.1, "2015-09-30": -144.5, "2015-06-30": 42.6, "2015-03-31": "343.40000", "2014-12-31": 250.8, "2014-09-30": 127.7, "2014-06-30": 70.5, "2014-03-31": "144.90000", "2013-12-31": 145.1, "2013-09-30": -383, "2013-06-30": 1.4, "2013-03-31": "200.70000", "2012-12-31": -240.7, "2012-09-30": 164.4, "2012-06-30": -321.6, "2012-03-31": "142.40000", "2011-12-31": -133.5, "2011-09-30": -226.7, "2011-06-30": -11.4, "2011-03-31": "189.50000", "2010-12-31": -156.2, "2010-09-30": 232.3, "2010-06-30": -104.5, "2010-03-31": "-1.50000", "2009-12-31": -143.7, "2009-09-30": -384.6, "2009-06-30": -382.9, "2009-03-31": "625.50000", "2008-12-31": -61.1, "2008-09-30": -231.4, "2008-06-30": 170.3, "2008-03-31": "667.70000", "2007-12-31": 61.9, "2007-09-30": -127.8, "2007-06-30": -88.3, "2007-03-31": "96.70000", "2006-12-31": -203.7, "2006-09-30": -215.5, "2006-06-30": -61.2, "2006-03-31": "146.40000", "2005-12-31": 187.8, "2005-09-30": -6.9, "2005-06-30": -174.8, "2005-03-31": "-29.20000"}, "Net Common Equity Issued/Repurchased": {"2020-09-30": 0, "2020-06-30": 0, "2020-03-31": "", "2019-12-31": 0, "2019-09-30": 0, "2019-06-30": 0, "2019-03-31": "", "2018-12-31": -996.2, "2018-09-30": -511.1, "2018-06-30": 0, "2018-03-31": "", "2017-12-31": -152.4, "2017-09-30": 0, "2017-06-30": 0, "2017-03-31": "", "2016-12-31": -9430.7, "2016-09-30": 9414.6, "2016-06-30": 0, "2016-03-31": "", "2015-12-31": -19.8, "2015-09-30": -42.3, "2015-06-30": -50.4, "2015-03-31": "-73.60000", "2014-12-31": -39.9, "2014-09-30": -103.9, "2014-06-30": -114.3, "2014-03-31": "-44.40000", "2013-12-31": -299, "2013-09-30": -46.8, "2013-06-30": -38.6, "2013-03-31": "-33.80000", "2012-12-31": -25.1, "2012-09-30": -521, "2012-06-30": 470.2, "2012-03-31": "-16.40000", "2011-12-31": -27.2, "2011-09-30": -24.4, "2011-06-30": 0, "2011-03-31": "", "2010-12-31": 0, "2010-09-30": -500.1, "2010-06-30": 0, "2010-03-31": "", "2009-12-31": 0, "2009-09-30": 0, "2009-06-30": 0, "2009-03-31": "32.70000", "2008-12-31": 0, "2008-09-30": 0, "2008-06-30": 0, "2008-03-31": "", "2007-12-31": 7.4, "2007-09-30": 1.4, "2007-06-30": 4.9, "2007-03-31": "11.70000", "2006-12-31": 7.8, "2006-09-30": 6.6, "2006-06-30": 0.3, "2006-03-31": "2.00000", "2005-12-31": 0.2, "2005-09-30": -2.8, "2005-06-30": 0, "2005-03-31": ""}, "Net Total Equity Issued/Repurchased": {"2020-09-30": 0, "2020-06-30": 0, "2020-03-31": "", "2019-12-31": 0, "2019-09-30": 0, "2019-06-30": 0, "2019-03-31": "", "2018-12-31": -996.2, "2018-09-30": -511.1, "2018-06-30": 0, "2018-03-31": "", "2017-12-31": -152.4, "2017-09-30": 0, "2017-06-30": 0, "2017-03-31": "", "2016-12-31": -9430.7, "2016-09-30": 9414.6, "2016-06-30": 0, "2016-03-31": "", "2015-12-31": -19.8, "2015-09-30": -42.3, "2015-06-30": -50.4, "2015-03-31": "-73.60000", "2014-12-31": -39.9, "2014-09-30": -103.9, "2014-06-30": -114.3, "2014-03-31": "-44.40000", "2013-12-31": -299, "2013-09-30": -46.8, "2013-06-30": -38.6, "2013-03-31": "-33.80000", "2012-12-31": -25.1, "2012-09-30": -521, "2012-06-30": 470.2, "2012-03-31": "-16.40000", "2011-12-31": -27.2, "2011-09-30": -24.4, "2011-06-30": 0, "2011-03-31": "", "2010-12-31": 0, "2010-09-30": -500.1, "2010-06-30": 0, "2010-03-31": "", "2009-12-31": 0, "2009-09-30": 0, "2009-06-30": 0, "2009-03-31": "32.70000", "2008-12-31": 0, "2008-09-30": 0, "2008-06-30": 0, "2008-03-31": "", "2007-12-31": 7.4, "2007-09-30": 1.4, "2007-06-30": 4.9, "2007-03-31": "11.70000", "2006-12-31": 7.8, "2006-09-30": 6.6, "2006-06-30": 0.3, "2006-03-31": "2.00000", "2005-12-31": 0.2, "2005-09-30": -2.8, "2005-06-30": 0, "2005-03-31": ""}, "Total Common And Preferred Stock Dividends Paid": {"2020-09-30": -97, "2020-06-30": -98, "2020-03-31": "-99.00000", "2019-12-31": -268.2, "2019-09-30": -98, "2019-06-30": -97, "2019-03-31": "-98.00000", "2018-12-31": -102.3, "2018-09-30": -107.4, "2018-06-30": -112.3, "2018-03-31": "-112.60000", "2017-12-31": -111.5, "2017-09-30": -274.4, "2017-06-30": -111.4, "2017-03-31": "-92.90000", "2016-12-31": -91.7, "2016-09-30": -91.9, "2016-06-30": -91.7, "2016-03-31": "-53.30000", "2015-12-31": -50.9, "2015-09-30": -51, "2015-06-30": -51.2, "2015-03-31": "-53.20000", "2014-12-31": -46.4, "2014-09-30": -46.3, "2014-06-30": -46.9, "2014-03-31": "-42.90000", "2013-12-31": -42, "2013-09-30": -44, "2013-06-30": -43.6, "2013-03-31": "-44.50000", "2012-12-31": -43.5, "2012-09-30": -29.1, "2012-06-30": -29.1, "2012-03-31": "-24.20000", "2011-12-31": -23.3, "2011-09-30": -23.5, "2011-06-30": -23.4, "2011-03-31": "-14.70000", "2010-12-31": -14.6, "2010-09-30": -12.8, "2010-06-30": -14.1, "2010-03-31": "-13.90000", "2009-12-31": -14.1, "2009-09-30": -13.9, "2009-06-30": -14, "2009-03-31": "-29.40000", "2008-12-31": -58.4, "2008-09-30": -58.7, "2008-06-30": -58.6, "2008-03-31": "-58.80000", "2007-12-31": -58.7, "2007-09-30": -58.7, "2007-06-30": -58.7, "2007-03-31": "-58.60000", "2006-12-31": -58.2, "2006-09-30": -58.2, "2006-06-30": -58.2, "2006-03-31": "-58.20000", "2005-12-31": -57.8, "2005-09-30": -57.9, "2005-06-30": -57.8, "2005-03-31": "-58.00000"}, "Financial Activities - Other": {"2020-09-30": -9, "2020-06-30": 4, "2020-03-31": "-17.00000", "2019-12-31": -0.3, "2019-09-30": 3, "2019-06-30": -6, "2019-03-31": "-2.00000", "2018-12-31": -0.1, "2018-09-30": -0.2, "2018-06-30": -3.7, "2018-03-31": "-14.80000", "2017-12-31": 0.9, "2017-09-30": 0.3, "2017-06-30": -4.6, "2017-03-31": "-15.20000", "2016-12-31": 12.9, "2016-09-30": 5, "2016-06-30": 0.1, "2016-03-31": "-18.00000", "2015-12-31": -10.6, "2015-09-30": 5.6, "2015-06-30": 3.4, "2015-03-31": "1.60000", "2014-12-31": -42.5, "2014-09-30": 16.2, "2014-06-30": 20.1, "2014-03-31": "16.30000", "2013-12-31": -35.4, "2013-09-30": 1.1, "2013-06-30": 23.2, "2013-03-31": "25.70000", "2012-12-31": 5, "2012-09-30": 16.2, "2012-06-30": 2.4, "2012-03-31": "4.10000", "2011-12-31": 1.6, "2011-09-30": 0, "2011-06-30": -0.6, "2011-03-31": "-7.00000", "2010-12-31": 3.1, "2010-09-30": 13.5, "2010-06-30": -0.2, "2010-03-31": "-2.90000", "2009-12-31": -0.2, "2009-09-30": -0.3, "2009-06-30": -0.9, "2009-03-31": "-101.20000", "2008-12-31": -2.5, "2008-09-30": -2.7, "2008-06-30": 1.2, "2008-03-31": "-1.00000", "2007-12-31": 0, "2007-09-30": 0, "2007-06-30": 0, "2007-03-31": "", "2006-12-31": 0, "2006-09-30": 0, "2006-06-30": 0, "2006-03-31": "", "2005-12-31": 0, "2005-09-30": 0, "2005-06-30": 0, "2005-03-31": ""}, "Cash Flow From Financial Activities": {"2020-09-30": -413, "2020-06-30": 66, "2020-03-31": "173.00000", "2019-12-31": -879.6, "2019-09-30": -538, "2019-06-30": -631, "2019-03-31": "145.00000", "2018-12-31": -3686.5, "2018-09-30": -1505.1, "2018-06-30": -737.6, "2018-03-31": "474.70000", "2017-12-31": -1189.9, "2017-09-30": -208.2, "2017-06-30": 61.9, "2017-03-31": "-859.60000", "2016-12-31": -902.9, "2016-09-30": -317.5, "2016-06-30": 310.3, "2016-03-31": "8238.60000", "2015-12-31": 214.8, "2015-09-30": -232.2, "2015-06-30": -55.6, "2015-03-31": "218.20000", "2014-12-31": 122, "2014-09-30": -6.3, "2014-06-30": -70.6, "2014-03-31": "73.90000", "2013-12-31": -231.3, "2013-09-30": -472.7, "2013-06-30": -57.6, "2013-03-31": "148.10000", "2012-12-31": -304.3, "2012-09-30": -369.5, "2012-06-30": 121.9, "2012-03-31": "105.90000", "2011-12-31": -182.4, "2011-09-30": -274.6, "2011-06-30": -35.4, "2011-03-31": "167.80000", "2010-12-31": -167.7, "2010-09-30": -267.1, "2010-06-30": -118.8, "2010-03-31": "-18.30000", "2009-12-31": -158, "2009-09-30": -398.8, "2009-06-30": -397.8, "2009-03-31": "527.60000", "2008-12-31": -122, "2008-09-30": -292.8, "2008-06-30": 112.9, "2008-03-31": "607.90000", "2007-12-31": 10.6, "2007-09-30": -185.1, "2007-06-30": -142.1, "2007-03-31": "49.80000", "2006-12-31": -254.1, "2006-09-30": -267.1, "2006-06-30": -119.1, "2006-03-31": "90.20000", "2005-12-31": 130.2, "2005-09-30": -67.6, "2005-06-30": -232.6, "2005-03-31": "-87.20000"}, "Net Cash Flow": {"2020-09-30": 231, "2020-06-30": 147, "2020-03-31": "116.00000", "2019-12-31": -94.8, "2019-09-30": -159, "2019-06-30": 261, "2019-03-31": "-132.00000", "2018-12-31": -947.9, "2018-09-30": -835.8, "2018-06-30": 1820.4, "2018-03-31": "-26.70000", "2017-12-31": -306.6, "2017-09-30": 12.1, "2017-06-30": 92.7, "2017-03-31": "100.00000", "2016-12-31": -82.5, "2016-09-30": 42.7, "2016-06-30": -7553.6, "2016-03-31": "7906.10000", "2015-12-31": 8.6, "2015-09-30": 27.5, "2015-06-30": 23.3, "2015-03-31": "16.00000", "2014-12-31": 66.8, "2014-09-30": -10.1, "2014-06-30": 5.9, "2014-03-31": "-89.50000", "2013-12-31": 28.9, "2013-09-30": 43.3, "2013-06-30": -20.1, "2013-03-31": "-9.60000", "2012-12-31": -66.3, "2012-09-30": -120.7, "2012-06-30": 180.7, "2012-03-31": "19.90000", "2011-12-31": 31.3, "2011-09-30": -4.7, "2011-06-30": 3.9, "2011-03-31": "0.10000", "2010-12-31": -13.9, "2010-09-30": -106.3, "2010-06-30": 6.8, "2010-03-31": "-25.30000", "2009-12-31": -34.7, "2009-09-30": -105.1, "2009-06-30": -337.8, "2009-03-31": "480.50000", "2008-12-31": 54.8, "2008-09-30": 9.2, "2008-06-30": -540.7, "2008-03-31": "422.90000", "2007-12-31": 159.7, "2007-09-30": 6.7, "2007-06-30": -55, "2007-03-31": "16.80000", "2006-12-31": 63.6, "2006-09-30": 21.1, "2006-06-30": -59.8, "2006-03-31": "60.60000", "2005-12-31": -370, "2005-09-30": 273.3, "2005-06-30": -217.6, "2005-03-31": "-75.80000"}, "Stock-Based Compensation": {"2020-09-30": 10, "2020-06-30": 10, "2020-03-31": "8.00000", "2019-12-31": 13.5, "2019-09-30": 9, "2019-06-30": 15, "2019-03-31": "5.00000", "2018-12-31": 17.8, "2018-09-30": 20.2, "2018-06-30": 27.6, "2018-03-31": "10.10000", "2017-12-31": 9.7, "2017-09-30": 21.5, "2017-06-30": 19.3, "2017-03-31": "20.40000", "2016-12-31": 16.1, "2016-09-30": 18.7, "2016-06-30": 19.2, "2016-03-31": "9.90000", "2015-12-31": 7.2, "2015-09-30": 7.9, "2015-06-30": 7.3, "2015-03-31": "6.80000", "2014-12-31": 8.6, "2014-09-30": 6.8, "2014-06-30": 7.5, "2014-03-31": "7.00000", "2013-12-31": 9.5, "2013-09-30": 8, "2013-06-30": 10.3, "2013-03-31": "9.40000", "2012-12-31": 6.6, "2012-09-30": 8.1, "2012-06-30": 8.8, "2012-03-31": "9.40000", "2011-12-31": 14.6, "2011-09-30": 11.7, "2011-06-30": 8.6, "2011-03-31": "8.10000", "2010-12-31": 8.7, "2010-09-30": 9, "2010-06-30": 8.3, "2010-03-31": "10.50000", "2009-12-31": 9.2, "2009-09-30": 9.3, "2009-06-30": 7.8, "2009-03-31": "8.80000", "2008-12-31": 8.1, "2008-09-30": 10.6, "2008-06-30": 9.4, "2008-03-31": "7.50000", "2007-12-31": 8.5, "2007-09-30": 9.4, "2007-06-30": 10, "2007-03-31": "8.50000", "2006-12-31": 19.3, "2006-09-30": 9.3, "2006-06-30": 8.5, "2006-03-31": "6.90000", "2005-12-31": 1.5, "2005-09-30": 1.7, "2005-06-30": 1.6, "2005-03-31": "1.30000"}, "Common Stock Dividends Paid": {"2020-09-30": -97, "2020-06-30": -98, "2020-03-31": "-99.00000", "2019-12-31": -268.2, "2019-09-30": -98, "2019-06-30": -97, "2019-03-31": "-98.00000", "2018-12-31": -102.3, "2018-09-30": -107.4, "2018-06-30": -112.3, "2018-03-31": "-112.60000", "2017-12-31": -111.5, "2017-09-30": -274.4, "2017-06-30": -111.4, "2017-03-31": "-92.90000", "2016-12-31": -91.7, "2016-09-30": -91.9, "2016-06-30": -91.7, "2016-03-31": "-53.30000", "2015-12-31": -50.9, "2015-09-30": -51, "2015-06-30": -51.2, "2015-03-31": "-53.20000", "2014-12-31": -46.4, "2014-09-30": -46.3, "2014-06-30": -46.9, "2014-03-31": "-42.90000", "2013-12-31": -42, "2013-09-30": -44, "2013-06-30": -43.6, "2013-03-31": "-44.50000", "2012-12-31": -43.5, "2012-09-30": -29.1, "2012-06-30": -29.1, "2012-03-31": "-24.20000", "2011-12-31": -23.3, "2011-09-30": -23.5, "2011-06-30": -23.4, "2011-03-31": "-14.70000", "2010-12-31": -14.6, "2010-09-30": -12.8, "2010-06-30": -14.1, "2010-03-31": "-13.90000", "2009-12-31": -14.1, "2009-09-30": -13.9, "2009-06-30": -14, "2009-03-31": "-29.40000", "2008-12-31": -58.4, "2008-09-30": -58.7, "2008-06-30": -58.6, "2008-03-31": "-58.80000", "2007-12-31": -58.7, "2007-09-30": -58.7, "2007-06-30": -58.7, "2007-03-31": "-58.60000", "2006-12-31": -58.2, "2006-09-30": -58.2, "2006-06-30": -58.2, "2006-03-31": "-58.20000", "2005-12-31": -57.8, "2005-09-30": -57.9, "2005-06-30": -57.8, "2005-03-31": "-58.00000"}}, "financial ratios": {"Current Ratio": {"2019-12-31": "1.38010", "2018-12-31": "1.80370", "2017-12-31": "2.18550", "2016-12-31": "1.74380", "2015-12-31": "1.25390", "2014-12-31": "1.21370", "2013-12-31": "1.42450", "2012-12-31": "1.44580", "2011-12-31": "1.29330", "2010-12-31": "1.27980", "2009-12-31": "1.24020", "2008-12-31": "1.07150", "2007-12-31": "1.03430", "2006-12-31": "1.30600", "2005-12-31": "1.37570"}, "Long-term Debt / Capital": {"2019-12-31": "0.51900", "2018-12-31": "0.56040", "2017-12-31": "0.41080", "2016-12-31": "0.49790", "2015-12-31": "0.59370", "2014-12-31": "0.52910", "2013-12-31": "0.44470", "2012-12-31": "0.46040", "2011-12-31": "0.49410", "2010-12-31": "0.52000", "2009-12-31": "0.53070", "2008-12-31": "0.57140", "2007-12-31": "0.34760", "2006-12-31": "0.51060", "2005-12-31": "0.59660"}, "Debt/Equity Ratio": {"2019-12-31": "1.14570", "2018-12-31": "1.33540", "2017-12-31": "0.74400", "2016-12-31": "1.04470", "2015-12-31": "1.67430", "2014-12-31": "1.33800", "2013-12-31": "0.88500", "2012-12-31": "0.95910", "2011-12-31": "1.17500", "2010-12-31": "1.24320", "2009-12-31": "1.40770", "2008-12-31": "1.81250", "2007-12-31": "0.97220", "2006-12-31": "1.19020", "2005-12-31": "1.58010"}, "Gross Margin": {"2019-12-31": "33.13880", "2018-12-31": "34.64350", "2017-12-31": "34.11250", "2016-12-31": "32.35890", "2015-12-31": "38.95740", "2014-12-31": "38.47390", "2013-12-31": "37.89730", "2012-12-31": "38.01580", "2011-12-31": "38.12070", "2010-12-31": "37.97500", "2009-12-31": "37.02270", "2008-12-31": "32.81300", "2007-12-31": "35.22860", "2006-12-31": "33.38170", "2005-12-31": "30.75110"}, "Operating Margin": {"2019-12-31": "-4.95840", "2018-12-31": "-74.39430", "2017-12-31": "6.32740", "2016-12-31": "3.24690", "2015-12-31": "10.16620", "2014-12-31": "10.55880", "2013-12-31": "10.97020", "2012-12-31": "11.57670", "2011-12-31": "5.67880", "2010-12-31": "11.01940", "2009-12-31": "10.49170", "2008-12-31": "3.10330", "2007-12-31": "11.55400", "2006-12-31": "10.58860", "2005-12-31": "9.92440"}, "EBIT Margin": {"2019-12-31": "-4.95840", "2018-12-31": "-74.39430", "2017-12-31": "6.32740", "2016-12-31": "3.24690", "2015-12-31": "10.16620", "2014-12-31": "10.55880", "2013-12-31": "10.97020", "2012-12-31": "11.57670", "2011-12-31": "5.67880", "2010-12-31": "11.01940", "2009-12-31": "10.49170", "2008-12-31": "3.10330", "2007-12-31": "11.55400", "2006-12-31": "10.58860", "2005-12-31": "9.92440"}, "EBITDA Margin": {"2019-12-31": "13.37530", "2018-12-31": "26.40730", "2017-12-31": "12.77840", "2016-12-31": "8.00880", "2015-12-31": "13.06690", "2014-12-31": "13.28440", "2013-12-31": "13.80420", "2012-12-31": "14.54840", "2011-12-31": "8.61080", "2010-12-31": "14.06460", "2009-12-31": "13.68490", "2008-12-31": "5.93610", "2007-12-31": "14.31650", "2006-12-31": "13.70590", "2005-12-31": "13.27570"}, "Pre-Tax Profit Margin": {"2019-12-31": "-8.76590", "2018-12-31": "-78.70500", "2017-12-31": "8.22980", "2016-12-31": "0.20480", "2015-12-31": "5.70520", "2014-12-31": "8.06880", "2013-12-31": "9.56480", "2012-12-31": "10.02090", "2011-12-31": "3.78290", "2010-12-31": "5.19250", "2009-12-31": "7.81630", "2008-12-31": "0.05870", "2007-12-31": "9.86380", "2006-12-31": "8.30350", "2005-12-31": "8.10540"}, "Net Profit Margin": {"2019-12-31": "1.09730", "2018-12-31": "-68.37210", "2017-12-31": "24.60790", "2016-12-31": "5.74880", "2015-12-31": "5.91650", "2014-12-31": "6.59680", "2013-12-31": "8.46440", "2012-12-31": "7.28510", "2011-12-31": "2.27150", "2010-12-31": "5.17480", "2009-12-31": "5.20660", "2008-12-31": "-0.80830", "2007-12-31": "7.29010", "2006-12-31": "6.20870", "2005-12-31": "4.39550"}, "Asset Turnover": {"2019-12-31": "0.62110", "2018-12-31": "0.57290", "2017-12-31": "0.33710", "2016-12-31": "0.27130", "2015-12-31": "0.81490", "2014-12-31": "0.87240", "2013-12-31": "0.92380", "2012-12-31": "0.88530", "2011-12-31": "0.89460", "2010-12-31": "0.88340", "2009-12-31": "0.85360", "2008-12-31": "0.95260", "2007-12-31": "0.95880", "2006-12-31": "0.98260", "2005-12-31": "0.88690"}, "Inventory Turnover Ratio": {"2019-12-31": "4.04280", "2018-12-31": "3.76910", "2017-12-31": "4.42730", "2016-12-31": "2.93490", "2015-12-31": "5.00290", "2014-12-31": "4.97330", "2013-12-31": "5.08780", "2012-12-31": "4.90290", "2011-12-31": "4.87300", "2010-12-31": "5.00210", "2009-12-31": "5.01790", "2008-12-31": "4.76640", "2007-12-31": "4.41310", "2006-12-31": "4.85660", "2005-12-31": "4.98750"}, "Receiveable Turnover": {"2019-12-31": "5.27550", "2018-12-31": "4.69330", "2017-12-31": "5.94390", "2016-12-31": "3.34240", "2015-12-31": "4.72990", "2014-12-31": "4.58820", "2013-12-31": "5.07370", "2012-12-31": "4.95190", "2011-12-31": "5.50070", "2010-12-31": "5.67010", "2009-12-31": "6.13290", "2008-12-31": "6.67550", "2007-12-31": "5.49320", "2006-12-31": "5.56840", "2005-12-31": "5.16130"}, "Days Sales In Receivables": {"2019-12-31": "69.18730", "2018-12-31": "77.77010", "2017-12-31": "61.40730", "2016-12-31": "109.20460", "2015-12-31": "77.16850", "2014-12-31": "79.55180", "2013-12-31": "71.93890", "2012-12-31": "73.70900", "2011-12-31": "66.35520", "2010-12-31": "64.37270", "2009-12-31": "59.51540", "2008-12-31": "54.67720", "2007-12-31": "66.44550", "2006-12-31": "65.54810", "2005-12-31": "70.71830"}, "ROE - Return On Equity": {"2019-12-31": "3.72500", "2018-12-31": "-126.26210", "2017-12-31": "17.16560", "2016-12-31": "-0.33640", "2015-12-31": "14.19730", "2014-12-31": "20.10890", "2013-12-31": "20.06270", "2012-12-31": "19.52310", "2011-12-31": "10.10470", "2010-12-31": "15.12460", "2009-12-31": "16.03640", "2008-12-31": "-3.13480", "2007-12-31": "21.46130", "2006-12-31": "24.90210", "2005-12-31": "24.72610"}, "Return On Tangible Equity": {"2019-12-31": "-5.12790", "2018-12-31": "139.01450", "2017-12-31": "-84.19400", "2016-12-31": "0.29580", "2015-12-31": "-12.78280", "2014-12-31": "-23.63300", "2013-12-31": "-46.22480", "2012-12-31": "-38.13110", "2011-12-31": "-15.87110", "2010-12-31": "-19.31250", "2009-12-31": "-17.66050", "2008-12-31": "2.84440", "2007-12-31": "-55.87350", "2006-12-31": "-46.86850", "2005-12-31": "-38.22560"}, "ROA - Return On Assets": {"2019-12-31": "1.18970", "2018-12-31": "-37.42610", "2017-12-31": "7.34650", "2016-12-31": "-0.11320", "2015-12-31": "3.57190", "2014-12-31": "5.68230", "2013-12-31": "6.85870", "2012-12-31": "6.27610", "2011-12-31": "3.03850", "2010-12-31": "4.49940", "2009-12-31": "4.44900", "2008-12-31": "-0.73320", "2007-12-31": "7.21690", "2006-12-31": "7.45900", "2005-12-31": "6.30300"}, "ROI - Return On Investment": {"2019-12-31": "1.79160", "2018-12-31": "-55.50690", "2017-12-31": "10.11320", "2016-12-31": "-0.16890", "2015-12-31": "5.76800", "2014-12-31": "9.46840", "2013-12-31": "11.14110", "2012-12-31": "10.53500", "2011-12-31": "5.11210", "2010-12-31": "7.26050", "2009-12-31": "7.52600", "2008-12-31": "-1.34340", "2007-12-31": "14.00120", "2006-12-31": "12.18640", "2005-12-31": "9.97570"}, "Book Value Per Share": {"2019-12-31": "11.79690", "2018-12-31": "12.42480", "2017-12-31": "29.22770", "2016-12-31": "23.59460", "2015-12-31": "6.83530", "2014-12-31": "6.89040", "2013-12-31": "7.44800", "2012-12-31": "6.97180", "2011-12-31": "6.42590", "2010-12-31": "6.55940", "2009-12-31": "6.41540", "2008-12-31": "5.42000", "2007-12-31": "7.68050", "2006-12-31": "6.86600", "2005-12-31": "5.98620"}, "Operating Cash Flow Per Share": {"2019-12-31": 1.0273, "2018-12-31": -0.5444, "2017-12-31": -2.3885, "2016-12-31": 2.1846, "2015-12-31": -0.0898, "2014-12-31": 0.1996, "2013-12-31": -0.0326, "2012-12-31": 0.2116, "2011-12-31": -0.0127, "2010-12-31": -0.1399, "2009-12-31": 0.4224, "2008-12-31": -0.6533, "2007-12-31": -0.0569, "2006-12-31": 0.0015, "2005-12-31": 2.3339}, "Free Cash Flow Per Share": {"2019-12-31": 1.2139, "2018-12-31": -0.5235, "2017-12-31": -2.1732, "2016-12-31": 1.9155, "2015-12-31": -0.356, "2014-12-31": -0.4897, "2013-12-31": 0.7478, "2012-12-31": 0.2111, "2011-12-31": -0.1314, "2010-12-31": -0.1632, "2009-12-31": 0.4916, "2008-12-31": -0.6286, "2007-12-31": -0.7886, "2006-12-31": 0.2754, "2005-12-31": 2.2368}}, "financial ratios, quarterly": {"Current Ratio": {"2020-09-30": "1.51350", "2020-06-30": "1.46930", "2020-03-31": "1.32730", "2019-12-31": "1.38010", "2019-09-30": "1.48430", "2019-06-30": "2.25200", "2019-03-31": "2.11630", "2018-12-31": "1.80370", "2018-09-30": "2.98010", "2018-06-30": "3.16550", "2018-03-31": "1.72250", "2017-12-31": "2.18550", "2017-09-30": "1.45560", "2017-06-30": "1.48830", "2017-03-31": "1.50260", "2016-12-31": "1.74380", "2016-09-30": "1.93790", "2016-06-30": "1.62940", "2016-03-31": "4.77880", "2015-12-31": "1.25390", "2015-09-30": "1.20790", "2015-06-30": "1.19360", "2015-03-31": "1.18530", "2014-12-31": "1.21370", "2014-09-30": "1.08620", "2014-06-30": "1.23770", "2014-03-31": "1.43700", "2013-12-31": "1.42450", "2013-09-30": "1.65250", "2013-06-30": "1.41210", "2013-03-31": "1.40730", "2012-12-31": "1.44580", "2012-09-30": "1.12960", "2012-06-30": "1.08590", "2012-03-31": "1.32650", "2011-12-31": "1.29330", "2011-09-30": "1.28900", "2011-06-30": "1.19270", "2011-03-31": "1.14920", "2010-12-31": "1.27980", "2010-09-30": "1.23410", "2010-06-30": "1.36080", "2010-03-31": "1.31260", "2009-12-31": "1.24020", "2009-09-30": "1.17140", "2009-06-30": "1.39490", "2009-03-31": "1.40390", "2008-12-31": "1.07150", "2008-09-30": "1.26090", "2008-06-30": "1.08130", "2008-03-31": "1.34750", "2007-12-31": "1.03430", "2007-09-30": "1.11770", "2007-06-30": "1.78550", "2007-03-31": "1.81730", "2006-12-31": "1.30600", "2006-09-30": "1.32070", "2006-06-30": "1.37390", "2006-03-31": "1.38060", "2005-12-31": "1.37570", "2005-09-30": "1.85080", "2005-06-30": "1.81370", "2005-03-31": "1.70840"}, "Long-term Debt / Capital": {"2020-09-30": "0.60710", "2020-06-30": "0.62180", "2020-03-31": "0.60710", "2019-12-31": "0.51900", "2019-09-30": "0.57720", "2019-06-30": "0.57270", "2019-03-31": "0.57330", "2018-12-31": "0.56040", "2018-09-30": "0.60670", "2018-06-30": "0.39930", "2018-03-31": "0.40450", "2017-12-31": "0.41080", "2017-09-30": "0.44370", "2017-06-30": "0.45310", "2017-03-31": "0.46200", "2016-12-31": "0.49790", "2016-09-30": "0.51240", "2016-06-30": "0.51500", "2016-03-31": "0.85640", "2015-12-31": "0.59370", "2015-09-30": "0.53970", "2015-06-30": "0.53850", "2015-03-31": "0.55210", "2014-12-31": "0.52910", "2014-09-30": "0.41150", "2014-06-30": "0.40370", "2014-03-31": "0.44560", "2013-12-31": "0.44470", "2013-09-30": "0.43250", "2013-06-30": "0.44990", "2013-03-31": "0.46080", "2012-12-31": "0.46040", "2012-09-30": "0.39790", "2012-06-30": "0.41000", "2012-03-31": "0.48040", "2011-12-31": "0.49410", "2011-09-30": "0.48820", "2011-06-30": "0.45250", "2011-03-31": "0.46840", "2010-12-31": "0.52000", "2010-09-30": "0.52820", "2010-06-30": "0.51900", "2010-03-31": "0.52580", "2009-12-31": "0.53070", "2009-09-30": "0.52470", "2009-06-30": "0.57310", "2009-03-31": "0.62350", "2008-12-31": "0.57140", "2008-09-30": "0.50710", "2008-06-30": "0.45970", "2008-03-31": "0.46390", "2007-12-31": "0.34760", "2007-09-30": "0.38100", "2007-06-30": "0.52430", "2007-03-31": "0.55070", "2006-12-31": "0.51060", "2006-09-30": "0.52680", "2006-06-30": "0.56510", "2006-03-31": "0.58380", "2005-12-31": "0.59660", "2005-09-30": "0.58030", "2005-06-30": "0.58270", "2005-03-31": "0.57900"}, "Debt/Equity Ratio": {"2020-09-30": "1.57090", "2020-06-30": "1.75850", "2020-03-31": "1.72870", "2019-12-31": "1.14550", "2019-09-30": "1.51750", "2019-06-30": "1.34900", "2019-03-31": "1.45860", "2018-12-31": "1.33540", "2018-09-30": "1.59520", "2018-06-30": "0.75070", "2018-03-31": "0.78750", "2017-12-31": "0.74400", "2017-09-30": "0.89860", "2017-06-30": "0.92800", "2017-03-31": "0.92970", "2016-12-31": "1.04470", "2016-09-30": "1.11220", "2016-06-30": "1.14500", "2016-03-31": "6.39530", "2015-12-31": "1.67430", "2015-09-30": "1.52910", "2015-06-30": "1.60590", "2015-03-31": "1.66830", "2014-12-31": "1.33800", "2014-09-30": "1.07780", "2014-06-30": "0.98160", "2014-03-31": "0.95790", "2013-12-31": "0.88500", "2013-09-30": "0.77570", "2013-06-30": "1.02040", "2013-03-31": "1.06240", "2012-12-31": "0.95910", "2012-09-30": "1.04710", "2012-06-30": "1.26310", "2012-03-31": "1.18570", "2011-12-31": "1.17500", "2011-09-30": "1.21900", "2011-06-30": "1.15720", "2011-03-31": "1.24220", "2010-12-31": "1.24320", "2010-09-30": "1.36550", "2010-06-30": "1.28670", "2010-03-31": "1.38170", "2009-12-31": "1.40770", "2009-09-30": "1.44830", "2009-06-30": "1.69830", "2009-03-31": "2.12640", "2008-12-31": "1.81250", "2008-09-30": "1.28420", "2008-06-30": "1.32570", "2008-03-31": "1.27050", "2007-12-31": "0.97220", "2007-09-30": "0.98330", "2007-06-30": "1.11380", "2007-03-31": "1.23840", "2006-12-31": "1.19020", "2006-09-30": "1.34800", "2006-06-30": "1.54820", "2006-03-31": "1.65230", "2005-12-31": "1.58010", "2005-09-30": "1.40130", "2005-06-30": "1.41880", "2005-03-31": "1.49880"}, "Gross Margin": {"2020-09-30": "33.86440", "2020-06-30": "31.45430", "2020-03-31": "32.71470", "2019-12-31": "32.48600", "2019-09-30": "32.97000", "2019-06-30": "34.87900", "2019-03-31": "32.07640", "2018-12-31": "34.02370", "2018-09-30": "35.91640", "2018-06-30": "35.19260", "2018-03-31": "33.41430", "2017-12-31": "32.68620", "2017-09-30": "35.06450", "2017-06-30": "34.70760", "2017-03-31": "34.20380", "2016-12-31": "178.86980", "2016-09-30": "32.23590", "2016-06-30": "28.39630", "2016-03-31": "38.45160", "2015-12-31": "38.26240", "2015-09-30": "39.14380", "2015-06-30": "39.78470", "2015-03-31": "38.56800", "2014-12-31": "37.62120", "2014-09-30": "38.84810", "2014-06-30": "39.64850", "2014-03-31": "37.63490", "2013-12-31": "36.20740", "2013-09-30": "37.68500", "2013-06-30": "39.51310", "2013-03-31": "38.16890", "2012-12-31": "35.93550", "2012-09-30": "38.36910", "2012-06-30": "38.77780", "2012-03-31": "39.02440", "2011-12-31": "39.61310", "2011-09-30": "37.37660", "2011-06-30": "37.81790", "2011-03-31": "38.05530", "2010-12-31": "37.86060", "2010-09-30": "38.44420", "2010-06-30": "39.25280", "2010-03-31": "36.10690", "2009-12-31": "38.18430", "2009-09-30": "37.44650", "2009-06-30": "37.11360", "2009-03-31": "35.11920", "2008-12-31": "29.95520", "2008-09-30": "32.64790", "2008-06-30": "34.14610", "2008-03-31": "34.21220", "2007-12-31": "35.06240", "2007-09-30": "35.61900", "2007-06-30": "35.76870", "2007-03-31": "34.28920", "2006-12-31": "32.94470", "2006-09-30": "33.74310", "2006-06-30": "34.45320", "2006-03-31": "32.18380", "2005-12-31": "31.82120", "2005-09-30": "32.18710", "2005-06-30": "31.34440", "2005-03-31": "27.48880"}, "Operating Margin": {"2020-09-30": "13.44940", "2020-06-30": "7.72150", "2020-03-31": "-74.65540", "2019-12-31": "5.04210", "2019-09-30": "-33.35930", "2019-06-30": "9.31450", "2019-03-31": "0.58770", "2018-12-31": "6.22460", "2018-09-30": "-307.41560", "2018-06-30": "3.81090", "2018-03-31": "-1.45740", "2017-12-31": "10.97560", "2017-09-30": "5.72040", "2017-06-30": "3.65200", "2017-03-31": "4.71480", "2016-12-31": "-545.10340", "2016-09-30": "8.19050", "2016-06-30": "3.56870", "2016-03-31": "9.53680", "2015-12-31": "6.52870", "2015-09-30": "12.19610", "2015-06-30": "13.75490", "2015-03-31": "7.76900", "2014-12-31": "7.43770", "2014-09-30": "11.66720", "2014-06-30": "14.19920", "2014-03-31": "8.62230", "2013-12-31": "10.76190", "2013-09-30": "12.17520", "2013-06-30": "12.57200", "2013-03-31": "7.88200", "2012-12-31": "10.91000", "2012-09-30": "12.83550", "2012-06-30": "12.44650", "2012-03-31": "9.85210", "2011-12-31": "15.87150", "2011-09-30": "-12.40080", "2011-06-30": "12.67720", "2011-03-31": "10.04550", "2010-12-31": "8.29440", "2010-09-30": "11.91400", "2010-06-30": "13.60110", "2010-03-31": "9.95870", "2009-12-31": "9.77980", "2009-09-30": "11.40790", "2009-06-30": "13.26200", "2009-03-31": "6.71150", "2008-12-31": "-16.40370", "2008-09-30": "9.48130", "2008-06-30": "8.81600", "2008-03-31": "7.74920", "2007-12-31": "10.52660", "2007-09-30": "12.67110", "2007-06-30": "13.74990", "2007-03-31": "8.72580", "2006-12-31": "10.18800", "2006-09-30": "11.23510", "2006-06-30": "12.34320", "2006-03-31": "8.17820", "2005-12-31": "9.89120", "2005-09-30": "13.92180", "2005-06-30": "10.38360", "2005-03-31": "5.22340"}, "EBIT Margin": {"2020-09-30": "13.44940", "2020-06-30": "7.72150", "2020-03-31": "-74.65540", "2019-12-31": "5.04210", "2019-09-30": "-33.35930", "2019-06-30": "9.31450", "2019-03-31": "0.58770", "2018-12-31": "6.22460", "2018-09-30": "-307.41560", "2018-06-30": "3.81090", "2018-03-31": "-1.45740", "2017-12-31": "10.97560", "2017-09-30": "5.72040", "2017-06-30": "3.65200", "2017-03-31": "4.71480", "2016-12-31": "-545.10340", "2016-09-30": "8.19050", "2016-06-30": "3.56870", "2016-03-31": "9.53680", "2015-12-31": "6.52870", "2015-09-30": "12.19610", "2015-06-30": "13.75490", "2015-03-31": "7.76900", "2014-12-31": "7.43770", "2014-09-30": "11.66720", "2014-06-30": "14.19920", "2014-03-31": "8.62230", "2013-12-31": "10.76190", "2013-09-30": "12.17520", "2013-06-30": "12.57200", "2013-03-31": "7.88200", "2012-12-31": "10.91000", "2012-09-30": "12.83550", "2012-06-30": "12.44650", "2012-03-31": "9.85210", "2011-12-31": "15.87150", "2011-09-30": "-12.40080", "2011-06-30": "12.67720", "2011-03-31": "10.04550", "2010-12-31": "8.29440", "2010-09-30": "11.91400", "2010-06-30": "13.60110", "2010-03-31": "9.95870", "2009-12-31": "9.77980", "2009-09-30": "11.40790", "2009-06-30": "13.26200", "2009-03-31": "6.71150", "2008-12-31": "-16.40370", "2008-09-30": "9.48130", "2008-06-30": "8.81600", "2008-03-31": "7.74920", "2007-12-31": "10.52660", "2007-09-30": "12.67110", "2007-06-30": "13.74990", "2007-03-31": "8.72580", "2006-12-31": "10.18800", "2006-09-30": "11.23510", "2006-06-30": "12.34320", "2006-03-31": "8.17820", "2005-12-31": "9.89120", "2005-09-30": "13.92180", "2005-06-30": "10.38360", "2005-03-31": "5.22340"}, "EBITDA Margin": {"2020-09-30": "", "2020-06-30": "", "2020-03-31": "", "2019-12-31": "", "2019-09-30": "", "2019-06-30": "", "2019-03-31": "", "2018-12-31": "", "2018-09-30": "", "2018-06-30": "", "2018-03-31": "", "2017-12-31": "", "2017-09-30": "", "2017-06-30": "", "2017-03-31": "", "2016-12-31": "", "2016-09-30": "", "2016-06-30": "", "2016-03-31": "", "2015-12-31": "", "2015-09-30": "", "2015-06-30": "", "2015-03-31": "", "2014-12-31": "", "2014-09-30": "", "2014-06-30": "", "2014-03-31": "", "2013-12-31": "", "2013-09-30": "", "2013-06-30": "", "2013-03-31": "", "2012-12-31": "", "2012-09-30": "", "2012-06-30": "", "2012-03-31": "", "2011-12-31": "", "2011-09-30": "", "2011-06-30": "", "2011-03-31": "", "2010-12-31": "", "2010-09-30": "", "2010-06-30": "", "2010-03-31": "", "2009-12-31": "", "2009-09-30": "", "2009-06-30": "", "2009-03-31": "", "2008-12-31": "", "2008-09-30": "", "2008-06-30": "", "2008-03-31": "", "2007-12-31": "", "2007-09-30": "", "2007-06-30": "", "2007-03-31": "", "2006-12-31": "", "2006-09-30": "", "2006-06-30": "", "2006-03-31": "", "2005-12-31": "", "2005-09-30": "", "2005-06-30": "", "2005-03-31": ""}, "Pre-Tax Profit Margin": {"2020-09-30": "10.48540", "2020-06-30": "4.40550", "2020-03-31": "-78.63200", "2019-12-31": "2.18760", "2019-09-30": "-37.68000", "2019-06-30": "6.16940", "2019-03-31": "-4.60330", "2018-12-31": "3.27650", "2018-09-30": "-311.72360", "2018-06-30": "-1.06290", "2018-03-31": "-7.78910", "2017-12-31": "7.01350", "2017-09-30": "-0.81080", "2017-06-30": "-2.17220", "2017-03-31": "24.18950", "2016-12-31": "-760.76350", "2016-09-30": "5.05990", "2016-06-30": "4.41350", "2016-03-31": "3.92430", "2015-12-31": "-5.94570", "2015-09-30": "10.44440", "2015-06-30": "12.27500", "2015-03-31": "6.24210", "2014-12-31": "3.91220", "2014-09-30": "10.18530", "2014-06-30": "13.37370", "2014-03-31": "4.14230", "2013-12-31": "9.66750", "2013-09-30": "11.05660", "2013-06-30": "11.27010", "2013-03-31": "5.65760", "2012-12-31": "9.36910", "2012-09-30": "11.22250", "2012-06-30": "10.96610", "2012-03-31": "8.26070", "2011-12-31": "13.79670", "2011-09-30": "-14.19450", "2011-06-30": "11.07230", "2011-03-31": "7.83240", "2010-12-31": "6.47440", "2010-09-30": "-4.83110", "2010-06-30": "11.77650", "2010-03-31": "7.53210", "2009-12-31": "6.94470", "2009-09-30": "8.90270", "2009-06-30": "10.50320", "2009-03-31": "4.11160", "2008-12-31": "-19.06990", "2008-09-30": "4.16410", "2008-06-30": "6.67360", "2008-03-31": "5.96360", "2007-12-31": "9.24810", "2007-09-30": "10.88720", "2007-06-30": "12.03710", "2007-03-31": "6.68880", "2006-12-31": "8.24690", "2006-09-30": "8.94650", "2006-06-30": "10.05450", "2006-03-31": "5.48190", "2005-12-31": "9.23370", "2005-09-30": "11.61080", "2005-06-30": "8.23320", "2005-03-31": "3.13260"}, "Net Profit Margin": {"2020-09-30": "11.26340", "2020-06-30": "3.69490", "2020-03-31": "-67.81550", "2019-12-31": "30.24510", "2019-09-30": "-24.36750", "2019-06-30": "3.62900", "2019-03-31": "-7.39470", "2018-12-31": "5.10830", "2018-09-30": "-286.85210", "2018-06-30": "5.98200", "2018-03-31": "2.94230", "2017-12-31": "56.79870", "2017-09-30": "9.50300", "2017-06-30": "8.82330", "2017-03-31": "19.54810", "2016-12-31": "312.45640", "2016-09-30": "4.71600", "2016-06-30": "3.50390", "2016-03-31": "3.08010", "2015-12-31": "0.84570", "2015-09-30": "8.77120", "2015-06-30": "9.51370", "2015-03-31": "4.28010", "2014-12-31": "3.40760", "2014-09-30": "8.23850", "2014-06-30": "10.02530", "2014-03-31": "4.35640", "2013-12-31": "8.22930", "2013-09-30": "13.18460", "2013-06-30": "7.44560", "2013-03-31": "4.36810", "2012-12-31": "7.40660", "2012-09-30": "7.43360", "2012-06-30": "7.84400", "2012-03-31": "6.34150", "2011-12-31": "7.03840", "2011-09-30": "-11.45880", "2011-06-30": "9.49330", "2011-03-31": "5.94100", "2010-12-31": "5.44570", "2010-09-30": "1.93110", "2010-06-30": "8.71540", "2010-03-31": "4.47030", "2009-12-31": "4.56940", "2009-09-30": "5.90060", "2009-06-30": "7.02650", "2009-03-31": "2.79920", "2008-12-31": "-17.68520", "2008-09-30": "3.12450", "2008-06-30": "5.06820", "2008-03-31": "3.96880", "2007-12-31": "6.41700", "2007-09-30": "10.08710", "2007-06-30": "8.39880", "2007-03-31": "3.56110", "2006-12-31": "6.23860", "2006-09-30": "6.84070", "2006-06-30": "7.31290", "2006-03-31": "4.08160", "2005-12-31": "5.62500", "2005-09-30": "4.97700", "2005-06-30": "4.27480", "2005-03-31": "2.68510"}, "Asset Turnover": {"2020-09-30": "0.18340", "2020-06-30": "0.14810", "2020-03-31": "0.13570", "2019-12-31": "0.16770", "2019-09-30": "0.16050", "2019-06-30": "0.14040", "2019-03-31": "0.11280", "2018-12-31": "0.20270", "2018-09-30": "0.11380", "2018-06-30": "0.06840", "2018-03-31": "0.05410", "2017-12-31": "0.08780", "2017-09-30": "0.07280", "2017-06-30": "0.07440", "2017-03-31": "0.09800", "2016-12-31": "0.00160", "2016-09-30": "0.11490", "2016-06-30": "0.11360", "2016-03-31": "0.08580", "2015-12-31": "0.21500", "2015-09-30": "0.22520", "2015-06-30": "0.22430", "2015-03-31": "0.19140", "2014-12-31": "0.23250", "2014-09-30": "0.23380", "2014-06-30": "0.24160", "2014-03-31": "0.20260", "2013-12-31": "0.23480", "2013-09-30": "0.23830", "2013-06-30": "0.23030", "2013-03-31": "0.20020", "2012-12-31": "0.22110", "2012-09-30": "0.22900", "2012-06-30": "0.21630", "2012-03-31": "0.19880", "2011-12-31": "0.18540", "2011-09-30": "0.24950", "2011-06-30": "0.22420", "2011-03-31": "0.19200", "2010-12-31": "0.21700", "2010-09-30": "0.22310", "2010-06-30": "0.22790", "2010-03-31": "0.20360", "2009-12-31": "0.20640", "2009-09-30": "0.21880", "2009-06-30": "0.21750", "2009-03-31": "0.16870", "2008-12-31": "0.21370", "2008-09-30": "0.24250", "2008-06-30": "0.24130", "2008-03-31": "0.19900", "2007-12-31": "0.24580", "2007-09-30": "0.25600", "2007-06-30": "0.26030", "2007-03-31": "0.22200", "2006-12-31": "0.25960", "2006-09-30": "0.24350", "2006-06-30": "0.25000", "2006-03-31": "0.21080", "2005-12-31": "0.21240", "2005-09-30": "0.23450", "2005-06-30": "0.25460", "2005-03-31": "0.21530"}, "Inventory Turnover Ratio": {"2020-09-30": "1.03900", "2020-06-30": "0.84420", "2020-03-31": "0.74650", "2019-12-31": "1.10310", "2019-09-30": "0.91730", "2019-06-30": "0.87520", "2019-03-31": "0.77100", "2018-12-31": "1.34610", "2018-09-30": "0.87930", "2018-06-30": "0.76700", "2018-03-31": "0.46660", "2017-12-31": "1.17840", "2017-09-30": "0.55970", "2017-06-30": "0.62280", "2017-03-31": "0.86780", "2016-12-31": "-0.01980", "2016-09-30": "1.10090", "2016-06-30": "0.94990", "2016-03-31": "0.92860", "2015-12-31": "1.33500", "2015-09-30": "1.03590", "2015-06-30": "1.00460", "2015-03-31": "0.91110", "2014-12-31": "1.34350", "2014-09-30": "1.15000", "2014-06-30": "1.11680", "2014-03-31": "0.94510", "2013-12-31": "1.32860", "2013-09-30": "1.11060", "2013-06-30": "1.00830", "2013-03-31": "0.94130", "2012-12-31": "1.26570", "2012-09-30": "1.09130", "2012-06-30": "1.01470", "2012-03-31": "0.88780", "2011-12-31": "0.98560", "2011-09-30": "1.11150", "2011-06-30": "1.02970", "2011-03-31": "0.93440", "2010-12-31": "1.23120", "2010-09-30": "1.08530", "2010-06-30": "1.13270", "2010-03-31": "1.14560", "2009-12-31": "1.19120", "2009-09-30": "1.15690", "2009-06-30": "1.11500", "2009-03-31": "0.84220", "2008-12-31": "1.11470", "2008-09-30": "1.11780", "2008-06-30": "1.05310", "2008-03-31": "0.86400", "2007-12-31": "1.13420", "2007-09-30": "1.08620", "2007-06-30": "1.11710", "2007-03-31": "0.97360", "2006-12-31": "1.29140", "2006-09-30": "1.11090", "2006-06-30": "1.10670", "2006-03-31": "0.91270", "2005-12-31": "1.17570", "2005-09-30": "0.96400", "2005-06-30": "1.03860", "2005-03-31": "0.93510"}, "Receiveable Turnover": {"2020-09-30": "1.48790", "2020-06-30": "1.28640", "2020-03-31": "1.34910", "2019-12-31": "1.42450", "2019-09-30": "1.37170", "2019-06-30": "1.40190", "2019-03-31": "1.27140", "2018-12-31": "1.66040", "2018-09-30": "1.26460", "2018-06-30": "1.14150", "2018-03-31": "0.77220", "2017-12-31": "1.54850", "2017-09-30": "0.84590", "2017-06-30": "0.84570", "2017-03-31": "1.27610", "2016-12-31": "0.01930", "2016-09-30": "1.42620", "2016-06-30": "1.34140", "2016-03-31": "1.10710", "2015-12-31": "1.24790", "2015-09-30": "1.30620", "2015-06-30": "1.19660", "2015-03-31": "1.20020", "2014-12-31": "1.22260", "2014-09-30": "1.28160", "2014-06-30": "1.22090", "2014-03-31": "1.24790", "2013-12-31": "1.28980", "2013-09-30": "1.38720", "2013-06-30": "1.21340", "2013-03-31": "1.21490", "2012-12-31": "1.23680", "2012-09-30": "1.35610", "2012-06-30": "1.28900", "2012-03-31": "1.32720", "2011-12-31": "1.14000", "2011-09-30": "1.57210", "2011-06-30": "1.35560", "2011-03-31": "1.31740", "2010-12-31": "1.39300", "2010-09-30": "1.45840", "2010-06-30": "1.44200", "2010-03-31": "1.42650", "2009-12-31": "1.48330", "2009-09-30": "1.53540", "2009-06-30": "1.37230", "2009-03-31": "1.37640", "2008-12-31": "1.49750", "2008-09-30": "1.53760", "2008-06-30": "1.39030", "2008-03-31": "1.39250", "2007-12-31": "1.40820", "2007-09-30": "1.49700", "2007-06-30": "1.39320", "2007-03-31": "1.41370", "2006-12-31": "1.47110", "2006-09-30": "1.46930", "2006-06-30": "1.41170", "2006-03-31": "1.28680", "2005-12-31": "1.23580", "2005-09-30": "1.32760", "2005-06-30": "1.28570", "2005-03-31": "1.31400"}, "Days Sales In Receivables": {"2020-09-30": "60.48910", "2020-06-30": "69.96210", "2020-03-31": "66.71260", "2019-12-31": "63.18080", "2019-09-30": "65.61000", "2019-06-30": "64.19760", "2019-03-31": "70.78800", "2018-12-31": "54.20500", "2018-09-30": "71.16810", "2018-06-30": "78.84400", "2018-03-31": "116.55530", "2017-12-31": "58.12070", "2017-09-30": "106.39750", "2017-06-30": "106.42680", "2017-03-31": "70.52750", "2016-12-31": "4664.60100", "2016-09-30": "63.10650", "2016-06-30": "67.09530", "2016-03-31": "81.29360", "2015-12-31": "72.11880", "2015-09-30": "68.90000", "2015-06-30": "75.21050", "2015-03-31": "74.99050", "2014-12-31": "73.61600", "2014-09-30": "70.22370", "2014-06-30": "73.71590", "2014-03-31": "72.12300", "2013-12-31": "69.77620", "2013-09-30": "64.88030", "2013-06-30": "74.16900", "2013-03-31": "74.07880", "2012-12-31": "72.76930", "2012-09-30": "66.36490", "2012-06-30": "69.81900", "2012-03-31": "67.81130", "2011-12-31": "78.94600", "2011-09-30": "57.24950", "2011-06-30": "66.38910", "2011-03-31": "68.31580", "2010-12-31": "64.60760", "2010-09-30": "61.71340", "2010-06-30": "62.41410", "2010-03-31": "63.09090", "2009-12-31": "60.67640", "2009-09-30": "58.61490", "2009-06-30": "65.58400", "2009-03-31": "65.39000", "2008-12-31": "60.10130", "2008-09-30": "58.53090", "2008-06-30": "64.73230", "2008-03-31": "64.63280", "2007-12-31": "63.91230", "2007-09-30": "60.11910", "2007-06-30": "64.60160", "2007-03-31": "63.66440", "2006-12-31": "61.17940", "2006-09-30": "61.25400", "2006-06-30": "63.75070", "2006-03-31": "69.94340", "2005-12-31": "72.82710", "2005-09-30": "67.79130", "2005-06-30": "70.00190", "2005-03-31": "68.49540"}, "ROE - Return On Equity": {"2020-09-30": "8.10670", "2020-06-30": "2.21840", "2020-03-31": "-36.76340", "2019-12-31": "15.57450", "2019-09-30": "-15.37720", "2019-06-30": "2.45770", "2019-03-31": "-1.48500", "2018-12-31": "4.25650", "2018-09-30": "-111.60100", "2018-06-30": "-0.54610", "2018-03-31": "-0.38610", "2017-12-31": "11.76270", "2017-09-30": "0.87000", "2017-06-30": "0.13520", "2017-03-31": "5.30770", "2016-12-31": "-3.52150", "2016-09-30": "1.62710", "2016-06-30": "1.19720", "2016-03-31": "2.26570", "2015-12-31": "-4.36380", "2015-09-30": "7.49310", "2015-06-30": "8.30580", "2015-03-31": "3.34900", "2014-12-31": "2.65780", "2014-09-30": "6.05720", "2014-06-30": "7.08310", "2014-03-31": "2.49820", "2013-12-31": "5.47950", "2013-09-30": "5.57200", "2013-06-30": "5.71430", "2013-03-31": "3.20830", "2012-12-31": "4.98450", "2012-09-30": "5.13840", "2012-06-30": "5.38310", "2012-03-31": "4.01370", "2011-12-31": "7.24930", "2011-09-30": "-8.76340", "2011-06-30": "6.65540", "2011-03-31": "3.62490", "2010-12-31": "3.73130", "2010-09-30": "1.51100", "2010-06-30": "6.86710", "2010-03-31": "3.21660", "2009-12-31": "3.41710", "2009-09-30": "4.64320", "2009-06-30": "5.92890", "2009-03-31": "2.08350", "2008-12-31": "-16.12110", "2008-09-30": "2.49090", "2008-06-30": "4.03320", "2008-03-31": "2.56900", "2007-12-31": "4.63220", "2007-09-30": "7.85270", "2007-06-30": "7.07060", "2007-03-31": "3.43840", "2006-12-31": "4.88310", "2006-09-30": "6.18520", "2006-06-30": "7.84190", "2006-03-31": "7.85240", "2005-12-31": "5.65360", "2005-09-30": "7.94600", "2005-06-30": "5.12610", "2005-03-31": "5.15810"}, "Return On Tangible Equity": {"2020-09-30": "-9.10180", "2020-06-30": "-2.20280", "2020-03-31": "35.81630", "2019-12-31": "-21.44120", "2019-09-30": "15.55520", "2019-06-30": "-3.55730", "2019-03-31": "2.10730", "2018-12-31": "-4.68640", "2018-09-30": "247.36270", "2018-06-30": "2.59870", "2018-03-31": "0.63250", "2017-12-31": "-57.69380", "2017-09-30": "-0.92090", "2017-06-30": "-0.13330", "2017-03-31": "-5.19050", "2016-12-31": "3.09660", "2016-09-30": "-1.42300", "2016-06-30": "-0.99920", "2016-03-31": "-1.91100", "2015-12-31": "3.92900", "2015-09-30": "-8.54970", "2015-06-30": "-9.37700", "2015-03-31": "-3.44260", "2014-12-31": "-3.12360", "2014-09-30": "-10.74210", "2014-06-30": "-17.50060", "2014-03-31": "-5.78770", "2013-12-31": "-12.62490", "2013-09-30": "-15.71700", "2013-06-30": "-12.35300", "2013-03-31": "-6.41590", "2012-12-31": "-9.73540", "2012-09-30": "-11.17540", "2012-06-30": "-10.18780", "2012-03-31": "-7.05980", "2011-12-31": "-11.38620", "2011-09-30": "14.80950", "2011-06-30": "-11.32310", "2011-03-31": "-5.22000", "2010-12-31": "-4.76450", "2010-09-30": "-1.85510", "2010-06-30": "-9.05930", "2010-03-31": "-3.75010", "2009-12-31": "-3.76320", "2009-09-30": "-5.46080", "2009-06-30": "-6.66960", "2009-03-31": "-1.99130", "2008-12-31": "14.62760", "2008-09-30": "-3.80950", "2008-06-30": "-6.44830", "2008-03-31": "-6.25810", "2007-12-31": "-12.05980", "2007-09-30": "-18.43530", "2007-06-30": "-14.99480", "2007-03-31": "-6.37920", "2006-12-31": "-9.19050", "2006-09-30": "-10.96410", "2006-06-30": "-12.23150", "2006-03-31": "-11.42310", "2005-12-31": "-8.74020", "2005-09-30": "-37.72440", "2005-06-30": "-21.61760", "2005-03-31": "-22.51890"}, "ROA - Return On Assets": {"2020-09-30": "2.06520", "2020-06-30": "0.54710", "2020-03-31": "-9.19950", "2019-12-31": "4.97440", "2019-09-30": "-4.00370", "2019-06-30": "0.69620", "2019-03-31": "-0.40870", "2018-12-31": "1.26170", "2018-09-30": "-30.02620", "2018-06-30": "-0.23730", "2018-03-31": "-0.16340", "2017-12-31": "5.03420", "2017-09-30": "0.32780", "2017-06-30": "0.04890", "2017-03-31": "1.91540", "2016-12-31": "-1.18480", "2016-09-30": "0.54190", "2016-06-30": "0.39990", "2016-03-31": "0.26280", "2015-12-31": "-1.09790", "2015-09-30": "1.97240", "2015-06-30": "2.12820", "2015-03-31": "0.86150", "2014-12-31": "0.75100", "2014-09-30": "1.93570", "2014-06-30": "2.39620", "2014-03-31": "0.86420", "2013-12-31": "1.87320", "2013-09-30": "1.98610", "2013-06-30": "1.82110", "2013-03-31": "1.02950", "2012-12-31": "1.60240", "2012-09-30": "1.66890", "2012-06-30": "1.61290", "2012-03-31": "1.24510", "2011-12-31": "2.17990", "2011-09-30": "-2.67880", "2011-06-30": "2.10950", "2011-03-31": "1.11340", "2010-12-31": "1.11000", "2010-09-30": "0.43070", "2010-06-30": "1.98640", "2010-03-31": "0.91020", "2009-12-31": "0.94800", "2009-09-30": "1.29090", "2009-06-30": "1.52830", "2009-03-31": "0.47220", "2008-12-31": "-3.77030", "2008-09-30": "0.76600", "2008-06-30": "1.22830", "2008-03-31": "0.80210", "2007-12-31": "1.55770", "2007-09-30": "2.57780", "2007-06-30": "2.20190", "2007-03-31": "1.04380", "2006-12-31": "1.46260", "2006-09-30": "1.73040", "2006-06-30": "2.07320", "2006-03-31": "2.04410", "2005-12-31": "1.44120", "2005-09-30": "2.22950", "2005-06-30": "1.43670", "2005-03-31": "1.41190"}, "ROI - Return On Investment": {"2020-09-30": "3.18520", "2020-06-30": "0.83900", "2020-03-31": "-14.44550", "2019-12-31": "7.49110", "2019-09-30": "-6.50090", "2019-06-30": "1.05020", "2019-03-31": "-0.63370", "2018-12-31": "1.87120", "2018-09-30": "-43.89020", "2018-06-30": "-0.32800", "2018-03-31": "-0.22990", "2017-12-31": "6.93010", "2017-09-30": "0.48400", "2017-06-30": "0.07390", "2017-03-31": "2.85530", "2016-12-31": "-1.76800", "2016-09-30": "0.79340", "2016-06-30": "0.58060", "2016-03-31": "0.32540", "2015-12-31": "-1.77290", "2015-09-30": "3.44890", "2015-06-30": "3.83280", "2015-03-31": "1.50010", "2014-12-31": "1.25150", "2014-09-30": "3.56470", "2014-06-30": "4.22360", "2014-03-31": "1.38500", "2013-12-31": "3.04290", "2013-09-30": "3.16240", "2013-06-30": "3.14330", "2013-03-31": "1.72980", "2012-12-31": "2.68970", "2012-09-30": "3.09360", "2012-06-30": "3.17590", "2012-03-31": "2.08570", "2011-12-31": "3.66750", "2011-09-30": "-4.48510", "2011-06-30": "3.64390", "2011-03-31": "1.92700", "2010-12-31": "1.79120", "2010-09-30": "0.71300", "2010-06-30": "3.30280", "2010-03-31": "1.52520", "2009-12-31": "1.60370", "2009-09-30": "2.20700", "2009-06-30": "2.53090", "2009-03-31": "0.78440", "2008-12-31": "-6.90870", "2008-09-30": "1.22770", "2008-06-30": "2.17910", "2008-03-31": "1.37720", "2007-12-31": "3.02200", "2007-09-30": "4.86070", "2007-06-30": "3.36350", "2007-03-31": "1.54480", "2006-12-31": "2.38960", "2006-09-30": "2.92660", "2006-06-30": "3.41010", "2006-03-31": "3.26810", "2005-12-31": "2.28090", "2005-09-30": "3.33460", "2005-06-30": "2.13920", "2005-03-31": "2.17150"}, "Book Value Per Share": {"2020-09-30": "8.83810", "2020-06-30": "8.28850", "2020-03-31": "8.20330", "2019-12-31": "11.79690", "2019-09-30": "9.84760", "2019-06-30": "11.82000", "2019-03-31": "11.77760", "2018-12-31": "12.42480", "2018-09-30": "12.90960", "2018-06-30": "28.78850", "2018-03-31": "29.16880", "2017-12-31": "29.22770", "2017-09-30": "26.05590", "2017-06-30": "25.39970", "2017-03-31": "24.90130", "2016-12-31": "23.59460", "2016-09-30": "23.76100", "2016-06-30": "23.52360", "2016-03-31": "6.63200", "2015-12-31": "6.83530", "2015-09-30": "6.69520", "2015-06-30": "6.65830", "2015-03-31": "6.32300", "2014-12-31": "6.89040", "2014-09-30": "7.48430", "2014-06-30": "7.68300", "2014-03-31": "7.49370", "2013-12-31": "7.44800", "2013-09-30": "7.63610", "2013-06-30": "7.08510", "2013-03-31": "6.89290", "2012-12-31": "6.97180", "2012-09-30": "7.18640", "2012-06-30": "6.83760", "2012-03-31": "6.72920", "2011-12-31": "6.42590", "2011-09-30": "6.55890", "2011-06-30": "7.49730", "2011-03-31": "7.00100", "2010-12-31": "6.55940", "2010-09-30": "6.45160", "2010-06-30": "6.82320", "2010-03-31": "6.52620", "2009-12-31": "6.41540", "2009-09-30": "6.63090", "2009-06-30": "6.41990", "2009-03-31": "5.82670", "2008-12-31": "5.42000", "2008-09-30": "8.05230", "2008-06-30": "8.31250", "2008-03-31": "8.12530", "2007-12-31": "7.68050", "2007-09-30": "7.82210", "2007-06-30": "6.92880", "2007-03-31": "6.85230", "2006-12-31": "6.86600", "2006-09-30": "6.62580", "2006-06-30": "6.29010", "2006-03-31": "6.03820", "2005-12-31": "5.98620", "2005-09-30": "6.26270", "2005-06-30": "6.21360", "2005-03-31": "6.31630"}, "Operating Cash Flow Per Share": {"2020-09-30": 1.6168, "2020-06-30": 0.2565, "2020-03-31": "0.05430", "2019-12-31": 1.4614, "2019-09-30": 1.0227, "2019-06-30": 0.4515, "2019-03-31": "-0.47280", "2018-12-31": 1.0499, "2018-09-30": 1.1888, "2018-06-30": 0.0233, "2018-03-31": "-0.82650", "2017-12-31": 2.0283, "2017-09-30": 0.3772, "2017-06-30": 0.117, "2017-03-31": "-0.54260", "2016-12-31": 2.6228, "2016-09-30": 0.9995, "2016-06-30": 1.7139, "2016-03-31": "-0.96780", "2015-12-31": 1.1207, "2015-09-30": 1.2538, "2015-06-30": 0.3751, "2015-03-31": "-0.56580", "2014-12-31": 1.0316, "2014-09-30": 1.2273, "2014-06-30": 0.3392, "2014-03-31": "-0.32450", "2013-12-31": 1.0463, "2013-09-30": 1.2309, "2013-06-30": 0.2168, "2013-03-31": "-0.42000", "2012-12-31": 0.8862, "2012-09-30": 1.0309, "2012-06-30": 0.3503, "2012-03-31": "-0.16080", "2011-12-31": 0.9328, "2011-09-30": 1.013, "2011-06-30": 0.3124, "2011-03-31": "-0.36320", "2010-12-31": 0.6522, "2010-09-30": 0.674, "2010-06-30": 0.486, "2010-03-31": "0.09550", "2009-12-31": 0.6702, "2009-09-30": 1.0706, "2009-06-30": 0.3467, "2009-03-31": "-0.03990", "2008-12-31": 0.757, "2008-09-30": 1.3014, "2008-06-30": 0.0071, "2008-03-31": "-0.44030", "2007-12-31": 0.684, "2007-09-30": 0.9905, "2007-06-30": 0.5518, "2007-03-31": "0.05220", "2006-12-31": 0.8684, "2006-09-30": 1.1422, "2006-06-30": 0.3661, "2006-03-31": "-0.04130", "2005-12-31": 0.7409, "2005-09-30": 1.2585, "2005-06-30": 0.1326, "2005-03-31": "0.20190"}, "Free Cash Flow Per Share": {"2020-09-30": 1.4667, "2020-06-30": 0.1721, "2020-03-31": "-0.08260", "2019-12-31": 1.2427, "2019-09-30": 0.888, "2019-06-30": 0.3171, "2019-03-31": "-0.60990", "2018-12-31": 0.8195, "2018-09-30": 1.0211, "2018-06-30": -0.1944, "2018-03-31": "-1.02220", "2017-12-31": 1.7919, "2017-09-30": 0.1747, "2017-06-30": -0.0692, "2017-03-31": "-0.74990", "2016-12-31": 2.1664, "2016-09-30": 0.7722, "2016-06-30": 1.5409, "2016-03-31": "-1.15880", "2015-12-31": 0.8967, "2015-09-30": 1.0149, "2015-06-30": 0.2461, "2015-03-31": "-0.75250", "2014-12-31": 0.8846, "2014-09-30": 1.1015, "2014-06-30": 0.212, "2014-03-31": "-0.43690", "2013-12-31": 1.5158, "2013-09-30": 1.132, "2013-06-30": 0.1377, "2013-03-31": "-0.53460", "2012-12-31": 0.7276, "2012-09-30": 0.8752, "2012-06-30": 0.225, "2012-03-31": "-0.32470", "2011-12-31": 0.8498, "2011-09-30": 0.8082, "2011-06-30": 0.1477, "2011-03-31": "-0.51370", "2010-12-31": 0.5271, "2010-09-30": 0.507, "2010-06-30": 0.3961, "2010-03-31": "-0.00680", "2009-12-31": 0.5661, "2009-09-30": 0.9403, "2009-06-30": 0.2345, "2009-03-31": "-0.15430", "2008-12-31": 0.6631, "2008-09-30": 1.1444, "2008-06-30": -0.1292, "2008-03-31": "-0.58330", "2007-12-31": 0.5244, "2007-09-30": 0.8462, "2007-06-30": 0.4444, "2007-03-31": "-0.09140", "2006-12-31": 1.2114, "2006-09-30": 1.036, "2006-06-30": 0.2902, "2006-03-31": "-0.02540", "2005-12-31": 0.7867, "2005-09-30": 1.2026, "2005-06-30": 0.0827, "2005-03-31": "0.16480"}}, "revenue": {"Newell Brands Annual Revenue (Millions of US $)": {"2019": "$9,715", "2018": "$10,154", "2017": "$11,170", "2016": "$9,181", "2015": "$5,916", "2014": "$5,727", "2013": "$5,607", "2012": "$5,509", "2011": "$5,512", "2010": "$5,658", "2009": "$5,483", "2008": "$6,471", "2007": "$6,407", "2006": "$6,201", "2005": "$5,717"}, "Newell Brands Quarterly Revenue (Millions of US $)": {"2020-09-30": "$2,699", "2020-06-30": "$2,111", "2020-03-31": "$1,886", "2019-12-31": "$2,624", "2019-09-30": "$2,569", "2019-06-30": "$2,480", "2019-03-31": "$2,042", "2018-12-31": "$3,592", "2018-09-30": "$2,549", "2018-06-30": "$2,202", "2018-03-31": "$1,812", "2017-12-31": "$2,910", "2017-09-30": "$2,467", "2017-06-30": "$2,527", "2017-03-31": "$3,266", "2016-12-31": "$53", "2016-09-30": "$3,955", "2016-06-30": "$3,859", "2016-03-31": "$1,315", "2015-12-31": "$1,561", "2015-09-30": "$1,530", "2015-06-30": "$1,561", "2015-03-31": "$1,264", "2014-12-31": "$1,526", "2014-09-30": "$1,485", "2014-06-30": "$1,502", "2014-03-31": "$1,214", "2013-12-31": "$1,425", "2013-09-30": "$1,466", "2013-06-30": "$1,475", "2013-03-31": "$1,241", "2012-12-31": "$1,376", "2012-09-30": "$1,457", "2012-06-30": "$1,425", "2012-03-31": "$1,251", "2011-12-31": "$1,142", "2011-09-30": "$1,550", "2011-06-30": "$1,545", "2011-03-31": "$1,274", "2010-12-31": "$1,390", "2010-09-30": "$1,466", "2010-06-30": "$1,496", "2010-03-31": "$1,306", "2009-12-31": "$1,326", "2009-09-30": "$1,449", "2009-06-30": "$1,504", "2009-03-31": "$1,204", "2008-12-31": "$1,452", "2008-09-30": "$1,760", "2008-06-30": "$1,825", "2008-03-31": "$1,434", "2007-12-31": "$1,643", "2007-09-30": "$1,687", "2007-06-30": "$1,693", "2007-03-31": "$1,384", "2006-12-31": "$1,638", "2006-09-30": "$1,586", "2006-06-30": "$1,634", "2006-03-31": "$1,343", "2005-12-31": "$1,369", "2005-09-30": "$1,437", "2005-06-30": "$1,549", "2005-03-31": "$1,363"}}, "gross-profit": {"Newell Brands Annual Gross Profit (Millions of US $)": {"2019": "$3,219", "2018": "$3,518", "2017": "$3,811", "2016": "$2,971", "2015": "$2,305", "2014": "$2,203", "2013": "$2,125", "2012": "$2,094", "2011": "$2,101", "2010": "$2,149", "2009": "$2,030", "2008": "$2,123", "2007": "$2,257", "2006": "$2,070", "2005": "$1,758"}, "Newell Brands Quarterly Gross Profit (Millions of US $)": {"2020-09-30": "$914", "2020-06-30": "$664", "2020-03-31": "$617", "2019-12-31": "$852", "2019-09-30": "$847", "2019-06-30": "$865", "2019-03-31": "$655", "2018-12-31": "$1,222", "2018-09-30": "$915", "2018-06-30": "$775", "2018-03-31": "$605", "2017-12-31": "$951", "2017-09-30": "$865", "2017-06-30": "$877", "2017-03-31": "$1,117", "2016-12-31": "$95", "2016-09-30": "$1,275", "2016-06-30": "$1,096", "2016-03-31": "$506", "2015-12-31": "$597", "2015-09-30": "$599", "2015-06-30": "$621", "2015-03-31": "$488", "2014-12-31": "$574", "2014-09-30": "$577", "2014-06-30": "$596", "2014-03-31": "$457", "2013-12-31": "$516", "2013-09-30": "$553", "2013-06-30": "$583", "2013-03-31": "$474", "2012-12-31": "$494", "2012-09-30": "$559", "2012-06-30": "$553", "2012-03-31": "$488", "2011-12-31": "$453", "2011-09-30": "$579", "2011-06-30": "$584", "2011-03-31": "$485", "2010-12-31": "$526", "2010-09-30": "$563", "2010-06-30": "$587", "2010-03-31": "$472", "2009-12-31": "$506", "2009-09-30": "$543", "2009-06-30": "$558", "2009-03-31": "$423", "2008-12-31": "$435", "2008-09-30": "$575", "2008-06-30": "$623", "2008-03-31": "$491", "2007-12-31": "$576", "2007-09-30": "$601", "2007-06-30": "$606", "2007-03-31": "$475", "2006-12-31": "$540", "2006-09-30": "$535", "2006-06-30": "$563", "2006-03-31": "$432", "2005-12-31": "$436", "2005-09-30": "$462", "2005-06-30": "$485", "2005-03-31": "$375"}}, "operating-income": {"Newell Brands Annual Operating Income (Millions of US $)": {"2019": "$-482", "2018": "$-7,554", "2017": "$707", "2016": "$298", "2015": "$601", "2014": "$605", "2013": "$615", "2012": "$638", "2011": "$313", "2010": "$624", "2009": "$575", "2008": "$201", "2007": "$740", "2006": "$657", "2005": "$567"}, "Newell Brands Quarterly Operating Income (Millions of US $)": {"2020-09-30": "$363", "2020-06-30": "$163", "2020-03-31": "$-1,408", "2019-12-31": "$132", "2019-09-30": "$-857", "2019-06-30": "$231", "2019-03-31": "$12", "2018-12-31": "$224", "2018-09-30": "$-7,835", "2018-06-30": "$84", "2018-03-31": "$-26", "2017-12-31": "$319", "2017-09-30": "$141", "2017-06-30": "$92", "2017-03-31": "$154", "2016-12-31": "$-289", "2016-09-30": "$324", "2016-06-30": "$138", "2016-03-31": "$125", "2015-12-31": "$102", "2015-09-30": "$187", "2015-06-30": "$215", "2015-03-31": "$98", "2014-12-31": "$114", "2014-09-30": "$173", "2014-06-30": "$213", "2014-03-31": "$105", "2013-12-31": "$153", "2013-09-30": "$179", "2013-06-30": "$185", "2013-03-31": "$98", "2012-12-31": "$150", "2012-09-30": "$187", "2012-06-30": "$177", "2012-03-31": "$123", "2011-12-31": "$181", "2011-09-30": "$-192", "2011-06-30": "$196", "2011-03-31": "$128", "2010-12-31": "$115", "2010-09-30": "$175", "2010-06-30": "$204", "2010-03-31": "$130", "2009-12-31": "$130", "2009-09-30": "$165", "2009-06-30": "$200", "2009-03-31": "$81", "2008-12-31": "$-238", "2008-09-30": "$167", "2008-06-30": "$161", "2008-03-31": "$111", "2007-12-31": "$173", "2007-09-30": "$214", "2007-06-30": "$233", "2007-03-31": "$121", "2006-12-31": "$167", "2006-09-30": "$178", "2006-06-30": "$202", "2006-03-31": "$110", "2005-12-31": "$135", "2005-09-30": "$200", "2005-06-30": "$161", "2005-03-31": "$71"}}, "ebitda": {"Newell Brands Annual EBITDA (Millions of US $)": {"2019": "$1,299", "2018": "$2,681", "2017": "$1,427", "2016": "$735", "2015": "$773", "2014": "$761", "2013": "$774", "2012": "$801", "2011": "$475", "2010": "$796", "2009": "$750", "2008": "$384", "2007": "$917", "2006": "$850", "2005": "$759"}, "Newell Brands Quarterly EBITDA (Millions of US $)": {"2020-09-30": "$456", "2020-06-30": "$253", "2020-03-31": "$158", "2019-12-31": "$328", "2019-09-30": "$365", "2019-06-30": "$332", "2019-03-31": "$274", "2018-12-31": "$873", "2018-09-30": "$1,010", "2018-06-30": "$675", "2018-03-31": "$123", "2017-12-31": "$479", "2017-09-30": "$297", "2017-06-30": "$308", "2017-03-31": "$343", "2016-12-31": "$-159", "2016-09-30": "$462", "2016-06-30": "$264", "2016-03-31": "$168", "2015-12-31": "$145", "2015-09-30": "$230", "2015-06-30": "$258", "2015-03-31": "$140", "2014-12-31": "$155", "2014-09-30": "$212", "2014-06-30": "$251", "2014-03-31": "$143", "2013-12-31": "$193", "2013-09-30": "$218", "2013-06-30": "$225", "2013-03-31": "$138", "2012-12-31": "$192", "2012-09-30": "$228", "2012-06-30": "$219", "2012-03-31": "$163", "2011-12-31": "$222", "2011-09-30": "$-153", "2011-06-30": "$237", "2011-03-31": "$169", "2010-12-31": "$157", "2010-09-30": "$218", "2010-06-30": "$246", "2010-03-31": "$174", "2009-12-31": "$175", "2009-09-30": "$211", "2009-06-30": "$242", "2009-03-31": "$123", "2008-12-31": "$-192", "2008-09-30": "$213", "2008-06-30": "$208", "2008-03-31": "$155", "2007-12-31": "$216", "2007-09-30": "$256", "2007-06-30": "$279", "2007-03-31": "$167", "2006-12-31": "$213", "2006-09-30": "$226", "2006-06-30": "$252", "2006-03-31": "$159", "2005-12-31": "$182", "2005-09-30": "$240", "2005-06-30": "$213", "2005-03-31": "$125"}}, "net-income": {"Newell Brands Annual Net Income (Millions of US $)": {"2019": "$107", "2018": "$-6,943", "2017": "$2,749", "2016": "$528", "2015": "$350", "2014": "$378", "2013": "$475", "2012": "$401", "2011": "$125", "2010": "$293", "2009": "$286", "2008": "$-52", "2007": "$467", "2006": "$385", "2005": "$251"}, "Newell Brands Quarterly Net Income (Millions of US $)": {"2020-09-30": "$304", "2020-06-30": "$78", "2020-03-31": "$-1,279", "2019-12-31": "$794", "2019-09-30": "$-626", "2019-06-30": "$90", "2019-03-31": "$-151", "2018-12-31": "$184", "2018-09-30": "$-7,311", "2018-06-30": "$132", "2018-03-31": "$53", "2017-12-31": "$1,653", "2017-09-30": "$234", "2017-06-30": "$223", "2017-03-31": "$639", "2016-12-31": "$166", "2016-09-30": "$187", "2016-06-30": "$135", "2016-03-31": "$41", "2015-12-31": "$13", "2015-09-30": "$134", "2015-06-30": "$149", "2015-03-31": "$54", "2014-12-31": "$52", "2014-09-30": "$122", "2014-06-30": "$151", "2014-03-31": "$53", "2013-12-31": "$117", "2013-09-30": "$193", "2013-06-30": "$110", "2013-03-31": "$54", "2012-12-31": "$102", "2012-09-30": "$108", "2012-06-30": "$112", "2012-03-31": "$79", "2011-12-31": "$80", "2011-09-30": "$-178", "2011-06-30": "$147", "2011-03-31": "$76", "2010-12-31": "$76", "2010-09-30": "$28", "2010-06-30": "$130", "2010-03-31": "$58", "2009-12-31": "$61", "2009-09-30": "$86", "2009-06-30": "$106", "2009-03-31": "$34", "2008-12-31": "$-257", "2008-09-30": "$55", "2008-06-30": "$93", "2008-03-31": "$57", "2007-12-31": "$105", "2007-09-30": "$170", "2007-06-30": "$142", "2007-03-31": "$49", "2006-12-31": "$102", "2006-09-30": "$109", "2006-06-30": "$120", "2006-03-31": "$55", "2005-12-31": "$77", "2005-09-30": "$72", "2005-06-30": "$66", "2005-03-31": "$37"}}, "eps-earnings-per-share-diluted": {"Newell Brands Annual EPS": {"2019": "$0.25", "2018": "$-14.65", "2017": "$5.63", "2016": "$1.25", "2015": "$1.29", "2014": "$1.35", "2013": "$1.63", "2012": "$1.37", "2011": "$0.42", "2010": "$0.96", "2009": "$0.97", "2008": "$-0.18", "2007": "$1.67", "2006": "$1.40", "2005": "$0.91"}, "Newell Brands Quarterly EPS": {"2020-09-30": "$0.71", "2020-06-30": "$0.18", "2020-03-31": "$-3.02", "2019-12-31": "$1.88", "2019-09-30": "$-1.48", "2019-06-30": "$0.21", "2019-03-31": "$-0.36", "2018-12-31": "$0.49", "2018-09-30": "$-15.52", "2018-06-30": "$0.27", "2018-03-31": "$0.11", "2017-12-31": "$3.38", "2017-09-30": "$0.48", "2017-06-30": "$0.46", "2017-03-31": "$1.31", "2016-12-31": "$0.42", "2016-09-30": "$0.38", "2016-06-30": "$0.30", "2016-03-31": "$0.15", "2015-12-31": "$0.04", "2015-09-30": "$0.50", "2015-06-30": "$0.55", "2015-03-31": "$0.20", "2014-12-31": "$0.18", "2014-09-30": "$0.44", "2014-06-30": "$0.54", "2014-03-31": "$0.19", "2013-12-31": "$0.41", "2013-09-30": "$0.66", "2013-06-30": "$0.37", "2013-03-31": "$0.19", "2012-12-31": "$0.35", "2012-09-30": "$0.37", "2012-06-30": "$0.38", "2012-03-31": "$0.27", "2011-12-31": "$0.29", "2011-09-30": "$-0.61", "2011-06-30": "$0.49", "2011-03-31": "$0.25", "2010-12-31": "$0.27", "2010-09-30": "$0.09", "2010-06-30": "$0.41", "2010-03-31": "$0.19", "2009-12-31": "$0.20", "2009-09-30": "$0.28", "2009-06-30": "$0.37", "2009-03-31": "$0.12", "2008-12-31": "$-0.91", "2008-09-30": "$0.20", "2008-06-30": "$0.33", "2008-03-31": "$0.20", "2007-12-31": "$0.37", "2007-09-30": "$0.61", "2007-06-30": "$0.51", "2007-03-31": "$0.18", "2006-12-31": "$0.38", "2006-09-30": "$0.39", "2006-06-30": "$0.43", "2006-03-31": "$0.20", "2005-12-31": "$0.28", "2005-09-30": "$0.26", "2005-06-30": "$0.24", "2005-03-31": "$0.13"}}, "shares-outstanding": {"Newell Brands Annual Shares Outstanding (Millions of Shares)": {"2019": "424", "2018": "474", "2017": "488", "2016": "421", "2015": "272", "2014": "279", "2013": "292", "2012": "294", "2011": "296", "2010": "305", "2009": "294", "2008": "280", "2007": "288", "2006": "276", "2005": "275"}, "Newell Brands Quarterly Shares Outstanding (Millions of Shares)": {"2020-09-30": "425", "2020-06-30": "425", "2020-03-31": "424", "2019-12-31": "424", "2019-09-30": "423", "2019-06-30": "424", "2019-03-31": "423", "2018-12-31": "474", "2018-09-30": "471", "2018-06-30": "486", "2018-03-31": "486", "2017-12-31": "488", "2017-09-30": "492", "2017-06-30": "486", "2017-03-31": "486", "2016-12-31": "421", "2016-09-30": "486", "2016-06-30": "450", "2016-03-31": "270", "2015-12-31": "272", "2015-09-30": "271", "2015-06-30": "272", "2015-03-31": "273", "2014-12-31": "279", "2014-09-30": "276", "2014-06-30": "280", "2014-03-31": "284", "2013-12-31": "292", "2013-09-30": "293", "2013-06-30": "294", "2013-03-31": "293", "2012-12-31": "294", "2012-09-30": "293", "2012-06-30": "294", "2012-03-31": "295", "2011-12-31": "296", "2011-09-30": "291", "2011-06-30": "305", "2011-03-31": "298", "2010-12-31": "305", "2010-09-30": "301", "2010-06-30": "315", "2010-03-31": "308", "2009-12-31": "294", "2009-09-30": "302", "2009-06-30": "287", "2009-03-31": "281", "2008-12-31": "280", "2008-09-30": "280", "2008-06-30": "280", "2008-03-31": "280", "2007-12-31": "288", "2007-09-30": "286", "2007-06-30": "286", "2007-03-31": "278", "2006-12-31": "276", "2006-09-30": "276", "2006-06-30": "284", "2006-03-31": "283", "2005-12-31": "275", "2005-09-30": "283", "2005-06-30": "275", "2005-03-31": "275"}}, "total-assets": {"Newell Brands Annual Total Assets (Millions of US $)": {"2019": "$15,642", "2018": "$17,722", "2017": "$33,136", "2016": "$33,838", "2015": "$7,260", "2014": "$6,564", "2013": "$6,070", "2012": "$6,222", "2011": "$6,161", "2010": "$6,405", "2009": "$6,424", "2008": "$6,793", "2007": "$6,683", "2006": "$6,311", "2005": "$6,446"}, "Newell Brands Quarterly Total Assets (Millions of US $)": {"2020-09-30": "$14,720", "2020-06-30": "$14,257", "2020-03-31": "$13,903", "2019-12-31": "$15,642", "2019-09-30": "$16,010", "2019-06-30": "$17,666", "2019-03-31": "$18,106", "2018-12-31": "$17,722", "2018-09-30": "$22,398", "2018-06-30": "$32,191", "2018-03-31": "$33,469", "2017-12-31": "$33,136", "2017-09-30": "$33,888", "2017-06-30": "$33,950", "2017-03-31": "$33,335", "2016-12-31": "$33,838", "2016-09-30": "$34,416", "2016-06-30": "$33,955", "2016-03-31": "$15,333", "2015-12-31": "$7,260", "2015-09-30": "$6,794", "2015-06-30": "$6,959", "2015-03-31": "$6,605", "2014-12-31": "$6,564", "2014-09-30": "$6,349", "2014-06-30": "$6,218", "2014-03-31": "$5,994", "2013-12-31": "$6,070", "2013-09-30": "$6,153", "2013-06-30": "$6,403", "2013-03-31": "$6,197", "2012-12-31": "$6,222", "2012-09-30": "$6,363", "2012-06-30": "$6,591", "2012-03-31": "$6,289", "2011-12-31": "$6,161", "2011-09-30": "$6,212", "2011-06-30": "$6,893", "2011-03-31": "$6,637", "2010-12-31": "$6,405", "2010-09-30": "$6,570", "2010-06-30": "$6,565", "2010-03-31": "$6,416", "2009-12-31": "$6,424", "2009-09-30": "$6,623", "2009-06-30": "$6,916", "2009-03-31": "$7,137", "2008-12-31": "$6,793", "2008-09-30": "$7,258", "2008-06-30": "$7,564", "2008-03-31": "$7,206", "2007-12-31": "$6,683", "2007-09-30": "$6,591", "2007-06-30": "$6,504", "2007-03-31": "$6,237", "2006-12-31": "$6,311", "2006-09-30": "$6,513", "2006-06-30": "$6,536", "2006-03-31": "$6,370", "2005-12-31": "$6,446", "2005-09-30": "$6,127", "2005-06-30": "$6,084", "2005-03-31": "$6,332"}}, "cash-on-hand": {"Newell Brands Annual Cash on Hand (Millions of US $)": {"2019": "$349", "2018": "$496", "2017": "$486", "2016": "$588", "2015": "$275", "2014": "$199", "2013": "$226", "2012": "$184", "2011": "$170", "2010": "$140", "2009": "$278", "2008": "$275", "2007": "$329", "2006": "$201", "2005": "$116"}, "Newell Brands Quarterly Cash on Hand (Millions of US $)": {"2020-09-30": "$858", "2020-06-30": "$619", "2020-03-31": "$476", "2019-12-31": "$349", "2019-09-30": "$465", "2019-06-30": "$625", "2019-03-31": "$364", "2018-12-31": "$496", "2018-09-30": "$1,444", "2018-06-30": "$2,279", "2018-03-31": "$459", "2017-12-31": "$486", "2017-09-30": "$792", "2017-06-30": "$780", "2017-03-31": "$688", "2016-12-31": "$588", "2016-09-30": "$670", "2016-06-30": "$627", "2016-03-31": "$8,181", "2015-12-31": "$275", "2015-09-30": "$266", "2015-06-30": "$239", "2015-03-31": "$215", "2014-12-31": "$199", "2014-09-30": "$133", "2014-06-30": "$143", "2014-03-31": "$137", "2013-12-31": "$226", "2013-09-30": "$197", "2013-06-30": "$154", "2013-03-31": "$174", "2012-12-31": "$184", "2012-09-30": "$250", "2012-06-30": "$371", "2012-03-31": "$190", "2011-12-31": "$170", "2011-09-30": "$139", "2011-06-30": "$144", "2011-03-31": "$140", "2010-12-31": "$140", "2010-09-30": "$154", "2010-06-30": "$260", "2010-03-31": "$253", "2009-12-31": "$278", "2009-09-30": "$313", "2009-06-30": "$418", "2009-03-31": "$756", "2008-12-31": "$275", "2008-09-30": "$221", "2008-06-30": "$211", "2008-03-31": "$752", "2007-12-31": "$329", "2007-09-30": "$170", "2007-06-30": "$163", "2007-03-31": "$218", "2006-12-31": "$201", "2006-09-30": "$137", "2006-06-30": "$116", "2006-03-31": "$176", "2005-12-31": "$116", "2005-09-30": "$486", "2005-06-30": "$212", "2005-03-31": "$430"}}, "long-term-debt": {"Newell Brands Annual Long Term Debt (Millions of US $)": {"2019": "$5,391", "2018": "$6,696", "2017": "$9,889", "2016": "$11,291", "2015": "$2,669", "2014": "$2,085", "2013": "$1,662", "2012": "$1,707", "2011": "$1,809", "2010": "$2,064", "2009": "$2,015", "2008": "$2,118", "2007": "$1,197", "2006": "$1,972", "2005": "$2,430"}, "Newell Brands Quarterly Long Term Debt (Millions of US $)": {"2020-09-30": "$5,794", "2020-06-30": "$5,781", "2020-03-31": "$5,375", "2019-12-31": "$5,391", "2019-09-30": "$5,692", "2019-06-30": "$6,708", "2019-03-31": "$6,695", "2018-12-31": "$6,696", "2018-09-30": "$9,297", "2018-06-30": "$9,301", "2018-03-31": "$9,624", "2017-12-31": "$9,889", "2017-09-30": "$10,184", "2017-06-30": "$10,173", "2017-03-31": "$10,332", "2016-12-31": "$11,291", "2016-09-30": "$12,043", "2016-06-30": "$12,045", "2016-03-31": "$10,607", "2015-12-31": "$2,669", "2015-09-30": "$2,097", "2015-06-30": "$2,081", "2015-03-31": "$2,094", "2014-12-31": "$2,085", "2014-09-30": "$1,419", "2014-06-30": "$1,424", "2014-03-31": "$1,667", "2013-12-31": "$1,662", "2013-09-30": "$1,671", "2013-06-30": "$1,669", "2013-03-31": "$1,700", "2012-12-31": "$1,707", "2012-09-30": "$1,366", "2012-06-30": "$1,372", "2012-03-31": "$1,803", "2011-12-31": "$1,809", "2011-09-30": "$1,811", "2011-06-30": "$1,806", "2011-03-31": "$1,796", "2010-12-31": "$2,064", "2010-09-30": "$2,097", "2010-06-30": "$2,049", "2010-03-31": "$2,013", "2009-12-31": "$2,015", "2009-09-30": "$2,033", "2009-06-30": "$2,394", "2009-03-31": "$2,679", "2008-12-31": "$2,118", "2008-09-30": "$2,297", "2008-06-30": "$1,960", "2008-03-31": "$1,947", "2007-12-31": "$1,197", "2007-09-30": "$1,332", "2007-06-30": "$2,232", "2007-03-31": "$2,321", "2006-12-31": "$1,972", "2006-09-30": "$2,029", "2006-06-30": "$2,246", "2006-03-31": "$2,326", "2005-12-31": "$2,430", "2005-09-30": "$2,377", "2005-06-30": "$2,381", "2005-03-31": "$2,384"}}, "total-liabilities": {"Newell Brands Annual Total Liabilities (Millions of US $)": {"2019": "$10,646", "2018": "$12,469", "2017": "$18,954", "2016": "$22,453", "2015": "$5,433", "2014": "$4,709", "2013": "$3,995", "2012": "$4,222", "2011": "$4,308", "2010": "$4,500", "2009": "$4,642", "2008": "$5,204", "2007": "$4,436", "2006": "$4,420", "2005": "$4,803"}, "Newell Brands Quarterly Total Liabilities (Millions of US $)": {"2020-09-30": "$10,970", "2020-06-30": "$10,741", "2020-03-31": "$10,424", "2019-12-31": "$10,646", "2019-09-30": "$11,842", "2019-06-30": "$12,662", "2019-03-31": "$13,123", "2018-12-31": "$12,469", "2018-09-30": "$16,372", "2018-06-30": "$18,200", "2018-03-31": "$19,302", "2017-12-31": "$18,954", "2017-09-30": "$21,118", "2017-06-30": "$21,672", "2017-03-31": "$21,306", "2016-12-31": "$22,453", "2016-09-30": "$22,953", "2016-06-30": "$22,612", "2016-03-31": "$13,554", "2015-12-31": "$5,433", "2015-09-30": "$5,006", "2015-06-30": "$5,176", "2015-03-31": "$4,906", "2014-12-31": "$4,709", "2014-09-30": "$4,320", "2014-06-30": "$4,115", "2014-03-31": "$3,920", "2013-12-31": "$3,995", "2013-09-30": "$3,960", "2013-06-30": "$4,362", "2013-03-31": "$4,209", "2012-12-31": "$4,222", "2012-09-30": "$4,297", "2012-06-30": "$4,616", "2012-03-31": "$4,338", "2011-12-31": "$4,308", "2011-09-30": "$4,313", "2011-06-30": "$4,708", "2011-03-31": "$4,599", "2010-12-31": "$4,500", "2010-09-30": "$4,697", "2010-06-30": "$4,666", "2010-03-31": "$4,601", "2009-12-31": "$4,642", "2009-09-30": "$4,782", "2009-06-30": "$5,133", "2009-03-31": "$5,520", "2008-12-31": "$5,204", "2008-09-30": "$5,026", "2008-06-30": "$5,260", "2008-03-31": "$4,956", "2007-12-31": "$4,436", "2007-09-30": "$4,427", "2007-06-30": "$4,478", "2007-03-31": "$4,344", "2006-12-31": "$4,420", "2006-09-30": "$4,691", "2006-06-30": "$4,808", "2006-03-31": "$4,711", "2005-12-31": "$4,803", "2005-09-30": "$4,408", "2005-06-30": "$4,379", "2005-03-31": "$4,599"}}, "total-share-holder-equity": {"Newell Brands Annual Share Holder Equity (Millions of US $)": {"2019": "$4,996", "2018": "$5,253", "2017": "$14,181", "2016": "$11,384", "2015": "$1,826", "2014": "$1,855", "2013": "$2,075", "2012": "$2,000", "2011": "$1,853", "2010": "$1,906", "2009": "$1,782", "2008": "$1,589", "2007": "$2,247", "2006": "$1,890", "2005": "$1,643"}, "Newell Brands Quarterly Share Holder Equity (Millions of US $)": {"2020-09-30": "$3,750", "2020-06-30": "$3,516", "2020-03-31": "$3,479", "2019-12-31": "$4,996", "2019-09-30": "$4,169", "2019-06-30": "$5,005", "2019-03-31": "$4,983", "2018-12-31": "$5,253", "2018-09-30": "$6,026", "2018-06-30": "$13,991", "2018-03-31": "$14,167", "2017-12-31": "$14,181", "2017-09-30": "$12,770", "2017-06-30": "$12,278", "2017-03-31": "$12,030", "2016-12-31": "$11,384", "2016-09-30": "$11,462", "2016-06-30": "$11,343", "2016-03-31": "$1,779", "2015-12-31": "$1,826", "2015-09-30": "$1,788", "2015-06-30": "$1,783", "2015-03-31": "$1,699", "2014-12-31": "$1,855", "2014-09-30": "$2,029", "2014-06-30": "$2,104", "2014-03-31": "$2,074", "2013-12-31": "$2,075", "2013-09-30": "$2,193", "2013-06-30": "$2,041", "2013-03-31": "$1,989", "2012-12-31": "$2,000", "2012-09-30": "$2,067", "2012-06-30": "$1,975", "2012-03-31": "$1,951", "2011-12-31": "$1,853", "2011-09-30": "$1,899", "2011-06-30": "$2,185", "2011-03-31": "$2,039", "2010-12-31": "$1,906", "2010-09-30": "$1,873", "2010-06-30": "$1,899", "2010-03-31": "$1,816", "2009-12-31": "$1,782", "2009-09-30": "$1,841", "2009-06-30": "$1,783", "2009-03-31": "$1,618", "2008-12-31": "$1,589", "2008-09-30": "$2,232", "2008-06-30": "$2,303", "2008-03-31": "$2,250", "2007-12-31": "$2,247", "2007-09-30": "$2,164", "2007-06-30": "$2,025", "2007-03-31": "$1,893", "2006-12-31": "$1,890", "2006-09-30": "$1,822", "2006-06-30": "$1,728", "2006-03-31": "$1,658", "2005-12-31": "$1,643", "2005-09-30": "$1,719", "2005-06-30": "$1,705", "2005-03-31": "$1,733"}}, "profit-margins": {"current": "-1.11%"}, "gross margin": {"2020-09-30": "32.69%", "2020-06-30": "32.43%", "2020-03-31": "33.28%", "2019-12-31": "33.13%", "2019-09-30": "33.60%", "2019-06-30": "34.30%", "2019-03-31": "34.35%", "2018-12-31": "34.63%", "2018-09-30": "34.27%", "2018-06-30": "34.03%", "2018-03-31": "33.94%", "2017-12-31": "34.11%", "2017-09-30": "35.53%", "2017-06-30": "34.32%", "2017-03-31": "32.18%", "2016-12-31": "32.37%", "2016-09-30": "32.50%", "2016-06-30": "33.85%", "2016-03-31": "38.93%", "2015-12-31": "38.96%", "2015-09-30": "38.80%", "2015-06-30": "38.73%", "2015-03-31": "38.69%", "2014-12-31": "38.48%", "2014-09-30": "38.14%", "2014-06-30": "37.85%", "2014-03-31": "37.80%", "2013-12-31": "37.92%", "2013-09-30": "37.86%", "2013-06-30": "38.02%", "2013-03-31": "37.83%", "2012-12-31": "38.01%", "2012-09-30": "38.92%", "2012-06-30": "38.62%", "2012-03-31": "38.34%", "2011-12-31": "38.12%", "2011-09-30": "37.75%", "2011-06-30": "38.03%", "2011-03-31": "38.41%", "2010-12-31": "37.96%", "2010-09-30": "38.04%", "2010-06-30": "37.80%", "2010-03-31": "37.22%", "2009-12-31": "37.02%", "2009-09-30": "34.93%", "2009-06-30": "33.63%", "2009-03-31": "32.94%", "2008-12-31": "32.81%", "2008-09-30": "33.98%", "2008-06-30": "34.75%", "2008-03-31": "35.20%", "2007-12-31": "35.24%", "2007-09-30": "34.71%", "2007-06-30": "34.22%", "2007-03-31": "33.85%", "2006-12-31": "33.38%", "2006-09-30": "33.14%", "2006-06-30": "32.73%", "2006-03-31": "31.85%", "2005-12-31": "30.75%"}, "operating margin": {"2020-09-30": "-8.05%", "2020-06-30": "-21.44%", "2020-03-31": "-19.90%", "2019-12-31": "-4.96%", "2019-09-30": "-3.65%", "2019-06-30": "-69.10%", "2019-03-31": "-72.36%", "2018-12-31": "-74.38%", "2018-09-30": "-78.73%", "2018-06-30": "5.52%", "2018-03-31": "5.41%", "2017-12-31": "6.32%", "2017-09-30": "1.18%", "2017-06-30": "2.87%", "2017-03-31": "2.94%", "2016-12-31": "3.25%", "2016-09-30": "6.45%", "2016-06-30": "6.68%", "2016-03-31": "10.54%", "2015-12-31": "10.18%", "2015-09-30": "10.42%", "2015-06-30": "10.26%", "2015-03-31": "10.33%", "2014-12-31": "10.55%", "2014-09-30": "11.45%", "2014-06-30": "11.57%", "2014-03-31": "11.13%", "2013-12-31": "10.95%", "2013-09-30": "10.99%", "2013-06-30": "11.17%", "2013-03-31": "11.13%", "2012-12-31": "11.56%", "2012-09-30": "12.66%", "2012-06-30": "5.38%", "2012-03-31": "5.61%", "2011-12-31": "5.68%", "2011-09-30": "4.29%", "2011-06-30": "10.82%", "2011-03-31": "11.06%", "2010-12-31": "11.03%", "2010-09-30": "11.42%", "2010-06-30": "11.28%", "2010-03-31": "11.19%", "2009-12-31": "10.51%", "2009-09-30": "3.71%", "2009-06-30": "3.55%", "2009-03-31": "2.74%", "2008-12-31": "3.11%", "2008-09-30": "9.19%", "2008-06-30": "10.00%", "2008-03-31": "11.32%", "2007-12-31": "11.57%", "2007-09-30": "11.48%", "2007-06-30": "11.09%", "2007-03-31": "10.70%", "2006-12-31": "10.60%", "2006-09-30": "10.54%", "2006-06-30": "11.19%", "2006-03-31": "10.64%", "2005-12-31": "9.92%"}, "ebitda margin": {"2020-09-30": "12.82%", "2020-06-30": "12.01%", "2020-03-31": "12.38%", "2019-12-31": "13.37%", "2019-09-30": "17.26%", "2019-06-30": "23.34%", "2019-03-31": "27.27%", "2018-12-31": "26.40%", "2018-09-30": "24.14%", "2018-06-30": "16.76%", "2018-03-31": "12.42%", "2017-12-31": "12.78%", "2017-09-30": "9.49%", "2017-06-30": "9.73%", "2017-03-31": "8.17%", "2016-12-31": "8.00%", "2016-09-30": "9.72%", "2016-06-30": "9.76%", "2016-03-31": "13.42%", "2015-12-31": "13.07%", "2015-09-30": "13.31%", "2015-06-30": "13.11%", "2015-03-31": "13.12%", "2014-12-31": "13.29%", "2014-09-30": "14.20%", "2014-06-30": "14.36%", "2014-03-31": "13.96%", "2013-12-31": "13.80%", "2013-09-30": "13.91%", "2013-06-30": "14.11%", "2013-03-31": "14.13%", "2012-12-31": "14.56%", "2012-09-30": "15.77%", "2012-06-30": "8.40%", "2012-03-31": "8.55%", "2011-12-31": "8.62%", "2011-09-30": "7.12%", "2011-06-30": "13.76%", "2011-03-31": "14.04%", "2010-12-31": "14.05%", "2010-09-30": "14.53%", "2010-06-30": "14.45%", "2010-03-31": "14.36%", "2009-12-31": "13.70%", "2009-09-30": "6.85%", "2009-06-30": "6.52%", "2009-03-31": "5.64%", "2008-12-31": "5.93%", "2008-09-30": "11.87%", "2008-06-30": "12.66%", "2008-03-31": "14.02%", "2007-12-31": "14.31%", "2007-09-30": "14.29%", "2007-06-30": "14.05%", "2007-03-31": "13.75%", "2006-12-31": "13.71%", "2006-09-30": "13.81%", "2006-06-30": "14.40%", "2006-03-31": "13.93%", "2005-12-31": "13.29%"}, "pre tax profit margin": {"2020-09-30": "-11.27%", "2020-06-30": "-25.04%", "2020-03-31": "-23.44%", "2019-12-31": "-8.77%", "2019-09-30": "-7.40%", "2019-06-30": "-72.85%", "2019-03-31": "-76.49%", "2018-12-31": "-78.69%", "2018-09-30": "-83.45%", "2018-06-30": "0.21%", "2018-03-31": "-0.12%", "2017-12-31": "8.23%", "2017-09-30": "3.75%", "2017-06-30": "5.43%", "2017-03-31": "6.80%", "2016-12-31": "0.21%", "2016-09-30": "3.08%", "2016-06-30": "3.50%", "2016-03-31": "5.21%", "2015-12-31": "5.71%", "2015-09-30": "8.35%", "2015-06-30": "8.26%", "2015-03-31": "8.50%", "2014-12-31": "8.07%", "2014-09-30": "9.60%", "2014-06-30": "9.83%", "2014-03-31": "9.25%", "2013-12-31": "9.56%", "2013-09-30": "9.48%", "2013-06-30": "9.53%", "2013-03-31": "9.44%", "2012-12-31": "10.02%", "2012-09-30": "11.01%", "2012-06-30": "3.67%", "2012-03-31": "3.86%", "2011-12-31": "3.79%", "2011-09-30": "2.45%", "2011-06-30": "5.11%", "2011-03-31": "5.24%", "2010-12-31": "5.18%", "2010-09-30": "5.27%", "2010-06-30": "8.88%", "2010-03-31": "8.54%", "2009-12-31": "7.82%", "2009-09-30": "1.07%", "2009-06-30": "0.07%", "2009-03-31": "-0.51%", "2008-12-31": "0.06%", "2008-09-30": "6.50%", "2008-06-30": "8.26%", "2008-03-31": "9.69%", "2007-12-31": "9.88%", "2007-09-30": "9.62%", "2007-06-30": "9.11%", "2007-03-31": "8.55%", "2006-12-31": "8.31%", "2006-09-30": "8.53%", "2006-06-30": "9.18%", "2006-03-31": "8.69%", "2005-12-31": "8.11%"}, "net profit margin": {"2020-09-30": "-1.11%", "2020-06-30": "-11.24%", "2020-03-31": "-10.68%", "2019-12-31": "1.10%", "2019-09-30": "-4.71%", "2019-06-30": "-67.41%", "2019-03-31": "-68.81%", "2018-12-31": "-68.36%", "2018-09-30": "-57.77%", "2018-06-30": "22.06%", "2018-03-31": "22.26%", "2017-12-31": "24.61%", "2017-09-30": "15.18%", "2017-06-30": "12.40%", "2017-03-31": "10.12%", "2016-12-31": "5.76%", "2016-09-30": "3.52%", "2016-06-30": "3.91%", "2016-03-31": "5.65%", "2015-12-31": "5.92%", "2015-09-30": "6.61%", "2015-06-30": "6.46%", "2015-03-31": "6.56%", "2014-12-31": "6.60%", "2014-09-30": "7.87%", "2014-06-30": "9.17%", "2014-03-31": "8.48%", "2013-12-31": "8.45%", "2013-09-30": "8.26%", "2013-06-30": "6.74%", "2013-03-31": "6.84%", "2012-12-31": "7.28%", "2012-09-30": "7.18%", "2012-06-30": "1.73%", "2012-03-31": "2.33%", "2011-12-31": "2.27%", "2011-09-30": "2.10%", "2011-06-30": "5.76%", "2011-03-31": "5.51%", "2010-12-31": "5.16%", "2010-09-30": "4.95%", "2010-06-30": "6.01%", "2010-03-31": "5.57%", "2009-12-31": "5.23%", "2009-09-30": "-0.55%", "2009-06-30": "-1.05%", "2009-03-31": "-1.20%", "2008-12-31": "-0.80%", "2008-09-30": "4.65%", "2008-06-30": "6.45%", "2008-03-31": "7.34%", "2007-12-31": "7.27%", "2007-09-30": "7.23%", "2007-06-30": "6.38%", "2007-03-31": "6.09%", "2006-12-31": "6.22%", "2006-09-30": "6.09%", "2006-06-30": "5.60%", "2006-03-31": "4.74%", "2005-12-31": "4.41%"}, "pe ratio": {"current": "15.84", "2021-02-05": "0.00", "2020-09-30": "0.00", "2020-06-30": "0.00", "2020-03-31": "0.00", "2019-12-31": "75.67", "2019-09-30": "0.00", "2019-06-30": "0.00", "2019-03-31": "0.00", "2018-12-31": "0.00", "2018-09-30": "0.00", "2018-06-30": "5.37", "2018-03-31": "5.03", "2017-12-31": "4.76", "2017-09-30": "14.19", "2017-06-30": "18.46", "2017-03-31": "17.28", "2016-12-31": "32.44", "2016-09-30": "50.67", "2016-06-30": "40.98", "2016-03-31": "29.78", "2015-12-31": "28.36", "2015-09-30": "22.96", "2015-06-30": "24.69", "2015-03-31": "23.53", "2014-12-31": "23.00", "2014-09-30": "17.80", "2014-06-30": "14.00", "2014-03-31": "14.83", "2013-12-31": "16.00", "2013-09-30": "14.02", "2013-06-30": "16.32", "2013-03-31": "16.01", "2012-12-31": "12.78", "2012-09-30": "11.55", "2012-06-30": "45.43", "2012-03-31": "32.75", "2011-12-31": "31.05", "2011-09-30": "23.89", "2011-06-30": "11.11", "2011-03-31": "14.48", "2010-12-31": "14.60", "2010-09-30": "15.06", "2010-06-30": "10.17", "2010-03-31": "10.93", "2009-12-31": "11.53", "2009-09-30": "0.00", "2009-06-30": "0.00", "2009-03-31": "0.00", "2008-12-31": "0.00", "2008-09-30": "11.04", "2008-06-30": "7.75", "2008-03-31": "9.34", "2007-12-31": "10.60", "2007-09-30": "11.79", "2007-06-30": "13.75", "2007-03-31": "15.27", "2006-12-31": "13.92"}, "price sales": {"2021-02-05": "1.19", "2020-09-30": "0.77", "2020-06-30": "0.71", "2020-03-31": "0.56", "2019-12-31": "0.79", "2019-09-30": "0.72", "2019-06-30": "0.60", "2019-03-31": "0.62", "2018-12-31": "0.78", "2018-09-30": "0.92", "2018-06-30": "1.18", "2018-03-31": "1.12", "2017-12-31": "1.17", "2017-09-30": "2.15", "2017-06-30": "2.28", "2017-03-31": "1.71", "2016-12-31": "1.75", "2016-09-30": "1.63", "2016-06-30": "1.65", "2016-03-31": "1.69", "2015-12-31": "1.69", "2015-09-30": "1.54", "2015-06-30": "1.61", "2015-03-31": "1.55", "2014-12-31": "1.53", "2014-09-30": "1.41", "2014-06-30": "1.29", "2014-03-31": "1.26", "2013-12-31": "1.36", "2013-09-30": "1.16", "2013-06-30": "1.10", "2013-03-31": "1.10", "2012-12-31": "0.93", "2012-09-30": "0.83", "2012-06-30": "0.77", "2012-03-31": "0.74", "2011-12-31": "0.67", "2011-09-30": "0.47", "2011-06-30": "0.64", "2011-03-31": "0.79", "2010-12-31": "0.75", "2010-09-30": "0.73", "2010-06-30": "0.60", "2010-03-31": "0.60", "2009-12-31": "0.59", "2009-09-30": "0.60", "2009-06-30": "0.37", "2009-03-31": "0.21", "2008-12-31": "0.31", "2008-09-30": "0.52", "2008-06-30": "0.51", "2008-03-31": "0.70", "2007-12-31": "0.79", "2007-09-30": "0.87", "2007-06-30": "0.88", "2007-03-31": "0.93", "2006-12-31": "0.87"}, "price book": {"current": "2.96", "2021-02-05": "2.96", "2020-09-30": "1.92", "2020-06-30": "1.87", "2020-03-31": "1.55", "2019-12-31": "1.54", "2019-09-30": "1.77", "2019-06-30": "1.20", "2019-03-31": "1.18", "2018-12-31": "1.34", "2018-09-30": "1.40", "2018-06-30": "0.79", "2018-03-31": "0.76", "2017-12-31": "0.92", "2017-09-30": "1.41", "2017-06-30": "1.81", "2017-03-31": "1.62", "2016-12-31": "1.61", "2016-09-30": "1.88", "2016-06-30": "1.74", "2016-03-31": "5.61", "2015-12-31": "5.39", "2015-09-30": "4.94", "2015-06-30": "5.12", "2015-03-31": "5.10", "2014-12-31": "4.54", "2014-09-30": "3.76", "2014-06-30": "3.28", "2014-03-31": "3.23", "2013-12-31": "3.50", "2013-09-30": "2.88", "2013-06-30": "2.95", "2013-03-31": "3.00", "2012-12-31": "2.51", "2012-09-30": "2.07", "2012-06-30": "2.06", "2012-03-31": "2.04", "2011-12-31": "1.93", "2011-09-30": "1.38", "2011-06-30": "1.60", "2011-03-31": "2.07", "2010-12-31": "2.09", "2010-09-30": "2.08", "2010-06-30": "1.61", "2010-03-31": "1.74", "2009-12-31": "1.74", "2009-09-30": "1.76", "2009-06-30": "1.20", "2009-03-31": "0.81", "2008-12-31": "1.31", "2008-09-30": "1.52", "2008-06-30": "1.42", "2008-03-31": "1.95", "2007-12-31": "2.32", "2007-09-30": "2.52", "2007-06-30": "2.88", "2007-03-31": "3.05", "2006-12-31": "2.82", "2006-09-30": "2.84", "2006-06-30": "2.70", "2006-03-31": "2.72"}, "price fcf": {"2021-02-05": "", "2020-09-30": "$2.80", "2020-06-30": "$2.22", "2020-03-31": "$2.37", "2019-12-31": "$1.84", "2019-09-30": "$1.41", "2019-06-30": "$1.55", "2019-03-31": "$1.04", "2018-12-31": "$0.62", "2018-09-30": "$1.60", "2018-06-30": "$0.75", "2018-03-31": "$0.88", "2017-12-31": "$1.15", "2017-09-30": "$1.52", "2017-06-30": "$2.12", "2017-03-31": "$3.73", "2016-12-31": "$3.32", "2016-09-30": "$2.05", "2016-06-30": "$2.29", "2016-03-31": "$1.00", "2015-12-31": "$1.41", "2015-09-30": "$1.39", "2015-06-30": "$1.48", "2015-03-31": "$1.45", "2014-12-31": "$1.76", "2014-09-30": "$2.39", "2014-06-30": "$2.42", "2014-03-31": "$2.35", "2013-12-31": "$2.25", "2013-09-30": "$1.46", "2013-06-30": "$1.21", "2013-03-31": "$1.29", "2012-12-31": "$1.50", "2012-09-30": "$1.63", "2012-06-30": "$1.56", "2012-03-31": "$1.48", "2011-12-31": "$1.29", "2011-09-30": "$0.97", "2011-06-30": "$0.67", "2011-03-31": "$0.92", "2010-12-31": "$1.42", "2010-09-30": "$1.46", "2010-06-30": "$1.90", "2010-03-31": "$1.73", "2009-12-31": "$1.59", "2009-09-30": "$1.68", "2009-06-30": "$1.89", "2009-03-31": "$1.52", "2008-12-31": "$1.10", "2008-09-30": "$0.96", "2008-06-30": "$0.66", "2008-03-31": "$1.23", "2007-12-31": "$1.72", "2007-09-30": "$2.41", "2007-06-30": "$2.60", "2007-03-31": "$2.45", "2006-12-31": "$2.51"}, "net worth": {"value": "$11.09B"}, "current ratio": {"current": "1.51", "2020-09-30": "1.51", "2020-06-30": "1.47", "2020-03-31": "1.33", "2019-12-31": "1.38", "2019-09-30": "1.48", "2019-06-30": "2.25", "2019-03-31": "2.12", "2018-12-31": "1.80", "2018-09-30": "2.98", "2018-06-30": "3.17", "2018-03-31": "1.72", "2017-12-31": "2.19", "2017-09-30": "1.46", "2017-06-30": "1.49", "2017-03-31": "1.50", "2016-12-31": "1.74", "2016-09-30": "1.94", "2016-06-30": "1.63", "2016-03-31": "4.78", "2015-12-31": "1.25", "2015-09-30": "1.21", "2015-06-30": "1.19", "2015-03-31": "1.19", "2014-12-31": "1.21", "2014-09-30": "1.09", "2014-06-30": "1.24", "2014-03-31": "1.44", "2013-12-31": "1.42", "2013-09-30": "1.65", "2013-06-30": "1.41", "2013-03-31": "1.41", "2012-12-31": "1.45", "2012-09-30": "1.13", "2012-06-30": "1.09", "2012-03-31": "1.33", "2011-12-31": "1.29", "2011-09-30": "1.29", "2011-06-30": "1.19", "2011-03-31": "1.15", "2010-12-31": "1.28", "2010-09-30": "1.23", "2010-06-30": "1.36", "2010-03-31": "1.31", "2009-12-31": "1.24", "2009-09-30": "1.17", "2009-06-30": "1.40", "2009-03-31": "1.40", "2008-12-31": "1.07", "2008-09-30": "1.26", "2008-06-30": "1.08", "2008-03-31": "1.35", "2007-12-31": "1.03", "2007-09-30": "1.12", "2007-06-30": "1.79", "2007-03-31": "1.82", "2006-12-31": "1.31", "2006-09-30": "1.32", "2006-06-30": "1.37", "2006-03-31": "1.38", "2005-12-31": "1.38", "2005-09-30": "1.85", "2005-06-30": "1.81", "2005-03-31": "1.71"}, "quick ratio": {"2020-09-30": "0.96", "2020-06-30": "0.88", "2020-03-31": "0.75", "2019-12-31": "0.84", "2019-09-30": "0.98", "2019-06-30": "1.66", "2019-03-31": "1.61", "2018-12-31": "1.27", "2018-09-30": "2.53", "2018-06-30": "2.74", "2018-03-31": "1.20", "2017-12-31": "1.85", "2017-09-30": "0.86", "2017-06-30": "0.94", "2017-03-31": "0.93", "2016-12-31": "1.25", "2016-09-30": "1.34", "2016-06-30": "0.93", "2016-03-31": "4.38", "2015-12-31": "0.89", "2015-09-30": "0.79", "2015-06-30": "0.79", "2015-03-31": "0.77", "2014-12-31": "0.84", "2014-09-30": "0.73", "2014-06-30": "0.83", "2014-03-31": "0.92", "2013-12-31": "1.00", "2013-09-30": "1.08", "2013-06-30": "0.93", "2013-03-31": "0.92", "2012-12-31": "1.00", "2012-09-30": "0.75", "2012-06-30": "0.74", "2012-03-31": "0.83", "2011-12-31": "0.87", "2011-09-30": "0.80", "2011-06-30": "0.75", "2011-03-31": "0.73", "2010-12-31": "0.86", "2010-09-30": "0.79", "2010-06-30": "0.91", "2010-03-31": "0.89", "2009-12-31": "0.85", "2009-09-30": "0.77", "2009-06-30": "0.94", "2009-03-31": "0.94", "2008-12-31": "0.66", "2008-09-30": "0.76", "2008-06-30": "0.66", "2008-03-31": "0.87", "2007-12-31": "0.67", "2007-09-30": "0.68", "2007-06-30": "1.11", "2007-03-31": "1.10", "2006-12-31": "0.86", "2006-09-30": "0.86", "2006-06-30": "0.88", "2006-03-31": "0.82", "2005-12-31": "0.93", "2005-09-30": "1.17", "2005-06-30": "1.11", "2005-03-31": "1.06"}, "debt equity ratio": {"current": "1.55", "2020-09-30": "2.93", "2020-06-30": "3.06", "2020-03-31": "3.00", "2019-12-31": "2.13", "2019-09-30": "2.84", "2019-06-30": "2.53", "2019-03-31": "2.63", "2018-12-31": "2.37", "2018-09-30": "2.72", "2018-06-30": "1.30", "2018-03-31": "1.36", "2017-12-31": "1.34", "2017-09-30": "1.65", "2017-06-30": "1.77", "2017-03-31": "1.77", "2016-12-31": "1.97", "2016-09-30": "2.00", "2016-06-30": "1.99", "2016-03-31": "7.62", "2015-12-31": "2.98", "2015-09-30": "2.80", "2015-06-30": "2.90", "2015-03-31": "2.89", "2014-12-31": "2.54", "2014-09-30": "2.13", "2014-06-30": "1.96", "2014-03-31": "1.89", "2013-12-31": "1.93", "2013-09-30": "1.81", "2013-06-30": "2.14", "2013-03-31": "2.12", "2012-12-31": "2.11", "2012-09-30": "2.08", "2012-06-30": "2.34", "2012-03-31": "2.22", "2011-12-31": "2.33", "2011-09-30": "2.27", "2011-06-30": "2.16", "2011-03-31": "2.26", "2010-12-31": "2.36", "2010-09-30": "2.51", "2010-06-30": "2.46", "2010-03-31": "2.53", "2009-12-31": "2.60", "2009-09-30": "2.60", "2009-06-30": "2.88", "2009-03-31": "3.41", "2008-12-31": "3.28", "2008-09-30": "2.25", "2008-06-30": "2.28", "2008-03-31": "2.20", "2007-12-31": "1.97", "2007-09-30": "2.05", "2007-06-30": "2.21", "2007-03-31": "2.29", "2006-12-31": "2.34", "2006-09-30": "2.58", "2006-06-30": "2.78", "2006-03-31": "2.84", "2005-12-31": "2.92", "2005-09-30": "2.56", "2005-06-30": "2.57", "2005-03-31": "2.65"}, "return on equity": {"2020-09-30": "-2.62%", "2020-06-30": "-25.57%", "2020-03-31": "-23.14%", "2019-12-31": "2.23%", "2019-09-30": "-10.37%", "2019-06-30": "-135.20%", "2019-03-31": "-94.48%", "2018-12-31": "-70.41%", "2018-09-30": "-45.26%", "2018-06-30": "15.04%", "2018-03-31": "16.20%", "2017-12-31": "21.45%", "2017-09-30": "10.42%", "2017-06-30": "10.31%", "2017-03-31": "9.75%", "2016-12-31": "5.88%", "2016-09-30": "5.69%", "2016-06-30": "7.72%", "2016-03-31": "18.78%", "2015-12-31": "19.73%", "2015-09-30": "21.84%", "2015-06-30": "20.47%", "2015-03-31": "19.72%", "2014-12-31": "18.75%", "2014-09-30": "21.40%", "2014-06-30": "24.34%", "2014-03-31": "22.57%", "2013-12-31": "22.85%", "2013-09-30": "22.33%", "2013-06-30": "18.48%", "2013-03-31": "18.73%", "2012-12-31": "20.07%", "2012-09-30": "19.32%", "2012-06-30": "4.85%", "2012-03-31": "6.49%", "2011-12-31": "6.27%", "2011-09-30": "6.03%", "2011-06-30": "16.34%", "2011-03-31": "16.07%", "2010-12-31": "15.59%", "2010-09-30": "15.03%", "2010-06-30": "18.26%", "2010-03-31": "17.23%", "2009-12-31": "16.34%", "2009-09-30": "-1.82%", "2009-06-30": "-3.43%", "2009-03-31": "-3.87%", "2008-12-31": "-2.48%", "2008-09-30": "13.73%", "2008-06-30": "18.96%", "2008-03-31": "21.83%", "2007-12-31": "22.38%", "2007-09-30": "23.23%", "2007-06-30": "21.07%", "2007-03-31": "20.73%", "2006-12-31": "21.75%", "2006-09-30": "21.08%", "2006-06-30": "19.21%", "2006-03-31": "16.06%", "2005-12-31": "14.82%"}, "return on assets": {"2020-09-30": "-0.70%", "2020-06-30": "-6.91%", "2020-03-31": "-6.46%", "2019-12-31": "0.63%", "2019-09-30": "-2.89%", "2019-06-30": "-37.89%", "2019-03-31": "-31.61%", "2018-12-31": "-26.25%", "2018-09-30": "-18.06%", "2018-06-30": "6.25%", "2018-03-31": "6.44%", "2017-12-31": "8.19%", "2017-09-30": "3.74%", "2017-06-30": "3.59%", "2017-03-31": "3.33%", "2016-12-31": "1.80%", "2016-09-30": "1.65%", "2016-06-30": "2.04%", "2016-03-31": "3.71%", "2015-12-31": "5.07%", "2015-09-30": "5.78%", "2015-06-30": "5.70%", "2015-03-31": "5.89%", "2014-12-31": "6.02%", "2014-09-30": "7.19%", "2014-06-30": "8.41%", "2014-03-31": "7.68%", "2013-12-31": "7.64%", "2013-09-30": "7.35%", "2013-06-30": "5.94%", "2013-03-31": "5.93%", "2012-12-31": "6.30%", "2012-09-30": "5.97%", "2012-06-30": "1.47%", "2012-03-31": "2.00%", "2011-12-31": "1.93%", "2011-09-30": "1.85%", "2011-06-30": "4.93%", "2011-03-31": "4.74%", "2010-12-31": "4.50%", "2010-09-30": "4.27%", "2010-06-30": "5.15%", "2010-03-31": "4.72%", "2009-12-31": "4.24%", "2009-09-30": "-0.45%", "2009-06-30": "-0.88%", "2009-03-31": "-1.04%", "2008-12-31": "-0.72%", "2008-09-30": "4.32%", "2008-06-30": "6.06%", "2008-03-31": "7.03%", "2007-12-31": "7.17%", "2007-09-30": "7.22%", "2007-06-30": "6.29%", "2007-03-31": "5.94%", "2006-12-31": "6.00%", "2006-09-30": "5.58%", "2006-06-30": "5.09%", "2006-03-31": "4.32%", "2005-12-31": "4.03%"}, "return on investments": {"2020-09-30": "-7.88%", "2020-06-30": "-20.52%", "2020-03-31": "-18.64%", "2019-12-31": "-4.42%", "2019-09-30": "-3.45%", "2019-06-30": "-58.17%", "2019-03-31": "-48.29%", "2018-12-31": "-40.63%", "2018-09-30": "-34.50%", "2018-06-30": "2.20%", "2018-03-31": "2.26%", "2017-12-31": "3.07%", "2017-09-30": "0.43%", "2017-06-30": "1.24%", "2017-03-31": "1.42%", "2016-12-31": "1.45%", "2016-09-30": "4.32%", "2016-06-30": "5.00%", "2016-03-31": "10.22%", "2015-12-31": "15.01%", "2015-09-30": "15.84%", "2015-06-30": "15.93%", "2015-03-31": "16.24%", "2014-12-31": "16.49%", "2014-09-30": "17.82%", "2014-06-30": "17.46%", "2014-03-31": "16.50%", "2013-12-31": "16.37%", "2013-09-30": "16.33%", "2013-06-30": "17.06%", "2013-03-31": "17.27%", "2012-12-31": "17.89%", "2012-09-30": "18.82%", "2012-06-30": "7.99%", "2012-03-31": "8.15%", "2011-12-31": "8.24%", "2011-09-30": "6.37%", "2011-06-30": "15.58%", "2011-03-31": "15.83%", "2010-12-31": "15.88%", "2010-09-30": "16.44%", "2010-06-30": "16.29%", "2010-03-31": "15.95%", "2009-12-31": "14.27%", "2009-09-30": "5.18%", "2009-06-30": "5.03%", "2009-03-31": "4.07%", "2008-12-31": "4.82%", "2008-09-30": "14.90%", "2008-06-30": "17.12%", "2008-03-31": "18.99%", "2007-12-31": "19.23%", "2007-09-30": "18.57%", "2007-06-30": "17.27%", "2007-03-31": "16.80%", "2006-12-31": "16.77%", "2006-09-30": "15.74%", "2006-06-30": "16.05%", "2006-03-31": "14.93%", "2005-12-31": "13.85%"}, "return on tangible equity": {"2020-09-30": "2.93%", "2020-06-30": "27.80%", "2020-03-31": "27.63%", "2019-12-31": "-2.91%", "2019-09-30": "12.68%", "2019-06-30": "198.84%", "2019-03-31": "205.02%", "2018-12-31": "145.55%", "2018-09-30": "127.29%", "2018-06-30": "-31.22%", "2018-03-31": "-24.00%", "2017-12-31": "-27.69%", "2017-09-30": "-10.14%", "2017-06-30": "-9.57%", "2017-03-31": "-8.68%", "2016-12-31": "-5.07%", "2016-09-30": "-4.88%", "2016-06-30": "-6.70%", "2016-03-31": "-18.51%", "2015-12-31": "-20.50%", "2015-09-30": "-24.40%", "2015-06-30": "-25.33%", "2015-03-31": "-29.01%", "2014-12-31": "-33.84%", "2014-09-30": "-46.74%", "2014-06-30": "-60.03%", "2014-03-31": "-53.78%", "2013-12-31": "-52.42%", "2013-09-30": "-49.09%", "2013-06-30": "-38.24%", "2013-03-31": "-37.50%", "2012-12-31": "-38.88%", "2012-09-30": "-35.40%", "2012-06-30": "-8.35%", "2012-03-31": "-10.90%", "2011-12-31": "-9.99%", "2011-09-30": "-9.10%", "2011-06-30": "-22.88%", "2011-03-31": "-21.11%", "2010-12-31": "-19.42%", "2010-09-30": "-18.05%", "2010-06-30": "-21.68%", "2010-03-31": "-19.66%", "2009-12-31": "-17.77%", "2009-09-30": "1.88%", "2009-06-30": "3.82%", "2009-03-31": "4.73%", "2008-12-31": "3.73%", "2008-09-30": "-26.45%", "2008-06-30": "-40.96%", "2008-03-31": "-51.75%", "2007-12-31": "-49.56%", "2007-09-30": "-47.46%", "2007-06-30": "-40.12%", "2007-03-31": "-36.53%", "2006-12-31": "-36.07%", "2006-09-30": "-33.28%", "2006-06-30": "-35.28%", "2006-03-31": "-36.38%", "2005-12-31": "-45.28%"}, "dividend yield history": {"last payout": "$0.92", "last yield": "3.52%"}}