{"ticker": "NEU", "price": {"title": "NewMarket Historical Annual Stock Price Data", "value": 387.43, "historical": {"2021": {"Average Stock Price": "413.7492", "Year Open": "402.6300", "Year High": "428.6300", "Year Low": "387.4300", "Year Close": "387.4300", "Annual % Change": "-2.73%"}, "2020": {"Average Stock Price": "396.4557", "Year Open": "480.7900", "Year High": "480.7900", "Year Low": "328.8900", "Year Close": "398.2900", "Annual % Change": "-18.13%"}, "2019": {"Average Stock Price": "441.2050", "Year Open": "405.2000", "Year High": "504.0600", "Year Low": "387.0000", "Year Close": "486.5200", "Annual % Change": "18.06%"}, "2018": {"Average Stock Price": "398.3985", "Year Open": "403.6300", "Year High": "435.5400", "Year Low": "361.4200", "Year Close": "412.0900", "Annual % Change": "3.70%"}, "2017": {"Average Stock Price": "435.1418", "Year Open": "428.7800", "Year High": "476.1800", "Year Low": "381.2300", "Year Close": "397.3900", "Annual % Change": "-6.24%"}, "2016": {"Average Stock Price": "402.5317", "Year Open": "371.7300", "Year High": "442.6200", "Year Low": "324.8900", "Year Close": "423.8400", "Annual % Change": "11.32%"}, "2015": {"Average Stock Price": "425.6847", "Year Open": "402.0900", "Year High": "480.3300", "Year Low": "354.5900", "Year Close": "380.7300", "Annual % Change": "-5.65%"}, "2014": {"Average Stock Price": "380.8946", "Year Open": "325.3900", "Year High": "413.3900", "Year Low": "311.6100", "Year Close": "403.5300", "Annual % Change": "20.76%"}, "2013": {"Average Stock Price": "281.4755", "Year Open": "272.2700", "Year High": "337.2200", "Year Low": "241.6500", "Year Close": "334.1500", "Annual % Change": "27.44%"}, "2012": {"Average Stock Price": "223.8348", "Year Open": "201.0600", "Year High": "277.4300", "Year Low": "173.4600", "Year Close": "262.2000", "Annual % Change": "32.35%"}, "2011": {"Average Stock Price": "161.7603", "Year Open": "126.0000", "Year High": "203.7100", "Year Low": "119.7600", "Year Close": "198.1100", "Annual % Change": "60.58%"}, "2010": {"Average Stock Price": "107.8541", "Year Open": "120.1800", "Year High": "130.8000", "Year Low": "81.9400", "Year Close": "123.3700", "Annual % Change": "7.49%"}, "2009": {"Average Stock Price": "71.5594", "Year Open": "35.7400", "Year High": "120.3300", "Year Low": "27.9100", "Year Close": "114.7700", "Annual % Change": "228.76%"}, "2008": {"Average Stock Price": "58.7278", "Year Open": "54.7200", "Year High": "92.7300", "Year Low": "24.7200", "Year Close": "34.9100", "Annual % Change": "-37.31%"}, "2007": {"Average Stock Price": "48.3116", "Year Open": "57.3500", "Year High": "58.6400", "Year Low": "39.3600", "Year Close": "55.6900", "Annual % Change": "-5.69%"}, "2006": {"Average Stock Price": "49.8409", "Year Open": "25.0000", "Year High": "67.8000", "Year Low": "24.9300", "Year Close": "59.0500", "Annual % Change": "141.41%"}, "2005": {"Average Stock Price": "17.6927", "Year Open": "19.4800", "Year High": "24.9500", "Year Low": "13.4100", "Year Close": "24.4600", "Annual % Change": "22.91%"}, "2004": {"Average Stock Price": "20.1142", "Year Open": "21.9900", "Year High": "25.3300", "Year Low": "17.3500", "Year Close": "19.9000", "Annual % Change": "-9.01%"}, "2003": {"Average Stock Price": "11.9187", "Year Open": "6.9300", "Year High": "22.1900", "Year Low": "6.6200", "Year Close": "21.8700", "Annual % Change": "236.98%"}, "2002": {"Average Stock Price": "4.8712", "Year Open": "4.6000", "Year High": "7.1500", "Year Low": "2.7500", "Year Close": "6.4900", "Annual % Change": "41.09%"}, "2001": {"Average Stock Price": "6.5177", "Year Open": "7.8000", "Year High": "11.2500", "Year Low": "2.8500", "Year Close": "4.6000", "Annual % Change": "-36.11%"}, "2000": {"Average Stock Price": "12.5845", "Year Open": "19.0500", "Year High": "19.7000", "Year Low": "6.5500", "Year Close": "7.2000", "Annual % Change": "-58.86%"}, "1999": {"Average Stock Price": "24.8365", "Year Open": "31.5500", "Year High": "33.1500", "Year Low": "17.5000", "Year Close": "17.5000", "Annual % Change": "-37.83%"}, "1998": {"Average Stock Price": "31.8442", "Year Open": "39.0500", "Year High": "42.2000", "Year Low": "18.1500", "Year Close": "28.1500", "Annual % Change": "-26.79%"}, "1997": {"Average Stock Price": "45.3259", "Year Open": "48.1500", "Year High": "51.2500", "Year Low": "38.4500", "Year Close": "38.4500", "Annual % Change": "-19.05%"}, "1996": {"Average Stock Price": "49.1748", "Year Open": "65.0000", "Year High": "65.0000", "Year Low": "41.2500", "Year Close": "47.5000", "Annual % Change": "-23.26%"}, "1995": {"Average Stock Price": "55.2454", "Year Open": "48.1500", "Year High": "65.0000", "Year Low": "48.1500", "Year Close": "61.9000", "Annual % Change": "28.56%"}, "1994": {"Average Stock Price": "55.3286", "Year Open": "43.1250", "Year High": "67.5000", "Year Low": "43.1250", "Year Close": "48.1500", "Annual % Change": "10.06%"}, "1993": {"Average Stock Price": "46.5955", "Year Open": "47.7167", "Year High": "51.0333", "Year Low": "42.2000", "Year Close": "43.7500", "Annual % Change": "-8.31%"}, "1992": {"Average Stock Price": "45.3270", "Year Open": "46.6667", "Year High": "50.4167", "Year Low": "39.7833", "Year Close": "47.7167", "Annual % Change": "2.25%"}, "1991": {"Average Stock Price": "44.6558", "Year Open": "40.2167", "Year High": "53.1333", "Year Low": "37.9167", "Year Close": "46.6667", "Annual % Change": "19.15%"}, "1990": {"Average Stock Price": "44.0227", "Year Open": "47.7167", "Year High": "54.1667", "Year Low": "34.7833", "Year Close": "39.1667", "Annual % Change": "-14.55%"}, "1989": {"Average Stock Price": "41.6800", "Year Open": "35.4167", "Year High": "48.1333", "Year Low": "35.4167", "Year Close": "45.8333", "Annual % Change": "27.20%"}, "1988": {"Average Stock Price": "35.7476", "Year Open": "32.2833", "Year High": "40.0000", "Year Low": "29.1667", "Year Close": "36.0333", "Annual % Change": "16.86%"}, "1987": {"Average Stock Price": "41.6310", "Year Open": "31.8833", "Year High": "53.3333", "Year Low": "26.2500", "Year Close": "30.8333", "Annual % Change": "-1.33%"}, "1986": {"Average Stock Price": "30.7731", "Year Open": "22.5000", "Year High": "37.0833", "Year Low": "22.5000", "Year Close": "31.2500", "Annual % Change": "37.61%"}}}, "market cap": {"value": "$4.23B"}, "income statement": {"Revenue": {"2020-12-31": "2010.93100", "2019-12-31": "2190.29500", "2018-12-31": "2289.67500", "2017-12-31": "2198.40400", "2016-12-31": "2049.45100", "2015-12-31": "2140.83000", "2014-12-31": "2335.40500", "2013-12-31": "2280.35500", "2012-12-31": "2211.87800", "2011-12-31": "2138.12700", "2010-12-31": "1797.39200", "2009-12-31": "1530.12200", "2008-12-31": "1617.43100", "2007-12-31": "1374.87400", "2006-12-31": "1263.29700", "2005-12-31": "1075.54400"}, "Cost Of Goods Sold": {"2020-12-31": "1415.89900", "2019-12-31": "1560.42600", "2018-12-31": "1704.31200", "2017-12-31": "1562.01700", "2016-12-31": "1372.26900", "2015-12-31": "1461.77400", "2014-12-31": "1669.98200", "2013-12-31": "1627.05900", "2012-12-31": "1581.39300", "2011-12-31": "1586.14500", "2010-12-31": "1281.93300", "2009-12-31": "1066.86200", "2008-12-31": "1302.93700", "2007-12-31": "1078.30200", "2006-12-31": "999.21100", "2005-12-31": "875.28600"}, "Gross Profit": {"2020-12-31": "595.03200", "2019-12-31": "629.86890", "2018-12-31": "585.36300", "2017-12-31": "636.38710", "2016-12-31": "677.18190", "2015-12-31": "679.05600", "2014-12-31": "665.42300", "2013-12-31": "653.29600", "2012-12-31": "630.48500", "2011-12-31": "551.98190", "2010-12-31": "515.45900", "2009-12-31": "463.25990", "2008-12-31": "314.49400", "2007-12-31": "296.57200", "2006-12-31": "264.08600", "2005-12-31": "200.25790"}, "Research And Development Expenses": {"2020-12-31": "140.36700", "2019-12-31": "144.46500", "2018-12-31": "140.28900", "2017-12-31": "146.00200", "2016-12-31": "160.78800", "2015-12-31": "158.25400", "2014-12-31": "139.18300", "2013-12-31": "136.57300", "2012-12-31": "117.84500", "2011-12-31": "105.49600", "2010-12-31": "91.18800", "2009-12-31": "86.07200", "2008-12-31": "81.75200", "2007-12-31": "76.83400", "2006-12-31": "70.26300", "2005-12-31": "65.39400"}, "SG&A Expenses": {"2020-12-31": "142.86300", "2019-12-31": "148.08300", "2018-12-31": "152.40000", "2017-12-31": "167.65100", "2016-12-31": "161.63500", "2015-12-31": "164.08200", "2014-12-31": "163.52000", "2013-12-31": "164.87800", "2012-12-31": "154.20700", "2011-12-31": "151.59900", "2010-12-31": "136.96700", "2009-12-31": "114.90000", "2008-12-31": "116.38200", "2007-12-31": "111.11500", "2006-12-31": "109.19100", "2005-12-31": "96.81000"}, "Other Operating Income Or Expenses": {"2020-12-31": "", "2019-12-31": "", "2018-12-31": "", "2017-12-31": "", "2016-12-31": "", "2015-12-31": "", "2014-12-31": "", "2013-12-31": "", "2012-12-31": "", "2011-12-31": "38.65600", "2010-12-31": "", "2009-12-31": "", "2008-12-31": "", "2007-12-31": "", "2006-12-31": "14.82500", "2005-12-31": "11.66800"}, "Operating Expenses": {"2020-12-31": "1699.12900", "2019-12-31": "1852.97400", "2018-12-31": "1997.00100", "2017-12-31": "1875.67000", "2016-12-31": "1694.69200", "2015-12-31": "1784.11000", "2014-12-31": "1972.68500", "2013-12-31": "1928.51000", "2012-12-31": "1853.44500", "2011-12-31": "1804.58400", "2010-12-31": "1510.08800", "2009-12-31": "1267.83400", "2008-12-31": "1501.07100", "2007-12-31": "1266.25100", "2006-12-31": "1163.84000", "2005-12-31": "1025.82200"}, "Operating Income": {"2020-12-31": "311.80190", "2019-12-31": "337.32090", "2018-12-31": "292.67400", "2017-12-31": "322.73410", "2016-12-31": "354.75890", "2015-12-31": "356.72000", "2014-12-31": "362.72000", "2013-12-31": "351.84500", "2012-12-31": "358.43300", "2011-12-31": "333.54300", "2010-12-31": "287.30400", "2009-12-31": "262.28780", "2008-12-31": "116.36010", "2007-12-31": "108.62300", "2006-12-31": "99.45690", "2005-12-31": "49.72190"}, "Total Non-Operating Income/Expense": {"2020-12-31": "19.48500", "2019-12-31": "-5.73100", "2018-12-31": "-2.38900", "2017-12-31": "-7.29200", "2016-12-31": "-11.55100", "2015-12-31": "-17.74900", "2014-12-31": "-23.62100", "2013-12-31": "-10.53400", "2012-12-31": "-20.86500", "2011-12-31": "-32.19900", "2010-12-31": "-27.30800", "2009-12-31": "-22.91200", "2008-12-31": "-11.03400", "2007-12-31": "-8.19900", "2006-12-31": "-19.49500", "2005-12-31": "-15.92400"}, "Pre-Tax Income": {"2020-12-31": "331.28700", "2019-12-31": "331.59000", "2018-12-31": "290.28500", "2017-12-31": "315.44200", "2016-12-31": "343.20800", "2015-12-31": "338.97100", "2014-12-31": "339.09900", "2013-12-31": "341.31100", "2012-12-31": "337.56800", "2011-12-31": "301.34400", "2010-12-31": "259.99600", "2009-12-31": "239.37600", "2008-12-31": "105.32600", "2007-12-31": "100.42400", "2006-12-31": "79.96200", "2005-12-31": "33.79800"}, "Income Taxes": {"2020-12-31": "60.71900", "2019-12-31": "77.30400", "2018-12-31": "55.55100", "2017-12-31": "124.93300", "2016-12-31": "99.76700", "2015-12-31": "100.36800", "2014-12-31": "105.84400", "2013-12-31": "98.96400", "2012-12-31": "100.29600", "2011-12-31": "95.88700", "2010-12-31": "82.87100", "2009-12-31": "77.09300", "2008-12-31": "32.09900", "2007-12-31": "21.87400", "2006-12-31": "27.65100", "2005-12-31": "6.16600"}, "Income After Taxes": {"2020-12-31": "270.56800", "2019-12-31": "254.28600", "2018-12-31": "234.73400", "2017-12-31": "190.50900", "2016-12-31": "243.44100", "2015-12-31": "238.60300", "2014-12-31": "233.25500", "2013-12-31": "242.34700", "2012-12-31": "237.27200", "2011-12-31": "205.45700", "2010-12-31": "177.12500", "2009-12-31": "162.28300", "2008-12-31": "73.22700", "2007-12-31": "78.55000", "2006-12-31": "52.31100", "2005-12-31": "27.63200"}, "Other Income": {"2020-12-31": "", "2019-12-31": "", "2018-12-31": "", "2017-12-31": "", "2016-12-31": "", "2015-12-31": "", "2014-12-31": "", "2013-12-31": "", "2012-12-31": "", "2011-12-31": "", "2010-12-31": "", "2009-12-31": "", "2008-12-31": "", "2007-12-31": "", "2006-12-31": "", "2005-12-31": ""}, "Income From Continuous Operations": {"2020-12-31": "270.56800", "2019-12-31": "254.28600", "2018-12-31": "234.73400", "2017-12-31": "190.50900", "2016-12-31": "243.44100", "2015-12-31": "238.60300", "2014-12-31": "233.25500", "2013-12-31": "242.34700", "2012-12-31": "237.27200", "2011-12-31": "205.45700", "2010-12-31": "177.12500", "2009-12-31": "162.28300", "2008-12-31": "73.22700", "2007-12-31": "78.55000", "2006-12-31": "52.31100", "2005-12-31": "27.63200"}, "Income From Discontinued Operations": {"2020-12-31": "", "2019-12-31": "", "2018-12-31": "", "2017-12-31": "", "2016-12-31": "", "2015-12-31": "", "2014-12-31": "", "2013-12-31": "22.39500", "2012-12-31": "2.32100", "2011-12-31": "1.45000", "2010-12-31": "", "2009-12-31": "", "2008-12-31": "", "2007-12-31": "16.77100", "2006-12-31": "5.21100", "2005-12-31": "14.74900"}, "Net Income": {"2020-12-31": "270.56800", "2019-12-31": "254.28600", "2018-12-31": "234.73400", "2017-12-31": "190.50900", "2016-12-31": "242.96400", "2015-12-31": "238.12100", "2014-12-31": "232.86400", "2013-12-31": "264.74200", "2012-12-31": "239.59300", "2011-12-31": "206.90700", "2010-12-31": "177.12500", "2009-12-31": "162.28300", "2008-12-31": "73.22700", "2007-12-31": "95.32100", "2006-12-31": "57.52200", "2005-12-31": "42.38100"}, "EBITDA": {"2020-12-31": "311.80190", "2019-12-31": "424.88090", "2018-12-31": "364.43300", "2017-12-31": "378.07410", "2016-12-31": "399.65190", "2015-12-31": "398.98500", "2014-12-31": "404.25800", "2013-12-31": "397.98900", "2012-12-31": "401.82200", "2011-12-31": "376.89500", "2010-12-31": "326.43800", "2009-12-31": "295.10780", "2008-12-31": "145.32810", "2007-12-31": "137.74910", "2006-12-31": "131.04890", "2005-12-31": "86.11790"}, "EBIT": {"2020-12-31": "311.80190", "2019-12-31": "337.32090", "2018-12-31": "292.67400", "2017-12-31": "322.73410", "2016-12-31": "354.75890", "2015-12-31": "356.72000", "2014-12-31": "362.72000", "2013-12-31": "351.84500", "2012-12-31": "358.43300", "2011-12-31": "333.54300", "2010-12-31": "287.30400", "2009-12-31": "262.28780", "2008-12-31": "116.36010", "2007-12-31": "108.62300", "2006-12-31": "99.45690", "2005-12-31": "49.72190"}, "Basic Shares Outstanding": {"2020-12-31": "10.98080", "2019-12-31": "11.16600", "2018-12-31": "11.51500", "2017-12-31": "11.82400", "2016-12-31": "11.82800", "2015-12-31": "12.24100", "2014-12-31": "12.67100", "2013-12-31": "13.28600", "2012-12-31": "13.40500", "2011-12-31": "13.70700", "2010-12-31": "14.61900", "2009-12-31": "15.20600", "2008-12-31": "15.36200", "2007-12-31": "16.84100", "2006-12-31": "17.22300", "2005-12-31": "17.02800"}, "Shares Outstanding": {"2020-12-31": "10.98080", "2019-12-31": "11.16600", "2018-12-31": "11.51500", "2017-12-31": "11.82400", "2016-12-31": "11.82800", "2015-12-31": "12.24100", "2014-12-31": "12.67100", "2013-12-31": "13.28600", "2012-12-31": "13.40500", "2011-12-31": "13.71200", "2010-12-31": "14.65000", "2009-12-31": "15.24300", "2008-12-31": "15.43000", "2007-12-31": "16.95700", "2006-12-31": "17.40700", "2005-12-31": "17.32000"}, "Basic EPS": {"2020-12-31": "24.64000", "2019-12-31": "22.73000", "2018-12-31": "20.34000", "2017-12-31": "16.08000", "2016-12-31": "20.54000", "2015-12-31": "19.45000", "2014-12-31": "18.38000", "2013-12-31": "19.90000", "2012-12-31": "17.85000", "2011-12-31": "15.10000", "2010-12-31": "12.12000", "2009-12-31": "10.67000", "2008-12-31": "4.77000", "2007-12-31": "5.66000", "2006-12-31": "3.34000", "2005-12-31": "2.49000"}, "EPS - Earnings Per Share": {"2020-12-31": "24.64000", "2019-12-31": "22.73000", "2018-12-31": "20.34000", "2017-12-31": "16.08000", "2016-12-31": "20.54000", "2015-12-31": "19.45000", "2014-12-31": "18.38000", "2013-12-31": "19.90000", "2012-12-31": "17.85000", "2011-12-31": "15.09000", "2010-12-31": "12.09000", "2009-12-31": "10.65000", "2008-12-31": "4.75000", "2007-12-31": "5.62000", "2006-12-31": "3.30000", "2005-12-31": "2.45000"}}, "income statement, quarterly": {"Revenue": {"2020-12-31": "527.78100", "2020-09-30": "512.86900", "2020-06-30": "410.86400", "2020-03-31": "559.41700", "2019-12-31": "534.44490", "2019-09-30": "555.81700", "2019-06-30": "563.41700", "2019-03-31": "536.61600", "2018-12-31": "538.31200", "2018-09-30": "563.16600", "2018-06-30": "598.95200", "2018-03-31": "589.24500", "2017-12-31": "559.98210", "2017-09-30": "548.41600", "2017-06-30": "547.18800", "2017-03-31": "542.81800", "2016-12-31": "501.62680", "2016-09-30": "516.09000", "2016-06-30": "521.80700", "2016-03-31": "509.92700", "2015-12-31": "479.62210", "2015-09-30": "540.93300", "2015-06-30": "560.70900", "2015-03-31": "559.56600", "2014-12-31": "548.87810", "2014-09-30": "589.66700", "2014-06-30": "620.43800", "2014-03-31": "576.42200", "2013-12-31": "556.37080", "2013-09-30": "580.45500", "2013-06-30": "583.77900", "2013-03-31": "559.75000", "2012-12-31": "510.46390", "2012-09-30": "551.18700", "2012-06-30": "587.54800", "2012-03-31": "562.67900", "2011-12-31": "494.12490", "2011-09-30": "557.39600", "2011-06-30": "578.52300", "2011-03-31": "508.08300", "2010-12-31": "460.64800", "2010-09-30": "471.77700", "2010-06-30": "469.84100", "2010-03-31": "395.12600", "2009-12-31": "404.24090", "2009-09-30": "417.83200", "2009-06-30": "370.92100", "2009-03-31": "337.12800", "2008-12-31": "368.59510", "2008-09-30": "440.60400", "2008-06-30": "425.88200", "2008-03-31": "382.35000", "2007-12-31": "364.11900", "2007-09-30": "356.94600", "2007-06-30": "344.01300", "2007-03-31": "309.79600", "2006-12-31": "306.16190", "2006-09-30": "325.11900", "2006-06-30": "330.06600", "2006-03-31": "301.95000", "2005-12-31": "293.65590", "2005-09-30": "270.93200", "2005-06-30": "271.84200", "2005-03-31": "239.11400"}, "Cost Of Goods Sold": {"2020-12-31": "377.00100", "2020-09-30": "346.26200", "2020-06-30": "314.12600", "2020-03-31": "378.51000", "2019-12-31": "391.00510", "2019-09-30": "393.09000", "2019-06-30": "392.58400", "2019-03-31": "383.74700", "2018-12-31": "396.47400", "2018-09-30": "422.28300", "2018-06-30": "453.09300", "2018-03-31": "432.46200", "2017-12-31": "414.75400", "2017-09-30": "389.53900", "2017-06-30": "383.71700", "2017-03-31": "374.00700", "2016-12-31": "355.79610", "2016-09-30": "338.68900", "2016-06-30": "343.40700", "2016-03-31": "334.37700", "2015-12-31": "326.31710", "2015-09-30": "366.16200", "2015-06-30": "391.00100", "2015-03-31": "378.29400", "2014-12-31": "391.35000", "2014-09-30": "424.44800", "2014-06-30": "439.69200", "2014-03-31": "414.49200", "2013-12-31": "404.73300", "2013-09-30": "416.63200", "2013-06-30": "414.35100", "2013-03-31": "391.34300", "2012-12-31": "373.39300", "2012-09-30": "390.91800", "2012-06-30": "423.93900", "2012-03-31": "393.14300", "2011-12-31": "376.09910", "2011-09-30": "412.20000", "2011-06-30": "430.72700", "2011-03-31": "367.11900", "2010-12-31": "333.72000", "2010-09-30": "335.85500", "2010-06-30": "337.64000", "2010-03-31": "274.71800", "2009-12-31": "286.43510", "2009-09-30": "274.86500", "2009-06-30": "259.50800", "2009-03-31": "246.05400", "2008-12-31": "291.47500", "2008-09-30": "367.02600", "2008-06-30": "343.68900", "2008-03-31": "300.74700", "2007-12-31": "291.56300", "2007-09-30": "277.87700", "2007-06-30": "268.49500", "2007-03-31": "240.36700", "2006-12-31": "241.94500", "2006-09-30": "258.95500", "2006-06-30": "260.36500", "2006-03-31": "237.94600", "2005-12-31": "241.84300", "2005-09-30": "217.76100", "2005-06-30": "219.68100", "2005-03-31": "196.00100"}, "Gross Profit": {"2020-12-31": "150.78000", "2020-09-30": "166.60700", "2020-06-30": "96.73800", "2020-03-31": "180.90700", "2019-12-31": "143.43980", "2019-09-30": "162.72700", "2019-06-30": "170.83300", "2019-03-31": "152.86900", "2018-12-31": "141.83800", "2018-09-30": "140.88300", "2018-06-30": "145.85900", "2018-03-31": "156.78300", "2017-12-31": "145.22810", "2017-09-30": "158.87700", "2017-06-30": "163.47100", "2017-03-31": "168.81100", "2016-12-31": "145.83070", "2016-09-30": "177.40100", "2016-06-30": "178.40000", "2016-03-31": "175.55000", "2015-12-31": "153.30510", "2015-09-30": "174.77100", "2015-06-30": "169.70800", "2015-03-31": "181.27200", "2014-12-31": "157.52800", "2014-09-30": "165.21900", "2014-06-30": "180.74600", "2014-03-31": "161.93000", "2013-12-31": "151.63780", "2013-09-30": "163.82300", "2013-06-30": "169.42800", "2013-03-31": "168.40700", "2012-12-31": "137.07090", "2012-09-30": "160.26900", "2012-06-30": "163.60900", "2012-03-31": "169.53600", "2011-12-31": "118.02580", "2011-09-30": "145.19600", "2011-06-30": "147.79600", "2011-03-31": "140.96400", "2010-12-31": "126.92800", "2010-09-30": "135.92200", "2010-06-30": "132.20100", "2010-03-31": "120.40800", "2009-12-31": "117.80580", "2009-09-30": "142.96700", "2009-06-30": "111.41300", "2009-03-31": "91.07400", "2008-12-31": "77.12000", "2008-09-30": "73.57800", "2008-06-30": "82.19300", "2008-03-31": "81.60300", "2007-12-31": "72.55600", "2007-09-30": "79.06900", "2007-06-30": "75.51800", "2007-03-31": "69.42900", "2006-12-31": "64.21690", "2006-09-30": "66.16400", "2006-06-30": "69.70100", "2006-03-31": "64.00400", "2005-12-31": "51.81290", "2005-09-30": "53.17100", "2005-06-30": "52.16100", "2005-03-31": "43.11300"}, "Research And Development Expenses": {"2020-12-31": "38.19900", "2020-09-30": "33.11300", "2020-06-30": "33.54900", "2020-03-31": "35.50600", "2019-12-31": "37.71700", "2019-09-30": "36.38700", "2019-06-30": "37.13700", "2019-03-31": "33.22400", "2018-12-31": "34.27100", "2018-09-30": "34.99400", "2018-06-30": "36.72900", "2018-03-31": "34.29500", "2017-12-31": "34.30800", "2017-09-30": "36.54500", "2017-06-30": "37.01900", "2017-03-31": "38.13000", "2016-12-31": "44.13700", "2016-09-30": "36.71500", "2016-06-30": "40.72000", "2016-03-31": "39.21600", "2015-12-31": "39.60200", "2015-09-30": "38.84900", "2015-06-30": "40.11800", "2015-03-31": "39.68500", "2014-12-31": "35.81000", "2014-09-30": "35.79900", "2014-06-30": "35.36700", "2014-03-31": "32.20700", "2013-12-31": "33.25800", "2013-09-30": "35.86500", "2013-06-30": "36.42900", "2013-03-31": "31.02100", "2012-12-31": "31.27600", "2012-09-30": "30.20800", "2012-06-30": "28.46600", "2012-03-31": "27.89500", "2011-12-31": "28.76800", "2011-09-30": "26.88800", "2011-06-30": "25.37900", "2011-03-31": "24.46100", "2010-12-31": "25.32200", "2010-09-30": "22.71900", "2010-06-30": "22.06400", "2010-03-31": "21.08300", "2009-12-31": "24.62400", "2009-09-30": "21.60200", "2009-06-30": "21.09200", "2009-03-31": "18.75400", "2008-12-31": "20.17300", "2008-09-30": "19.47100", "2008-06-30": "21.87900", "2008-03-31": "20.22900", "2007-12-31": "20.44700", "2007-09-30": "18.47600", "2007-06-30": "19.10000", "2007-03-31": "18.81100", "2006-12-31": "19.99900", "2006-09-30": "16.58200", "2006-06-30": "17.11600", "2006-03-31": "16.56600", "2005-12-31": "17.39800", "2005-09-30": "15.91900", "2005-06-30": "15.79700", "2005-03-31": "16.28000"}, "SG&A Expenses": {"2020-12-31": "37.02600", "2020-09-30": "34.69000", "2020-06-30": "35.43200", "2020-03-31": "35.71500", "2019-12-31": "38.16700", "2019-09-30": "38.12200", "2019-06-30": "35.02100", "2019-03-31": "36.77300", "2018-12-31": "31.74700", "2018-09-30": "37.74100", "2018-06-30": "41.99900", "2018-03-31": "40.91300", "2017-12-31": "44.19600", "2017-09-30": "43.63300", "2017-06-30": "39.37300", "2017-03-31": "40.44900", "2016-12-31": "41.45900", "2016-09-30": "38.84800", "2016-06-30": "40.38800", "2016-03-31": "40.94000", "2015-12-31": "43.32000", "2015-09-30": "38.29800", "2015-06-30": "40.65500", "2015-03-31": "41.80900", "2014-12-31": "41.68300", "2014-09-30": "41.37600", "2014-06-30": "40.91300", "2014-03-31": "39.54800", "2013-12-31": "43.13000", "2013-09-30": "40.88600", "2013-06-30": "39.92100", "2013-03-31": "40.94100", "2012-12-31": "39.50500", "2012-09-30": "37.09500", "2012-06-30": "40.69900", "2012-03-31": "36.90800", "2011-12-31": "39.78100", "2011-09-30": "36.07500", "2011-06-30": "37.31900", "2011-03-31": "38.42400", "2010-12-31": "34.48900", "2010-09-30": "35.71100", "2010-06-30": "36.19300", "2010-03-31": "30.57400", "2009-12-31": "31.75900", "2009-09-30": "27.61800", "2009-06-30": "29.25600", "2009-03-31": "26.26700", "2008-12-31": "28.63400", "2008-09-30": "28.47600", "2008-06-30": "30.49900", "2008-03-31": "28.77300", "2007-12-31": "29.65500", "2007-09-30": "27.65900", "2007-06-30": "27.04600", "2007-03-31": "26.75500", "2006-12-31": "29.93100", "2006-09-30": "27.79400", "2006-06-30": "26.66800", "2006-03-31": "24.79800", "2005-12-31": "25.58100", "2005-09-30": "24.96700", "2005-06-30": "23.96900", "2005-03-31": "22.29300"}, "Other Operating Income Or Expenses": {"2020-12-31": "", "2020-09-30": "", "2020-06-30": "", "2020-03-31": "", "2019-12-31": "", "2019-09-30": "", "2019-06-30": "", "2019-03-31": "", "2018-12-31": "", "2018-09-30": "", "2018-06-30": "", "2018-03-31": "", "2017-12-31": "", "2017-09-30": "", "2017-06-30": "", "2017-03-31": "", "2016-12-31": "", "2016-09-30": "", "2016-06-30": "", "2016-03-31": "", "2015-12-31": "", "2015-09-30": "", "2015-06-30": "", "2015-03-31": "", "2014-12-31": "", "2014-09-30": "", "2014-06-30": "", "2014-03-31": "", "2013-12-31": "", "2013-09-30": "", "2013-06-30": "", "2013-03-31": "", "2012-12-31": "", "2012-09-30": "", "2012-06-30": "", "2012-03-31": "", "2011-12-31": "", "2011-09-30": "38.65600", "2011-06-30": "", "2011-03-31": "", "2010-12-31": "", "2010-09-30": "", "2010-06-30": "", "2010-03-31": "", "2009-12-31": "", "2009-09-30": "", "2009-06-30": "", "2009-03-31": "", "2008-12-31": "", "2008-09-30": "", "2008-06-30": "", "2008-03-31": "", "2007-12-31": "", "2007-09-30": "", "2007-06-30": "", "2007-03-31": "", "2006-12-31": "2.39400", "2006-09-30": "7.84300", "2006-06-30": "3.25000", "2006-03-31": "1.33800", "2005-12-31": "-14.70700", "2005-09-30": "9.23000", "2005-06-30": "10.69400", "2005-03-31": "6.45100"}, "Operating Expenses": {"2020-12-31": "452.22600", "2020-09-30": "414.06500", "2020-06-30": "383.10700", "2020-03-31": "449.73100", "2019-12-31": "466.88900", "2019-09-30": "467.59900", "2019-06-30": "464.74200", "2019-03-31": "453.74400", "2018-12-31": "462.49220", "2018-09-30": "495.01800", "2018-06-30": "531.82100", "2018-03-31": "507.67000", "2017-12-31": "493.25790", "2017-09-30": "469.71700", "2017-06-30": "460.10900", "2017-03-31": "452.58600", "2016-12-31": "441.39200", "2016-09-30": "414.25200", "2016-06-30": "424.51500", "2016-03-31": "414.53300", "2015-12-31": "409.23910", "2015-09-30": "443.30900", "2015-06-30": "471.77400", "2015-03-31": "459.78800", "2014-12-31": "468.84300", "2014-09-30": "501.62300", "2014-06-30": "515.97200", "2014-03-31": "486.24700", "2013-12-31": "481.12090", "2013-09-30": "493.38300", "2013-06-30": "490.70100", "2013-03-31": "463.30500", "2012-12-31": "444.17390", "2012-09-30": "458.22100", "2012-06-30": "493.10400", "2012-03-31": "457.94600", "2011-12-31": "444.64800", "2011-09-30": "436.50700", "2011-06-30": "493.42500", "2011-03-31": "430.00400", "2010-12-31": "393.53100", "2010-09-30": "394.28500", "2010-06-30": "395.89700", "2010-03-31": "326.37500", "2009-12-31": "342.81810", "2009-09-30": "324.08500", "2009-06-30": "309.85600", "2009-03-31": "291.07500", "2008-12-31": "340.28190", "2008-09-30": "414.97300", "2008-06-30": "396.06700", "2008-03-31": "349.74900", "2007-12-31": "341.66490", "2007-09-30": "324.01200", "2007-06-30": "314.64100", "2007-03-31": "285.93300", "2006-12-31": "289.48110", "2006-09-30": "295.48800", "2006-06-30": "300.89900", "2006-03-31": "277.97200", "2005-12-31": "299.52910", "2005-09-30": "249.41700", "2005-06-30": "248.75300", "2005-03-31": "228.12300"}, "Operating Income": {"2020-12-31": "75.55500", "2020-09-30": "98.80400", "2020-06-30": "27.75700", "2020-03-31": "109.68600", "2019-12-31": "67.55590", "2019-09-30": "88.21800", "2019-06-30": "98.67500", "2019-03-31": "82.87200", "2018-12-31": "75.81990", "2018-09-30": "68.14800", "2018-06-30": "67.13100", "2018-03-31": "81.57500", "2017-12-31": "66.72420", "2017-09-30": "78.69900", "2017-06-30": "87.07900", "2017-03-31": "90.23200", "2016-12-31": "60.23480", "2016-09-30": "101.83800", "2016-06-30": "97.29200", "2016-03-31": "95.39400", "2015-12-31": "70.38300", "2015-09-30": "97.62400", "2015-06-30": "88.93500", "2015-03-31": "99.77800", "2014-12-31": "80.03500", "2014-09-30": "88.04400", "2014-06-30": "104.46600", "2014-03-31": "90.17500", "2013-12-31": "75.24990", "2013-09-30": "87.07200", "2013-06-30": "93.07800", "2013-03-31": "96.44500", "2012-12-31": "66.29000", "2012-09-30": "92.96600", "2012-06-30": "94.44400", "2012-03-31": "104.73300", "2011-12-31": "49.47690", "2011-09-30": "120.88900", "2011-06-30": "85.09800", "2011-03-31": "78.07900", "2010-12-31": "67.11700", "2010-09-30": "77.49200", "2010-06-30": "73.94400", "2010-03-31": "68.75100", "2009-12-31": "61.42280", "2009-09-30": "93.74700", "2009-06-30": "61.06500", "2009-03-31": "46.05300", "2008-12-31": "28.31320", "2008-09-30": "25.63100", "2008-06-30": "29.81500", "2008-03-31": "32.60100", "2007-12-31": "22.45400", "2007-09-30": "32.93400", "2007-06-30": "29.37200", "2007-03-31": "23.86300", "2006-12-31": "16.68090", "2006-09-30": "29.63100", "2006-06-30": "29.16700", "2006-03-31": "23.97800", "2005-12-31": "-5.87320", "2005-09-30": "21.51500", "2005-06-30": "23.08900", "2005-03-31": "10.99100"}, "Total Non-Operating Income/Expense": {"2020-12-31": "0.76800", "2020-09-30": "18.81400", "2020-06-30": "-0.48900", "2020-03-31": "0.39200", "2019-12-31": "-0.92300", "2019-09-30": "-0.76000", "2019-06-30": "-1.98400", "2019-03-31": "-2.06400", "2018-12-31": "-4.72500", "2018-09-30": "0.16600", "2018-06-30": "2.43400", "2018-03-31": "-0.26400", "2017-12-31": "-1.78200", "2017-09-30": "-1.72200", "2017-06-30": "-1.78900", "2017-03-31": "-1.99900", "2016-12-31": "3.73900", "2016-09-30": "-3.62200", "2016-06-30": "-5.22000", "2016-03-31": "-6.44800", "2015-12-31": "-2.77100", "2015-09-30": "-6.93800", "2015-06-30": "-1.89900", "2015-03-31": "-6.14100", "2014-12-31": "-6.90900", "2014-09-30": "-3.78300", "2014-06-30": "-6.54900", "2014-03-31": "-6.38000", "2013-12-31": "-2.42800", "2013-09-30": "-4.87200", "2013-06-30": "0.80100", "2013-03-31": "-4.03500", "2012-12-31": "-0.45300", "2012-09-30": "-1.22300", "2012-06-30": "-13.25900", "2012-03-31": "-5.93000", "2011-12-31": "-1.18500", "2011-09-30": "-17.62200", "2011-06-30": "-8.68000", "2011-03-31": "-4.71200", "2010-12-31": "2.39400", "2010-09-30": "-9.91800", "2010-06-30": "-13.52400", "2010-03-31": "-6.26000", "2009-12-31": "1.52600", "2009-09-30": "-6.71300", "2009-06-30": "-14.70900", "2009-03-31": "-3.01600", "2008-12-31": "-3.08100", "2008-09-30": "-2.74400", "2008-06-30": "-2.57300", "2008-03-31": "-2.63600", "2007-12-31": "-1.83800", "2007-09-30": "-1.71900", "2007-06-30": "-2.07000", "2007-03-31": "-2.57200", "2006-12-31": "-14.30800", "2006-09-30": "-3.05800", "2006-06-30": "1.18000", "2006-03-31": "-3.30900", "2005-12-31": "-3.74700", "2005-09-30": "-3.76600", "2005-06-30": "-4.32400", "2005-03-31": "-4.08700"}, "Pre-Tax Income": {"2020-12-31": "76.32300", "2020-09-30": "117.61800", "2020-06-30": "27.26800", "2020-03-31": "110.07800", "2019-12-31": "66.63300", "2019-09-30": "87.45800", "2019-06-30": "96.69100", "2019-03-31": "80.80800", "2018-12-31": "71.09500", "2018-09-30": "68.31400", "2018-06-30": "69.56500", "2018-03-31": "81.31100", "2017-12-31": "64.94200", "2017-09-30": "76.97700", "2017-06-30": "85.29000", "2017-03-31": "88.23300", "2016-12-31": "63.97400", "2016-09-30": "98.21600", "2016-06-30": "92.07200", "2016-03-31": "88.94600", "2015-12-31": "67.61200", "2015-09-30": "90.68600", "2015-06-30": "87.03600", "2015-03-31": "93.63700", "2014-12-31": "73.12600", "2014-09-30": "84.26100", "2014-06-30": "97.91700", "2014-03-31": "83.79500", "2013-12-31": "72.82200", "2013-09-30": "82.20000", "2013-06-30": "93.87900", "2013-03-31": "92.41000", "2012-12-31": "65.83700", "2012-09-30": "91.74300", "2012-06-30": "81.18500", "2012-03-31": "98.80300", "2011-12-31": "48.29200", "2011-09-30": "103.26700", "2011-06-30": "76.41800", "2011-03-31": "73.36700", "2010-12-31": "69.51100", "2010-09-30": "67.57400", "2010-06-30": "60.42000", "2010-03-31": "62.49100", "2009-12-31": "62.94900", "2009-09-30": "87.03400", "2009-06-30": "46.35600", "2009-03-31": "43.03700", "2008-12-31": "25.23200", "2008-09-30": "22.88700", "2008-06-30": "27.24200", "2008-03-31": "29.96500", "2007-12-31": "20.61600", "2007-09-30": "31.21500", "2007-06-30": "27.30200", "2007-03-31": "21.29100", "2006-12-31": "2.37300", "2006-09-30": "26.57300", "2006-06-30": "30.34700", "2006-03-31": "20.66900", "2005-12-31": "-9.62000", "2005-09-30": "17.74900", "2005-06-30": "18.76500", "2005-03-31": "6.90400"}, "Income Taxes": {"2020-12-31": "9.43900", "2020-09-30": "21.82400", "2020-06-30": "4.91900", "2020-03-31": "24.53700", "2019-12-31": "16.53100", "2019-09-30": "19.65300", "2019-06-30": "22.51700", "2019-03-31": "18.60300", "2018-12-31": "8.29200", "2018-09-30": "9.83300", "2018-06-30": "16.68000", "2018-03-31": "20.74600", "2017-12-31": "60.87000", "2017-09-30": "17.20500", "2017-06-30": "22.56200", "2017-03-31": "24.29600", "2016-12-31": "18.30200", "2016-09-30": "26.76700", "2016-06-30": "27.68300", "2016-03-31": "27.01500", "2015-12-31": "13.69800", "2015-09-30": "28.67700", "2015-06-30": "28.30300", "2015-03-31": "29.69000", "2014-12-31": "21.07100", "2014-09-30": "27.34800", "2014-06-30": "31.15300", "2014-03-31": "26.27200", "2013-12-31": "18.82100", "2013-09-30": "25.17900", "2013-06-30": "29.49500", "2013-03-31": "25.46900", "2012-12-31": "13.99800", "2012-09-30": "27.92000", "2012-06-30": "26.12200", "2012-03-31": "32.25600", "2011-12-31": "16.04400", "2011-09-30": "31.90600", "2011-06-30": "24.15900", "2011-03-31": "23.77800", "2010-12-31": "20.09900", "2010-09-30": "21.85500", "2010-06-30": "20.56400", "2010-03-31": "20.35300", "2009-12-31": "16.69900", "2009-09-30": "30.34700", "2009-06-30": "15.69800", "2009-03-31": "14.34900", "2008-12-31": "5.87300", "2008-09-30": "6.41500", "2008-06-30": "9.61800", "2008-03-31": "10.19300", "2007-12-31": "-6.38000", "2007-09-30": "11.12500", "2007-06-30": "9.86300", "2007-03-31": "7.26600", "2006-12-31": "-0.11700", "2006-09-30": "9.71500", "2006-06-30": "11.15600", "2006-03-31": "6.89700", "2005-12-31": "-6.02200", "2005-09-30": "4.34800", "2005-06-30": "5.69800", "2005-03-31": "2.14200"}, "Income After Taxes": {"2020-12-31": "66.88400", "2020-09-30": "95.79400", "2020-06-30": "22.34900", "2020-03-31": "85.54100", "2019-12-31": "50.10200", "2019-09-30": "67.80500", "2019-06-30": "74.17400", "2019-03-31": "62.20500", "2018-12-31": "62.80300", "2018-09-30": "58.48100", "2018-06-30": "52.88500", "2018-03-31": "60.56500", "2017-12-31": "4.07200", "2017-09-30": "59.77200", "2017-06-30": "62.72800", "2017-03-31": "63.93700", "2016-12-31": "45.67200", "2016-09-30": "71.44900", "2016-06-30": "64.38900", "2016-03-31": "61.93100", "2015-12-31": "53.91400", "2015-09-30": "62.00900", "2015-06-30": "58.73300", "2015-03-31": "63.94700", "2014-12-31": "52.05500", "2014-09-30": "56.91300", "2014-06-30": "66.76400", "2014-03-31": "57.52300", "2013-12-31": "54.00100", "2013-09-30": "57.02100", "2013-06-30": "64.38400", "2013-03-31": "66.94100", "2012-12-31": "51.83900", "2012-09-30": "63.82300", "2012-06-30": "55.06300", "2012-03-31": "66.54700", "2011-12-31": "32.24800", "2011-09-30": "71.36100", "2011-06-30": "52.25900", "2011-03-31": "49.58900", "2010-12-31": "49.41200", "2010-09-30": "45.71900", "2010-06-30": "39.85600", "2010-03-31": "42.13800", "2009-12-31": "46.25000", "2009-09-30": "56.68700", "2009-06-30": "30.65800", "2009-03-31": "28.68800", "2008-12-31": "19.35900", "2008-09-30": "16.47200", "2008-06-30": "17.62400", "2008-03-31": "19.77200", "2007-12-31": "26.99600", "2007-09-30": "20.09000", "2007-06-30": "17.43900", "2007-03-31": "14.02500", "2006-12-31": "2.49000", "2006-09-30": "16.85800", "2006-06-30": "19.19100", "2006-03-31": "13.77200", "2005-12-31": "-3.59800", "2005-09-30": "13.40100", "2005-06-30": "13.06700", "2005-03-31": "4.76200"}, "Other Income": {"2020-12-31": "", "2020-09-30": "", "2020-06-30": "", "2020-03-31": "", "2019-12-31": "", "2019-09-30": "", "2019-06-30": "", "2019-03-31": "", "2018-12-31": "", "2018-09-30": "", "2018-06-30": "", "2018-03-31": "", "2017-12-31": "", "2017-09-30": "", "2017-06-30": "", "2017-03-31": "", "2016-12-31": "", "2016-09-30": "", "2016-06-30": "", "2016-03-31": "", "2015-12-31": "", "2015-09-30": "", "2015-06-30": "", "2015-03-31": "", "2014-12-31": "", "2014-09-30": "", "2014-06-30": "", "2014-03-31": "", "2013-12-31": "", "2013-09-30": "", "2013-06-30": "", "2013-03-31": "", "2012-12-31": "", "2012-09-30": "", "2012-06-30": "", "2012-03-31": "", "2011-12-31": "", "2011-09-30": "", "2011-06-30": "", "2011-03-31": "", "2010-12-31": "", "2010-09-30": "", "2010-06-30": "", "2010-03-31": "", "2009-12-31": "", "2009-09-30": "", "2009-06-30": "", "2009-03-31": "", "2008-12-31": "", "2008-09-30": "", "2008-06-30": "", "2008-03-31": "", "2007-12-31": "", "2007-09-30": "", "2007-06-30": "", "2007-03-31": "", "2006-12-31": "", "2006-09-30": "", "2006-06-30": "", "2006-03-31": "", "2005-12-31": "", "2005-09-30": "", "2005-06-30": "", "2005-03-31": ""}, "Income From Continuous Operations": {"2020-12-31": "66.88400", "2020-09-30": "95.79400", "2020-06-30": "22.34900", "2020-03-31": "85.54100", "2019-12-31": "50.10200", "2019-09-30": "67.80500", "2019-06-30": "74.17400", "2019-03-31": "62.20500", "2018-12-31": "62.80300", "2018-09-30": "58.48100", "2018-06-30": "52.88500", "2018-03-31": "60.56500", "2017-12-31": "4.07200", "2017-09-30": "59.77200", "2017-06-30": "62.72800", "2017-03-31": "63.93700", "2016-12-31": "45.67200", "2016-09-30": "71.44900", "2016-06-30": "64.38900", "2016-03-31": "61.93100", "2015-12-31": "53.91400", "2015-09-30": "62.00900", "2015-06-30": "58.73300", "2015-03-31": "63.94700", "2014-12-31": "52.05500", "2014-09-30": "56.91300", "2014-06-30": "66.76400", "2014-03-31": "57.52300", "2013-12-31": "54.00100", "2013-09-30": "57.02100", "2013-06-30": "64.38400", "2013-03-31": "66.94100", "2012-12-31": "51.83900", "2012-09-30": "63.82300", "2012-06-30": "55.06300", "2012-03-31": "66.54700", "2011-12-31": "32.24800", "2011-09-30": "71.36100", "2011-06-30": "52.25900", "2011-03-31": "49.58900", "2010-12-31": "49.41200", "2010-09-30": "45.71900", "2010-06-30": "39.85600", "2010-03-31": "42.13800", "2009-12-31": "46.25000", "2009-09-30": "56.68700", "2009-06-30": "30.65800", "2009-03-31": "28.68800", "2008-12-31": "19.35900", "2008-09-30": "16.47200", "2008-06-30": "17.62400", "2008-03-31": "19.77200", "2007-12-31": "26.99600", "2007-09-30": "20.09000", "2007-06-30": "17.43900", "2007-03-31": "14.02500", "2006-12-31": "2.49000", "2006-09-30": "16.85800", "2006-06-30": "19.19100", "2006-03-31": "13.77200", "2005-12-31": "-3.59800", "2005-09-30": "13.40100", "2005-06-30": "13.06700", "2005-03-31": "4.76200"}, "Income From Discontinued Operations": {"2020-12-31": "", "2020-09-30": "", "2020-06-30": "", "2020-03-31": "", "2019-12-31": "", "2019-09-30": "", "2019-06-30": "", "2019-03-31": "", "2018-12-31": "", "2018-09-30": "", "2018-06-30": "", "2018-03-31": "", "2017-12-31": "", "2017-09-30": "", "2017-06-30": "", "2017-03-31": "", "2016-12-31": "", "2016-09-30": "", "2016-06-30": "", "2016-03-31": "", "2015-12-31": "", "2015-09-30": "", "2015-06-30": "", "2015-03-31": "", "2014-12-31": "", "2014-09-30": "", "2014-06-30": "", "2014-03-31": "", "2013-12-31": "0.00000", "2013-09-30": "21.87500", "2013-06-30": "-0.37400", "2013-03-31": "0.89400", "2012-12-31": "1.22400", "2012-09-30": "0.89200", "2012-06-30": "0.20500", "2012-03-31": "", "2011-12-31": "", "2011-09-30": "", "2011-06-30": "", "2011-03-31": "", "2010-12-31": "", "2010-09-30": "", "2010-06-30": "", "2010-03-31": "", "2009-12-31": "", "2009-09-30": "", "2009-06-30": "", "2009-03-31": "", "2008-12-31": "", "2008-09-30": "", "2008-06-30": "", "2008-03-31": "", "2007-12-31": "0.00000", "2007-09-30": "1.06700", "2007-06-30": "13.48700", "2007-03-31": "2.21700", "2006-12-31": "1.97000", "2006-09-30": "2.06300", "2006-06-30": "1.17800", "2006-03-31": "", "2005-12-31": "", "2005-09-30": "", "2005-06-30": "", "2005-03-31": ""}, "Net Income": {"2020-12-31": "66.88400", "2020-09-30": "95.62200", "2020-06-30": "22.30700", "2020-03-31": "85.42900", "2019-12-31": "50.45000", "2019-09-30": "67.66800", "2019-06-30": "74.02700", "2019-03-31": "62.14100", "2018-12-31": "62.90600", "2018-09-30": "58.48100", "2018-06-30": "52.88500", "2018-03-31": "60.46200", "2017-12-31": "4.44200", "2017-09-30": "59.65400", "2017-06-30": "62.60300", "2017-03-31": "63.81000", "2016-12-31": "45.60600", "2016-09-30": "71.30300", "2016-06-30": "64.25500", "2016-03-31": "61.80000", "2015-12-31": "53.82700", "2015-09-30": "61.88300", "2015-06-30": "58.60600", "2015-03-31": "63.80500", "2014-12-31": "51.93700", "2014-09-30": "56.83200", "2014-06-30": "66.66200", "2014-03-31": "57.43300", "2013-12-31": "54.06200", "2013-09-30": "78.89600", "2013-06-30": "64.01000", "2013-03-31": "67.77400", "2012-12-31": "53.06300", "2012-09-30": "64.71500", "2012-06-30": "55.26800", "2012-03-31": "66.54700", "2011-12-31": "33.69800", "2011-09-30": "71.36100", "2011-06-30": "52.25900", "2011-03-31": "49.58900", "2010-12-31": "49.41200", "2010-09-30": "45.71900", "2010-06-30": "39.85600", "2010-03-31": "42.13800", "2009-12-31": "46.25000", "2009-09-30": "56.68700", "2009-06-30": "30.65800", "2009-03-31": "28.68800", "2008-12-31": "19.35900", "2008-09-30": "16.47200", "2008-06-30": "17.62400", "2008-03-31": "19.77200", "2007-12-31": "26.99600", "2007-09-30": "21.15700", "2007-06-30": "30.92600", "2007-03-31": "16.24200", "2006-12-31": "4.46000", "2006-09-30": "18.92100", "2006-06-30": "20.36900", "2006-03-31": "13.77200", "2005-12-31": "11.15100", "2005-09-30": "13.40100", "2005-06-30": "13.06700", "2005-03-31": "4.76200"}, "EBITDA": {"2020-12-31": "", "2020-09-30": "119.49300", "2020-06-30": "48.74400", "2020-03-31": "131.05500", "2019-12-31": "89.61590", "2019-09-30": "110.00200", "2019-06-30": "120.45200", "2019-03-31": "104.81100", "2018-12-31": "94.11590", "2018-09-30": "86.39100", "2018-06-30": "84.68600", "2018-03-31": "99.24000", "2017-12-31": "82.86820", "2017-09-30": "93.27200", "2017-06-30": "99.39600", "2017-03-31": "102.53800", "2016-12-31": "72.38880", "2016-09-30": "113.49500", "2016-06-30": "107.69400", "2016-03-31": "106.07400", "2015-12-31": "81.27000", "2015-09-30": "108.43600", "2015-06-30": "99.31500", "2015-03-31": "109.96400", "2014-12-31": "90.32900", "2014-09-30": "98.56900", "2014-06-30": "114.92700", "2014-03-31": "100.43300", "2013-12-31": "85.46790", "2013-09-30": "97.11400", "2013-06-30": "107.16600", "2013-03-31": "108.24100", "2012-12-31": "77.23000", "2012-09-30": "103.79500", "2012-06-30": "105.58200", "2012-03-31": "115.21500", "2011-12-31": "60.48490", "2011-09-30": "131.67400", "2011-06-30": "96.11100", "2011-03-31": "88.62500", "2010-12-31": "77.29600", "2010-09-30": "87.98800", "2010-06-30": "83.26600", "2010-03-31": "77.88800", "2009-12-31": "69.87080", "2009-09-30": "101.97100", "2009-06-30": "69.17000", "2009-03-31": "54.09600", "2008-12-31": "36.08320", "2008-09-30": "32.71200", "2008-06-30": "36.93300", "2008-03-31": "39.60000", "2007-12-31": "29.71600", "2007-09-30": "40.01300", "2007-06-30": "36.33300", "2007-03-31": "31.68700", "2006-12-31": "24.69990", "2006-09-30": "37.38100", "2006-06-30": "37.02700", "2006-03-31": "31.94100", "2005-12-31": "3.35080", "2005-09-30": "30.17700", "2005-06-30": "31.96000", "2005-03-31": "20.63000"}, "EBIT": {"2020-12-31": "75.55500", "2020-09-30": "98.80400", "2020-06-30": "27.75700", "2020-03-31": "109.68600", "2019-12-31": "67.55590", "2019-09-30": "88.21800", "2019-06-30": "98.67500", "2019-03-31": "82.87200", "2018-12-31": "75.81990", "2018-09-30": "68.14800", "2018-06-30": "67.13100", "2018-03-31": "81.57500", "2017-12-31": "66.72410", "2017-09-30": "78.69900", "2017-06-30": "87.07900", "2017-03-31": "90.23200", "2016-12-31": "60.23490", "2016-09-30": "101.83800", "2016-06-30": "97.29200", "2016-03-31": "95.39400", "2015-12-31": "70.38300", "2015-09-30": "97.62400", "2015-06-30": "88.93500", "2015-03-31": "99.77800", "2014-12-31": "80.03500", "2014-09-30": "88.04400", "2014-06-30": "104.46600", "2014-03-31": "90.17500", "2013-12-31": "75.25000", "2013-09-30": "87.07200", "2013-06-30": "93.07800", "2013-03-31": "96.44500", "2012-12-31": "66.29000", "2012-09-30": "92.96600", "2012-06-30": "94.44400", "2012-03-31": "104.73300", "2011-12-31": "49.47690", "2011-09-30": "120.88900", "2011-06-30": "85.09800", "2011-03-31": "78.07900", "2010-12-31": "67.11690", "2010-09-30": "77.49200", "2010-06-30": "73.94400", "2010-03-31": "68.75100", "2009-12-31": "61.42290", "2009-09-30": "93.74700", "2009-06-30": "61.06500", "2009-03-31": "46.05300", "2008-12-31": "28.31310", "2008-09-30": "25.63100", "2008-06-30": "29.81500", "2008-03-31": "32.60100", "2007-12-31": "22.45410", "2007-09-30": "32.93400", "2007-06-30": "29.37200", "2007-03-31": "23.86300", "2006-12-31": "16.68090", "2006-09-30": "29.63100", "2006-06-30": "29.16700", "2006-03-31": "23.97800", "2005-12-31": "-5.87310", "2005-09-30": "21.51500", "2005-06-30": "23.08900", "2005-03-31": "10.99100"}, "Basic Shares Outstanding": {"2020-12-31": "10.92880", "2020-09-30": "10.90300", "2020-06-30": "10.90400", "2020-03-31": "11.13600", "2019-12-31": "11.16600", "2019-09-30": "11.16700", "2019-06-30": "11.16600", "2019-03-31": "11.16600", "2018-12-31": "11.51500", "2018-09-30": "11.40900", "2018-06-30": "11.64700", "2018-03-31": "11.76200", "2017-12-31": "11.82400", "2017-09-30": "11.82900", "2017-06-30": "11.82900", "2017-03-31": "11.82900", "2016-12-31": "11.82800", "2016-09-30": "11.82300", "2016-06-30": "11.82300", "2016-03-31": "11.83900", "2015-12-31": "12.24100", "2015-09-30": "12.18700", "2015-06-30": "12.40700", "2015-03-31": "12.41300", "2014-12-31": "12.67100", "2014-09-30": "12.54900", "2014-06-30": "12.73200", "2014-03-31": "12.95300", "2013-12-31": "13.28600", "2013-09-30": "13.27900", "2013-06-30": "13.30300", "2013-03-31": "13.37600", "2012-12-31": "13.40500", "2012-09-30": "13.40600", "2012-06-30": "13.40500", "2012-03-31": "13.40500", "2011-12-31": "13.70700", "2011-09-30": "13.68000", "2011-06-30": "13.85200", "2011-03-31": "13.89000", "2010-12-31": "14.61900", "2010-09-30": "14.35300", "2010-06-30": "14.79600", "2010-03-31": "15.11800", "2009-12-31": "15.20600", "2009-09-30": "15.20800", "2009-06-30": "15.20400", "2009-03-31": "15.20300", "2008-12-31": "15.36200", "2008-09-30": "15.30600", "2008-06-30": "15.48800", "2008-03-31": "15.45900", "2007-12-31": "16.84100", "2007-09-30": "16.77200", "2007-06-30": "17.29600", "2007-03-31": "17.29400", "2006-12-31": "17.22300", "2006-09-30": "17.25700", "2006-06-30": "17.23200", "2006-03-31": "17.12200", "2005-12-31": "17.02800", "2005-09-30": "17.04200", "2005-06-30": "17.01600", "2005-03-31": "16.98200"}, "Shares Outstanding": {"2020-12-31": "10.92880", "2020-09-30": "10.90300", "2020-06-30": "10.90400", "2020-03-31": "11.13600", "2019-12-31": "11.16600", "2019-09-30": "11.16700", "2019-06-30": "11.16600", "2019-03-31": "11.16600", "2018-12-31": "11.51500", "2018-09-30": "11.40900", "2018-06-30": "11.64700", "2018-03-31": "11.76200", "2017-12-31": "11.82400", "2017-09-30": "11.82900", "2017-06-30": "11.82900", "2017-03-31": "11.82900", "2016-12-31": "11.82800", "2016-09-30": "11.82300", "2016-06-30": "11.82300", "2016-03-31": "11.83900", "2015-12-31": "12.24100", "2015-09-30": "12.18700", "2015-06-30": "12.40700", "2015-03-31": "12.41300", "2014-12-31": "12.67100", "2014-09-30": "12.54900", "2014-06-30": "12.73200", "2014-03-31": "12.95300", "2013-12-31": "13.28600", "2013-09-30": "13.27900", "2013-06-30": "13.30300", "2013-03-31": "13.37600", "2012-12-31": "13.40500", "2012-09-30": "13.40600", "2012-06-30": "13.40500", "2012-03-31": "13.40500", "2011-12-31": "13.71200", "2011-09-30": "13.68000", "2011-06-30": "13.85600", "2011-03-31": "13.90600", "2010-12-31": "14.65000", "2010-09-30": "14.38300", "2010-06-30": "14.82800", "2010-03-31": "15.15400", "2009-12-31": "15.24300", "2009-09-30": "15.24500", "2009-06-30": "15.24200", "2009-03-31": "15.24100", "2008-12-31": "15.43000", "2008-09-30": "15.36500", "2008-06-30": "15.55600", "2008-03-31": "15.55800", "2007-12-31": "16.95700", "2007-09-30": "16.88700", "2007-06-30": "17.41100", "2007-03-31": "17.41200", "2006-12-31": "17.40700", "2006-09-30": "17.40900", "2006-06-30": "17.41100", "2006-03-31": "17.39400", "2005-12-31": "17.32000", "2005-09-30": "17.31700", "2005-06-30": "17.30500", "2005-03-31": "17.31400"}, "Basic EPS": {"2020-12-31": "6.12000", "2020-09-30": "8.77000", "2020-06-30": "2.05000", "2020-03-31": "7.67000", "2019-12-31": "4.47000", "2019-09-30": "6.06000", "2019-06-30": "6.63000", "2019-03-31": "5.57000", "2018-12-31": "5.55000", "2018-09-30": "5.12000", "2018-06-30": "4.53000", "2018-03-31": "5.14000", "2017-12-31": "0.36000", "2017-09-30": "5.04000", "2017-06-30": "5.29000", "2017-03-31": "5.39000", "2016-12-31": "3.86000", "2016-09-30": "6.03000", "2016-06-30": "5.43000", "2016-03-31": "5.22000", "2015-12-31": "4.51000", "2015-09-30": "5.08000", "2015-06-30": "4.72000", "2015-03-31": "5.14000", "2014-12-31": "4.18000", "2014-09-30": "4.53000", "2014-06-30": "5.24000", "2014-03-31": "4.43000", "2013-12-31": "4.08000", "2013-09-30": "5.94000", "2013-06-30": "4.81000", "2013-03-31": "5.07000", "2012-12-31": "3.94000", "2012-09-30": "4.83000", "2012-06-30": "4.12000", "2012-03-31": "4.96000", "2011-12-31": "2.54000", "2011-09-30": "5.22000", "2011-06-30": "3.77000", "2011-03-31": "3.57000", "2010-12-31": "3.45000", "2010-09-30": "3.19000", "2010-06-30": "2.69000", "2010-03-31": "2.79000", "2009-12-31": "3.03000", "2009-09-30": "3.73000", "2009-06-30": "2.02000", "2009-03-31": "1.89000", "2008-12-31": "1.27000", "2008-09-30": "1.08000", "2008-06-30": "1.14000", "2008-03-31": "1.28000", "2007-12-31": "1.67000", "2007-09-30": "1.26000", "2007-06-30": "1.79000", "2007-03-31": "0.94000", "2006-12-31": "0.26000", "2006-09-30": "1.10000", "2006-06-30": "1.18000", "2006-03-31": "0.80000", "2005-12-31": "0.65000", "2005-09-30": "0.79000", "2005-06-30": "0.77000", "2005-03-31": "0.28000"}, "EPS - Earnings Per Share": {"2020-12-31": "6.12000", "2020-09-30": "8.77000", "2020-06-30": "2.05000", "2020-03-31": "7.67000", "2019-12-31": "4.47000", "2019-09-30": "6.06000", "2019-06-30": "6.63000", "2019-03-31": "5.57000", "2018-12-31": "5.55000", "2018-09-30": "5.12000", "2018-06-30": "4.53000", "2018-03-31": "5.14000", "2017-12-31": "0.36000", "2017-09-30": "5.04000", "2017-06-30": "5.29000", "2017-03-31": "5.39000", "2016-12-31": "3.86000", "2016-09-30": "6.03000", "2016-06-30": "5.43000", "2016-03-31": "5.22000", "2015-12-31": "4.51000", "2015-09-30": "5.08000", "2015-06-30": "4.72000", "2015-03-31": "5.14000", "2014-12-31": "4.18000", "2014-09-30": "4.53000", "2014-06-30": "5.24000", "2014-03-31": "4.43000", "2013-12-31": "4.08000", "2013-09-30": "5.94000", "2013-06-30": "4.81000", "2013-03-31": "5.07000", "2012-12-31": "3.94000", "2012-09-30": "4.83000", "2012-06-30": "4.12000", "2012-03-31": "4.96000", "2011-12-31": "2.53000", "2011-09-30": "5.22000", "2011-06-30": "3.77000", "2011-03-31": "3.57000", "2010-12-31": "3.44000", "2010-09-30": "3.18000", "2010-06-30": "2.69000", "2010-03-31": "2.78000", "2009-12-31": "3.04000", "2009-09-30": "3.72000", "2009-06-30": "2.01000", "2009-03-31": "1.88000", "2008-12-31": "1.28000", "2008-09-30": "1.07000", "2008-06-30": "1.13000", "2008-03-31": "1.27000", "2007-12-31": "1.66000", "2007-09-30": "1.25000", "2007-06-30": "1.78000", "2007-03-31": "0.93000", "2006-12-31": "0.25000", "2006-09-30": "1.09000", "2006-06-30": "1.17000", "2006-03-31": "0.79000", "2005-12-31": "0.64000", "2005-09-30": "0.77000", "2005-06-30": "0.76000", "2005-03-31": "0.28000"}}, "balance sheet": {"Cash On Hand": {"2020-12-31": "125.17200", "2019-12-31": "144.39700", "2018-12-31": "73.04000", "2017-12-31": "84.16600", "2016-12-31": "192.15400", "2015-12-31": "93.42400", "2014-12-31": "103.00300", "2013-12-31": "238.70300", "2012-12-31": "89.12900", "2011-12-31": "50.37000", "2010-12-31": "49.49200", "2009-12-31": "152.13100", "2008-12-31": "21.76100", "2007-12-31": "71.87200", "2006-12-31": "60.54000", "2005-12-31": "57.83200"}, "Receivables": {"2020-12-31": "336.39500", "2019-12-31": "335.82600", "2018-12-31": "314.86000", "2017-12-31": "335.31700", "2016-12-31": "306.91600", "2015-12-31": "287.96700", "2014-12-31": "302.80300", "2013-12-31": "309.84700", "2012-12-31": "297.05500", "2011-12-31": "278.33200", "2010-12-31": "257.74800", "2009-12-31": "214.88700", "2008-12-31": "203.55100", "2007-12-31": "207.19000", "2006-12-31": "198.24300", "2005-12-31": "189.46000"}, "Inventory": {"2020-12-31": "401.03100", "2019-12-31": "365.93800", "2018-12-31": "396.34100", "2017-12-31": "383.09700", "2016-12-31": "311.51200", "2015-12-31": "351.63100", "2014-12-31": "348.42000", "2013-12-31": "307.51800", "2012-12-31": "322.67400", "2011-12-31": "306.78500", "2010-12-31": "273.21500", "2009-12-31": "192.90300", "2008-12-31": "201.07200", "2007-12-31": "193.69400", "2006-12-31": "185.58100", "2005-12-31": "151.99900"}, "Pre-Paid Expenses": {"2020-12-31": "35.48000", "2019-12-31": "33.23700", "2018-12-31": "29.17900", "2017-12-31": "31.07400", "2016-12-31": "26.30100", "2015-12-31": "35.37000", "2014-12-31": "35.12800", "2013-12-31": "32.98400", "2012-12-31": "18.18500", "2011-12-31": "36.98300", "2010-12-31": "15.44400", "2009-12-31": "39.10000", "2008-12-31": "5.70400", "2007-12-31": "3.55800", "2006-12-31": "5.31900", "2005-12-31": "3.11900"}, "Other Current Assets": {"2020-12-31": "", "2019-12-31": "", "2018-12-31": "", "2017-12-31": "", "2016-12-31": "", "2015-12-31": "", "2014-12-31": "", "2013-12-31": "", "2012-12-31": "", "2011-12-31": "", "2010-12-31": "", "2009-12-31": "", "2008-12-31": "", "2007-12-31": "", "2006-12-31": "", "2005-12-31": ""}, "Total Current Assets": {"2020-12-31": "898.07800", "2019-12-31": "879.39800", "2018-12-31": "813.42000", "2017-12-31": "833.65400", "2016-12-31": "836.88300", "2015-12-31": "768.39200", "2014-12-31": "797.19100", "2013-12-31": "897.31900", "2012-12-31": "735.49500", "2011-12-31": "679.73100", "2010-12-31": "602.77500", "2009-12-31": "603.13900", "2008-12-31": "446.17800", "2007-12-31": "495.04100", "2006-12-31": "461.96000", "2005-12-31": "411.69900"}, "Property, Plant, And Equipment": {"2020-12-31": "665.14700", "2019-12-31": "635.43900", "2018-12-31": "644.13800", "2017-12-31": "652.28100", "2016-12-31": "503.74500", "2015-12-31": "402.44600", "2014-12-31": "307.85900", "2013-12-31": "285.03600", "2012-12-31": "358.37100", "2011-12-31": "352.96600", "2010-12-31": "333.97600", "2009-12-31": "302.41500", "2008-12-31": "241.73600", "2007-12-31": "183.56200", "2006-12-31": "162.11400", "2005-12-31": "154.00600"}, "Long-Term Investments": {"2020-12-31": "", "2019-12-31": "", "2018-12-31": "", "2017-12-31": "", "2016-12-31": "", "2015-12-31": "", "2014-12-31": "", "2013-12-31": "", "2012-12-31": "", "2011-12-31": "", "2010-12-31": "", "2009-12-31": "", "2008-12-31": "", "2007-12-31": "", "2006-12-31": "", "2005-12-31": ""}, "Goodwill And Intangible Assets": {"2020-12-31": "129.94400", "2019-12-31": "131.88000", "2018-12-31": "136.03900", "2017-12-31": "144.33700", "2016-12-31": "10.43600", "2015-12-31": "10.90700", "2014-12-31": "16.85900", "2013-12-31": "23.31900", "2012-12-31": "30.54200", "2011-12-31": "38.04700", "2010-12-31": "46.52600", "2009-12-31": "45.06300", "2008-12-31": "54.06900", "2007-12-31": "45.55500", "2006-12-31": "51.70800", "2005-12-31": "49.87400"}, "Other Long-Term Assets": {"2020-12-31": "42.30800", "2019-12-31": "37.73500", "2018-12-31": "9.87800", "2017-12-31": "11.03800", "2016-12-31": "10.50900", "2015-12-31": "39.34500", "2014-12-31": "45.43500", "2013-12-31": "43.55200", "2012-12-31": "72.00700", "2011-12-31": "73.61900", "2010-12-31": "48.89300", "2009-12-31": "37.47500", "2008-12-31": "31.56600", "2007-12-31": "22.76400", "2006-12-31": "38.83800", "2005-12-31": "44.48000"}, "Total Long-Term Assets": {"2020-12-31": "1035.79700", "2019-12-31": "1005.73400", "2018-12-31": "883.85400", "2017-12-31": "878.50010", "2016-12-31": "579.55290", "2015-12-31": "517.85710", "2014-12-31": "434.73400", "2013-12-31": "429.95500", "2012-12-31": "528.75300", "2011-12-31": "511.93100", "2010-12-31": "459.96600", "2009-12-31": "422.05300", "2008-12-31": "365.27400", "2007-12-31": "275.89300", "2006-12-31": "282.83300", "2005-12-31": "289.83300"}, "Total Assets": {"2020-12-31": "1933.87500", "2019-12-31": "1885.13200", "2018-12-31": "1697.27400", "2017-12-31": "1712.15400", "2016-12-31": "1416.43600", "2015-12-31": "1286.24900", "2014-12-31": "1231.92500", "2013-12-31": "1327.27400", "2012-12-31": "1264.24800", "2011-12-31": "1191.66200", "2010-12-31": "1062.74100", "2009-12-31": "1025.19200", "2008-12-31": "811.45200", "2007-12-31": "770.93400", "2006-12-31": "744.79300", "2005-12-31": "701.53200"}, "Total Current Liabilities": {"2020-12-31": "312.45500", "2019-12-31": "308.89500", "2018-12-31": "271.30100", "2017-12-31": "316.79300", "2016-12-31": "294.59000", "2015-12-31": "263.68000", "2014-12-31": "259.67400", "2013-12-31": "247.61400", "2012-12-31": "216.67100", "2011-12-31": "216.02400", "2010-12-31": "206.38700", "2009-12-31": "198.05200", "2008-12-31": "135.91300", "2007-12-31": "177.66100", "2006-12-31": "160.18300", "2005-12-31": "166.78700"}, "Long Term Debt": {"2020-12-31": "598.84800", "2019-12-31": "642.94100", "2018-12-31": "770.99900", "2017-12-31": "602.90000", "2016-12-31": "507.27500", "2015-12-31": "490.92000", "2014-12-31": "363.52600", "2013-12-31": "349.46700", "2012-12-31": "424.40700", "2011-12-31": "232.60100", "2010-12-31": "217.54400", "2009-12-31": "216.20000", "2008-12-31": "236.37800", "2007-12-31": "157.06100", "2006-12-31": "152.74800", "2005-12-31": "153.18900"}, "Other Non-Current Liabilities": {"2020-12-31": "214.42400", "2019-12-31": "203.40600", "2018-12-31": "165.06700", "2017-12-31": "190.81200", "2016-12-31": "131.32000", "2015-12-31": "144.08500", "2014-12-31": "187.68400", "2013-12-31": "157.74500", "2012-12-31": "220.96500", "2011-12-31": "193.44400", "2010-12-31": "147.17000", "2009-12-31": "152.75500", "2008-12-31": "148.03800", "2007-12-31": "119.20500", "2006-12-31": "130.46000", "2005-12-31": "115.49600"}, "Total Long Term Liabilities": {"2020-12-31": "861.59600", "2019-12-31": "893.13900", "2018-12-31": "936.06600", "2017-12-31": "793.71200", "2016-12-31": "638.59500", "2015-12-31": "635.00500", "2014-12-31": "551.21000", "2013-12-31": "507.21200", "2012-12-31": "645.37200", "2011-12-31": "426.04500", "2010-12-31": "364.71400", "2009-12-31": "368.95500", "2008-12-31": "384.41600", "2007-12-31": "276.26600", "2006-12-31": "283.20800", "2005-12-31": "268.68500"}, "Total Liabilities": {"2020-12-31": "1174.05100", "2019-12-31": "1202.03400", "2018-12-31": "1207.36700", "2017-12-31": "1110.50500", "2016-12-31": "933.18500", "2015-12-31": "898.68500", "2014-12-31": "810.88400", "2013-12-31": "754.82600", "2012-12-31": "862.04300", "2011-12-31": "642.06900", "2010-12-31": "571.10100", "2009-12-31": "567.00700", "2008-12-31": "520.32900", "2007-12-31": "453.92700", "2006-12-31": "443.39100", "2005-12-31": "435.47200"}, "Common Stock Net": {"2020-12-31": "0.71700", "2019-12-31": "1.96500", "2018-12-31": "0.00000", "2017-12-31": "", "2016-12-31": "1.60300", "2015-12-31": "0.00000", "2014-12-31": "", "2013-12-31": "", "2012-12-31": "0.72100", "2011-12-31": "0.06400", "2010-12-31": "", "2009-12-31": "0.27500", "2008-12-31": "0.11500", "2007-12-31": "5.23500", "2006-12-31": "88.26300", "2005-12-31": "85.16200"}, "Retained Earnings (Accumulated Deficit)": {"2020-12-31": "932.27100", "2019-12-31": "843.88100", "2018-12-31": "671.22300", "2017-12-31": "747.64300", "2016-12-31": "664.15800", "2015-12-31": "532.09000", "2014-12-31": "560.20100", "2013-12-31": "632.53400", "2012-12-31": "512.17300", "2011-12-31": "648.26100", "2010-12-31": "565.46000", "2009-12-31": "532.69400", "2008-12-31": "386.75800", "2007-12-31": "346.13200", "2006-12-31": "260.30400", "2005-12-31": "211.40900"}, "Comprehensive Income": {"2020-12-31": "-173.16400", "2019-12-31": "-162.74800", "2018-12-31": "-181.31600", "2017-12-31": "-145.99400", "2016-12-31": "-182.51000", "2015-12-31": "-144.52600", "2014-12-31": "-139.16000", "2013-12-31": "-60.08600", "2012-12-31": "-110.68900", "2011-12-31": "-98.73200", "2010-12-31": "-73.82000", "2009-12-31": "-74.78400", "2008-12-31": "-95.75000", "2007-12-31": "-34.36000", "2006-12-31": "-47.16500", "2005-12-31": "-30.51100"}, "Other Share Holders Equity": {"2020-12-31": "", "2019-12-31": "", "2018-12-31": "", "2017-12-31": "", "2016-12-31": "", "2015-12-31": "", "2014-12-31": "", "2013-12-31": "", "2012-12-31": "", "2011-12-31": "", "2010-12-31": "", "2009-12-31": "", "2008-12-31": "", "2007-12-31": "", "2006-12-31": "", "2005-12-31": ""}, "Share Holder Equity": {"2020-12-31": "759.82400", "2019-12-31": "683.09800", "2018-12-31": "489.90700", "2017-12-31": "601.64900", "2016-12-31": "483.25100", "2015-12-31": "387.56400", "2014-12-31": "421.04100", "2013-12-31": "572.44800", "2012-12-31": "402.20500", "2011-12-31": "549.59300", "2010-12-31": "491.64000", "2009-12-31": "458.18500", "2008-12-31": "291.12300", "2007-12-31": "317.00700", "2006-12-31": "301.40200", "2005-12-31": "266.06000"}, "Total Liabilities And Share Holders Equity": {"2020-12-31": "1933.87500", "2019-12-31": "1885.13200", "2018-12-31": "1697.27400", "2017-12-31": "1712.15400", "2016-12-31": "1416.43600", "2015-12-31": "1286.24900", "2014-12-31": "1231.92500", "2013-12-31": "1327.27400", "2012-12-31": "1264.24800", "2011-12-31": "1191.66200", "2010-12-31": "1062.74100", "2009-12-31": "1025.19200", "2008-12-31": "811.45200", "2007-12-31": "770.93400", "2006-12-31": "744.79300", "2005-12-31": "701.53200"}}, "balance sheet, quarterly": {"Cash On Hand": {"2020-12-31": "125.17200", "2020-09-30": "117.70100", "2020-06-30": "102.06400", "2020-03-31": "178.66200", "2019-12-31": "144.39700", "2019-09-30": "79.97100", "2019-06-30": "73.21900", "2019-03-31": "78.24700", "2018-12-31": "73.04000", "2018-09-30": "147.93500", "2018-06-30": "109.78900", "2018-03-31": "72.83000", "2017-12-31": "84.16600", "2017-09-30": "104.99600", "2017-06-30": "278.03500", "2017-03-31": "251.24400", "2016-12-31": "192.15400", "2016-09-30": "187.90800", "2016-06-30": "158.13600", "2016-03-31": "122.25600", "2015-12-31": "93.42400", "2015-09-30": "110.32700", "2015-06-30": "126.17200", "2015-03-31": "119.24300", "2014-12-31": "103.00300", "2014-09-30": "141.53600", "2014-06-30": "113.64400", "2014-03-31": "146.65700", "2013-12-31": "238.70300", "2013-09-30": "247.26500", "2013-06-30": "73.54500", "2013-03-31": "64.01300", "2012-12-31": "89.12900", "2012-09-30": "79.70700", "2012-06-30": "49.35500", "2012-03-31": "72.74600", "2011-12-31": "50.37000", "2011-09-30": "54.46200", "2011-06-30": "60.88800", "2011-03-31": "49.80300", "2010-12-31": "49.49200", "2010-09-30": "50.58300", "2010-06-30": "46.90600", "2010-03-31": "88.27100", "2009-12-31": "152.13100", "2009-09-30": "134.07000", "2009-06-30": "112.04800", "2009-03-31": "59.51000", "2008-12-31": "21.76100", "2008-09-30": "33.49100", "2008-06-30": "39.79200", "2008-03-31": "48.22000", "2007-12-31": "71.87200", "2007-09-30": "83.15700", "2007-06-30": "108.57500", "2007-03-31": "73.11100", "2006-12-31": "60.54000", "2006-09-30": "86.91000", "2006-06-30": "64.11200", "2006-03-31": "56.76500", "2005-12-31": "57.83200", "2005-09-30": "41.79300", "2005-06-30": "32.86200", "2005-03-31": "26.89600"}, "Receivables": {"2020-12-31": "336.39500", "2020-09-30": "328.67700", "2020-06-30": "297.86200", "2020-03-31": "347.15500", "2019-12-31": "335.82600", "2019-09-30": "340.75200", "2019-06-30": "349.21000", "2019-03-31": "351.40500", "2018-12-31": "314.86000", "2018-09-30": "347.90300", "2018-06-30": "372.15600", "2018-03-31": "378.44200", "2017-12-31": "335.31700", "2017-09-30": "325.21600", "2017-06-30": "332.37200", "2017-03-31": "331.57700", "2016-12-31": "306.91600", "2016-09-30": "302.93100", "2016-06-30": "303.89900", "2016-03-31": "314.17100", "2015-12-31": "287.96700", "2015-09-30": "311.08700", "2015-06-30": "312.43300", "2015-03-31": "303.33400", "2014-12-31": "302.80300", "2014-09-30": "327.64100", "2014-06-30": "347.63000", "2014-03-31": "340.40700", "2013-12-31": "309.84700", "2013-09-30": "323.66900", "2013-06-30": "327.67000", "2013-03-31": "331.15500", "2012-12-31": "297.05500", "2012-09-30": "307.44800", "2012-06-30": "320.58200", "2012-03-31": "311.88800", "2011-12-31": "278.33200", "2011-09-30": "307.70200", "2011-06-30": "313.81800", "2011-03-31": "292.51300", "2010-12-31": "257.74800", "2010-09-30": "266.51300", "2010-06-30": "251.10300", "2010-03-31": "214.02600", "2009-12-31": "214.88700", "2009-09-30": "229.60300", "2009-06-30": "208.08600", "2009-03-31": "193.83000", "2008-12-31": "203.55100", "2008-09-30": "248.18000", "2008-06-30": "254.53900", "2008-03-31": "236.10700", "2007-12-31": "207.19000", "2007-09-30": "212.49000", "2007-06-30": "208.65300", "2007-03-31": "185.52300", "2006-12-31": "198.24300", "2006-09-30": "190.79300", "2006-06-30": "194.37600", "2006-03-31": "174.07200", "2005-12-31": "189.46000", "2005-09-30": "173.37200", "2005-06-30": "181.29000", "2005-03-31": "157.91700"}, "Inventory": {"2020-12-31": "401.03100", "2020-09-30": "370.10400", "2020-06-30": "354.82100", "2020-03-31": "371.00200", "2019-12-31": "365.93800", "2019-09-30": "370.93400", "2019-06-30": "376.48100", "2019-03-31": "395.66000", "2018-12-31": "396.34100", "2018-09-30": "388.98600", "2018-06-30": "379.55100", "2018-03-31": "402.81700", "2017-12-31": "383.09700", "2017-09-30": "383.71100", "2017-06-30": "356.15200", "2017-03-31": "330.49400", "2016-12-31": "311.51200", "2016-09-30": "328.52300", "2016-06-30": "303.47500", "2016-03-31": "302.87100", "2015-12-31": "351.63100", "2015-09-30": "340.49400", "2015-06-30": "335.79800", "2015-03-31": "345.41400", "2014-12-31": "348.42000", "2014-09-30": "333.59600", "2014-06-30": "329.38300", "2014-03-31": "324.51900", "2013-12-31": "307.51800", "2013-09-30": "312.77300", "2013-06-30": "312.17900", "2013-03-31": "321.33900", "2012-12-31": "322.67400", "2012-09-30": "334.72100", "2012-06-30": "317.56400", "2012-03-31": "315.10100", "2011-12-31": "306.78500", "2011-09-30": "314.19100", "2011-06-30": "327.84400", "2011-03-31": "295.46800", "2010-12-31": "273.21500", "2010-09-30": "261.86600", "2010-06-30": "221.43400", "2010-03-31": "202.78700", "2009-12-31": "192.90300", "2009-09-30": "182.45700", "2009-06-30": "168.44600", "2009-03-31": "159.75700", "2008-12-31": "201.07200", "2008-09-30": "228.05200", "2008-06-30": "214.54400", "2008-03-31": "206.28200", "2007-12-31": "193.69400", "2007-09-30": "191.83300", "2007-06-30": "179.63000", "2007-03-31": "180.39000", "2006-12-31": "185.58100", "2006-09-30": "180.76600", "2006-06-30": "168.09900", "2006-03-31": "168.98900", "2005-12-31": "151.99900", "2005-09-30": "150.33100", "2005-06-30": "157.08300", "2005-03-31": "165.87100"}, "Pre-Paid Expenses": {"2020-12-31": "35.48000", "2020-09-30": "37.88000", "2020-06-30": "35.27700", "2020-03-31": "34.11500", "2019-12-31": "33.23700", "2019-09-30": "35.27600", "2019-06-30": "30.52400", "2019-03-31": "30.83400", "2018-12-31": "29.17900", "2018-09-30": "30.34300", "2018-06-30": "31.34300", "2018-03-31": "32.40100", "2017-12-31": "31.07400", "2017-09-30": "33.85300", "2017-06-30": "28.75600", "2017-03-31": "28.62500", "2016-12-31": "26.30100", "2016-09-30": "29.78500", "2016-06-30": "31.14200", "2016-03-31": "34.49300", "2015-12-31": "35.37000", "2015-09-30": "35.23600", "2015-06-30": "36.32900", "2015-03-31": "37.87300", "2014-12-31": "35.12800", "2014-09-30": "34.87100", "2014-06-30": "36.02900", "2014-03-31": "37.32000", "2013-12-31": "32.98400", "2013-09-30": "33.53800", "2013-06-30": "33.05900", "2013-03-31": "34.25600", "2012-12-31": "18.18500", "2012-09-30": "34.30700", "2012-06-30": "39.66700", "2012-03-31": "39.93200", "2011-12-31": "36.98300", "2011-09-30": "35.57800", "2011-06-30": "21.06900", "2011-03-31": "15.20200", "2010-12-31": "15.44400", "2010-09-30": "17.95900", "2010-06-30": "24.92400", "2010-03-31": "35.66000", "2009-12-31": "39.10000", "2009-09-30": "9.14100", "2009-06-30": "8.25200", "2009-03-31": "8.79700", "2008-12-31": "5.70400", "2008-09-30": "7.46500", "2008-06-30": "4.87400", "2008-03-31": "6.50000", "2007-12-31": "3.55800", "2007-09-30": "5.45500", "2007-06-30": "5.27100", "2007-03-31": "8.56500", "2006-12-31": "5.31900", "2006-09-30": "7.06300", "2006-06-30": "5.49900", "2006-03-31": "8.71800", "2005-12-31": "3.11900", "2005-09-30": "4.64400", "2005-06-30": "5.63900", "2005-03-31": "6.65300"}, "Other Current Assets": {"2020-12-31": "", "2020-09-30": "", "2020-06-30": "", "2020-03-31": "", "2019-12-31": "", "2019-09-30": "", "2019-06-30": "", "2019-03-31": "", "2018-12-31": "", "2018-09-30": "", "2018-06-30": "", "2018-03-31": "", "2017-12-31": "", "2017-09-30": "", "2017-06-30": "", "2017-03-31": "", "2016-12-31": "", "2016-09-30": "", "2016-06-30": "", "2016-03-31": "", "2015-12-31": "", "2015-09-30": "", "2015-06-30": "", "2015-03-31": "", "2014-12-31": "", "2014-09-30": "", "2014-06-30": "", "2014-03-31": "", "2013-12-31": "", "2013-09-30": "", "2013-06-30": "", "2013-03-31": "", "2012-12-31": "", "2012-09-30": "", "2012-06-30": "", "2012-03-31": "", "2011-12-31": "", "2011-09-30": "", "2011-06-30": "", "2011-03-31": "", "2010-12-31": "", "2010-09-30": "", "2010-06-30": "", "2010-03-31": "", "2009-12-31": "", "2009-09-30": "", "2009-06-30": "", "2009-03-31": "", "2008-12-31": "", "2008-09-30": "", "2008-06-30": "", "2008-03-31": "", "2007-12-31": "", "2007-09-30": "", "2007-06-30": "", "2007-03-31": "", "2006-12-31": "", "2006-09-30": "", "2006-06-30": "", "2006-03-31": "", "2005-12-31": "", "2005-09-30": "", "2005-06-30": "", "2005-03-31": ""}, "Total Current Assets": {"2020-12-31": "898.07800", "2020-09-30": "854.36200", "2020-06-30": "790.02400", "2020-03-31": "930.93400", "2019-12-31": "879.39800", "2019-09-30": "826.93300", "2019-06-30": "829.43400", "2019-03-31": "856.14600", "2018-12-31": "813.42000", "2018-09-30": "915.16700", "2018-06-30": "892.83900", "2018-03-31": "886.49000", "2017-12-31": "833.65400", "2017-09-30": "847.77600", "2017-06-30": "995.31500", "2017-03-31": "941.94000", "2016-12-31": "836.88300", "2016-09-30": "849.14700", "2016-06-30": "796.65200", "2016-03-31": "773.79100", "2015-12-31": "768.39200", "2015-09-30": "804.04100", "2015-06-30": "817.44500", "2015-03-31": "811.35100", "2014-12-31": "797.19100", "2014-09-30": "844.14200", "2014-06-30": "833.03200", "2014-03-31": "853.79500", "2013-12-31": "897.31900", "2013-09-30": "926.07700", "2013-06-30": "856.61800", "2013-03-31": "758.21400", "2012-12-31": "735.49500", "2012-09-30": "762.52900", "2012-06-30": "734.29300", "2012-03-31": "745.00100", "2011-12-31": "679.73100", "2011-09-30": "717.17000", "2011-06-30": "729.29800", "2011-03-31": "657.61100", "2010-12-31": "602.77500", "2010-09-30": "602.12900", "2010-06-30": "550.30600", "2010-03-31": "544.80800", "2009-12-31": "603.13900", "2009-09-30": "582.94800", "2009-06-30": "514.39000", "2009-03-31": "435.45500", "2008-12-31": "446.17800", "2008-09-30": "529.25400", "2008-06-30": "528.75500", "2008-03-31": "511.98000", "2007-12-31": "495.04100", "2007-09-30": "511.22500", "2007-06-30": "517.25600", "2007-03-31": "460.51600", "2006-12-31": "461.96000", "2006-09-30": "473.60500", "2006-06-30": "439.71200", "2006-03-31": "416.57500", "2005-12-31": "411.69900", "2005-09-30": "377.32400", "2005-06-30": "384.35600", "2005-03-31": "364.74600"}, "Property, Plant, And Equipment": {"2020-12-31": "665.14700", "2020-09-30": "648.68500", "2020-06-30": "639.34400", "2020-03-31": "633.87300", "2019-12-31": "635.43900", "2019-09-30": "623.96100", "2019-06-30": "629.72400", "2019-03-31": "633.00900", "2018-12-31": "644.13800", "2018-09-30": "646.80700", "2018-06-30": "649.43700", "2018-03-31": "662.46900", "2017-12-31": "652.28100", "2017-09-30": "636.63700", "2017-06-30": "561.13900", "2017-03-31": "539.22700", "2016-12-31": "503.74500", "2016-09-30": "474.71900", "2016-06-30": "445.66100", "2016-03-31": "431.81300", "2015-12-31": "402.44600", "2015-09-30": "370.43100", "2015-06-30": "348.25800", "2015-03-31": "318.57000", "2014-12-31": "307.85900", "2014-09-30": "297.44700", "2014-06-30": "290.44700", "2014-03-31": "285.78800", "2013-12-31": "285.03600", "2013-09-30": "282.33900", "2013-06-30": "272.53100", "2013-03-31": "360.59400", "2012-12-31": "358.37100", "2012-09-30": "353.53400", "2012-06-30": "350.74700", "2012-03-31": "353.82500", "2011-12-31": "352.96600", "2011-09-30": "352.30300", "2011-06-30": "354.70200", "2011-03-31": "352.08000", "2010-12-31": "333.97600", "2010-09-30": "331.99900", "2010-06-30": "329.41000", "2010-03-31": "299.05800", "2009-12-31": "302.41500", "2009-09-30": "293.44900", "2009-06-30": "272.09000", "2009-03-31": "253.32500", "2008-12-31": "241.73600", "2008-09-30": "226.98500", "2008-06-30": "208.77300", "2008-03-31": "195.33600", "2007-12-31": "183.56200", "2007-09-30": "179.46900", "2007-06-30": "175.24700", "2007-03-31": "170.92800", "2006-12-31": "162.11400", "2006-09-30": "154.91500", "2006-06-30": "155.10300", "2006-03-31": "153.68000", "2005-12-31": "154.00600", "2005-09-30": "159.97900", "2005-06-30": "159.93700", "2005-03-31": "162.59500"}, "Long-Term Investments": {"2020-12-31": "", "2020-09-30": "", "2020-06-30": "", "2020-03-31": "", "2019-12-31": "", "2019-09-30": "", "2019-06-30": "", "2019-03-31": "", "2018-12-31": "", "2018-09-30": "", "2018-06-30": "", "2018-03-31": "", "2017-12-31": "", "2017-09-30": "", "2017-06-30": "", "2017-03-31": "", "2016-12-31": "", "2016-09-30": "", "2016-06-30": "", "2016-03-31": "", "2015-12-31": "", "2015-09-30": "", "2015-06-30": "", "2015-03-31": "", "2014-12-31": "", "2014-09-30": "", "2014-06-30": "", "2014-03-31": "", "2013-12-31": "", "2013-09-30": "", "2013-06-30": "", "2013-03-31": "", "2012-12-31": "", "2012-09-30": "", "2012-06-30": "", "2012-03-31": "", "2011-12-31": "", "2011-09-30": "", "2011-06-30": "", "2011-03-31": "", "2010-12-31": "", "2010-09-30": "", "2010-06-30": "", "2010-03-31": "", "2009-12-31": "", "2009-09-30": "", "2009-06-30": "", "2009-03-31": "", "2008-12-31": "", "2008-09-30": "", "2008-06-30": "", "2008-03-31": "", "2007-12-31": "", "2007-09-30": "", "2007-06-30": "", "2007-03-31": "", "2006-12-31": "", "2006-09-30": "", "2006-06-30": "", "2006-03-31": "", "2005-12-31": "", "2005-09-30": "", "2005-06-30": "", "2005-03-31": ""}, "Goodwill And Intangible Assets": {"2020-12-31": "129.94400", "2020-09-30": "130.42300", "2020-06-30": "130.90300", "2020-03-31": "131.01200", "2019-12-31": "131.88000", "2019-09-30": "132.82200", "2019-06-30": "133.94500", "2019-03-31": "135.05900", "2018-12-31": "136.03900", "2018-09-30": "137.53300", "2018-06-30": "139.17900", "2018-03-31": "142.13700", "2017-12-31": "144.33700", "2017-09-30": "147.09400", "2017-06-30": "10.21700", "2017-03-31": "10.31400", "2016-12-31": "10.43600", "2016-09-30": "8.83500", "2016-06-30": "9.24200", "2016-03-31": "9.76200", "2015-12-31": "10.90700", "2015-09-30": "12.41100", "2015-06-30": "14.03500", "2015-03-31": "15.26000", "2014-12-31": "16.85900", "2014-09-30": "18.53800", "2014-06-30": "20.33800", "2014-03-31": "21.78700", "2013-12-31": "23.31900", "2013-09-30": "24.78900", "2013-06-30": "26.48700", "2013-03-31": "28.37800", "2012-12-31": "30.54200", "2012-09-30": "32.42300", "2012-06-30": "34.03100", "2012-03-31": "36.35500", "2011-12-31": "38.04700", "2011-09-30": "40.29100", "2011-06-30": "42.62300", "2011-03-31": "44.35800", "2010-12-31": "46.52600", "2010-09-30": "48.70600", "2010-06-30": "50.88000", "2010-03-31": "42.88500", "2009-12-31": "45.06300", "2009-09-30": "47.27100", "2009-06-30": "49.47900", "2009-03-31": "51.68800", "2008-12-31": "54.06900", "2008-09-30": "55.94100", "2008-06-30": "42.47900", "2008-03-31": "44.01700", "2007-12-31": "45.55500", "2007-09-30": "47.09300", "2007-06-30": "48.63100", "2007-03-31": "50.17000", "2006-12-31": "51.70800", "2006-09-30": "46.61700", "2006-06-30": "47.69200", "2006-03-31": "48.76100", "2005-12-31": "49.87400", "2005-09-30": "51.87600", "2005-06-30": "53.05400", "2005-03-31": "54.60600"}, "Other Long-Term Assets": {"2020-12-31": "42.30800", "2020-09-30": "42.78200", "2020-06-30": "43.45000", "2020-03-31": "44.08300", "2019-12-31": "44.06200", "2019-09-30": "23.17100", "2019-06-30": "18.25100", "2019-03-31": "18.96700", "2018-12-31": "9.87800", "2018-09-30": "10.17400", "2018-06-30": "10.49500", "2018-03-31": "10.81200", "2017-12-31": "11.03800", "2017-09-30": "11.36200", "2017-06-30": "9.83400", "2017-03-31": "10.32200", "2016-12-31": "10.50900", "2016-09-30": "9.46500", "2016-06-30": "39.44800", "2016-03-31": "37.89100", "2015-12-31": "39.34500", "2015-09-30": "43.69400", "2015-06-30": "42.80900", "2015-03-31": "45.25200", "2014-12-31": "45.43500", "2014-09-30": "41.46600", "2014-06-30": "44.92100", "2014-03-31": "42.83200", "2013-12-31": "43.55200", "2013-09-30": "44.61200", "2013-06-30": "53.38200", "2013-03-31": "67.44300", "2012-12-31": "72.00700", "2012-09-30": "67.12400", "2012-06-30": "72.79000", "2012-03-31": "71.47800", "2011-12-31": "73.61900", "2011-09-30": "70.76900", "2011-06-30": "52.23700", "2011-03-31": "47.56600", "2010-12-31": "48.89300", "2010-09-30": "55.41200", "2010-06-30": "49.56600", "2010-03-31": "88.09600", "2009-12-31": "37.47500", "2009-09-30": "41.28300", "2009-06-30": "37.34000", "2009-03-31": "35.94800", "2008-12-31": "31.56600", "2008-09-30": "20.93700", "2008-06-30": "22.29100", "2008-03-31": "21.50700", "2007-12-31": "22.76400", "2007-09-30": "22.08500", "2007-06-30": "22.24600", "2007-03-31": "38.74700", "2006-12-31": "38.83800", "2006-09-30": "39.98700", "2006-06-30": "42.13700", "2006-03-31": "43.52600", "2005-12-31": "44.48000", "2005-09-30": "48.76200", "2005-06-30": "60.32400", "2005-03-31": "61.60100"}, "Total Long-Term Assets": {"2020-12-31": "1035.79700", "2020-09-30": "1025.76000", "2020-06-30": "1009.11300", "2020-03-31": "1002.75100", "2019-12-31": "1005.73400", "2019-09-30": "944.06210", "2019-06-30": "937.55100", "2019-03-31": "942.04500", "2018-12-31": "883.85400", "2018-09-30": "924.76000", "2018-06-30": "880.99100", "2018-03-31": "892.97490", "2017-12-31": "878.50010", "2017-09-30": "857.41700", "2017-06-30": "641.46800", "2017-03-31": "615.84500", "2016-12-31": "579.55290", "2016-09-30": "554.23800", "2016-06-30": "561.63000", "2016-03-31": "543.64900", "2015-12-31": "517.85710", "2015-09-30": "484.93900", "2015-06-30": "473.67200", "2015-03-31": "446.31900", "2014-12-31": "434.73400", "2014-09-30": "444.17600", "2014-06-30": "439.31800", "2014-03-31": "429.43300", "2013-12-31": "429.95500", "2013-09-30": "419.16100", "2013-06-30": "420.26100", "2013-03-31": "523.17500", "2012-12-31": "528.75300", "2012-09-30": "504.68500", "2012-06-30": "505.92400", "2012-03-31": "508.49600", "2011-12-31": "511.93100", "2011-09-30": "495.66400", "2011-06-30": "479.32800", "2011-03-31": "474.05600", "2010-12-31": "459.96600", "2010-09-30": "477.22800", "2010-06-30": "469.89600", "2010-03-31": "470.02300", "2009-12-31": "422.05300", "2009-09-30": "422.19300", "2009-06-30": "401.56800", "2009-03-31": "380.68600", "2008-12-31": "365.27400", "2008-09-30": "333.77100", "2008-06-30": "301.87300", "2008-03-31": "288.53400", "2007-12-31": "275.89300", "2007-09-30": "266.54400", "2007-06-30": "269.53300", "2007-03-31": "289.22500", "2006-12-31": "282.83300", "2006-09-30": "278.97300", "2006-06-30": "282.68200", "2006-03-31": "286.04200", "2005-12-31": "289.83300", "2005-09-30": "297.55500", "2005-06-30": "298.18900", "2005-03-31": "303.38100"}, "Total Assets": {"2020-12-31": "1933.87500", "2020-09-30": "1880.12200", "2020-06-30": "1799.13700", "2020-03-31": "1933.68500", "2019-12-31": "1885.13200", "2019-09-30": "1770.99500", "2019-06-30": "1766.98500", "2019-03-31": "1798.19100", "2018-12-31": "1697.27400", "2018-09-30": "1839.92700", "2018-06-30": "1773.83000", "2018-03-31": "1779.46500", "2017-12-31": "1712.15400", "2017-09-30": "1705.19300", "2017-06-30": "1636.78300", "2017-03-31": "1557.78500", "2016-12-31": "1416.43600", "2016-09-30": "1403.38500", "2016-06-30": "1358.28200", "2016-03-31": "1317.44000", "2015-12-31": "1286.24900", "2015-09-30": "1288.98000", "2015-06-30": "1291.11700", "2015-03-31": "1257.67000", "2014-12-31": "1231.92500", "2014-09-30": "1288.31800", "2014-06-30": "1272.35000", "2014-03-31": "1283.22800", "2013-12-31": "1327.27400", "2013-09-30": "1345.23800", "2013-06-30": "1276.87900", "2013-03-31": "1281.38900", "2012-12-31": "1264.24800", "2012-09-30": "1267.21400", "2012-06-30": "1240.21700", "2012-03-31": "1253.49700", "2011-12-31": "1191.66200", "2011-09-30": "1212.83400", "2011-06-30": "1208.62600", "2011-03-31": "1131.66700", "2010-12-31": "1062.74100", "2010-09-30": "1079.35700", "2010-06-30": "1020.20200", "2010-03-31": "1014.83100", "2009-12-31": "1025.19200", "2009-09-30": "1005.14100", "2009-06-30": "915.95800", "2009-03-31": "816.14100", "2008-12-31": "811.45200", "2008-09-30": "863.02500", "2008-06-30": "830.62800", "2008-03-31": "800.51400", "2007-12-31": "770.93400", "2007-09-30": "777.76900", "2007-06-30": "786.78900", "2007-03-31": "749.74100", "2006-12-31": "744.79300", "2006-09-30": "752.57800", "2006-06-30": "722.39400", "2006-03-31": "702.61700", "2005-12-31": "701.53200", "2005-09-30": "674.87900", "2005-06-30": "682.54500", "2005-03-31": "668.12700"}, "Total Current Liabilities": {"2020-12-31": "312.45500", "2020-09-30": "308.89900", "2020-06-30": "233.98300", "2020-03-31": "312.91200", "2019-12-31": "308.89500", "2019-09-30": "280.47800", "2019-06-30": "283.47900", "2019-03-31": "259.97300", "2018-12-31": "271.30100", "2018-09-30": "279.24500", "2018-06-30": "280.01900", "2018-03-31": "303.02700", "2017-12-31": "316.79300", "2017-09-30": "309.43000", "2017-06-30": "290.48200", "2017-03-31": "292.60300", "2016-12-31": "294.59000", "2016-09-30": "268.09300", "2016-06-30": "258.01100", "2016-03-31": "240.10500", "2015-12-31": "263.68000", "2015-09-30": "257.75700", "2015-06-30": "253.25400", "2015-03-31": "257.13400", "2014-12-31": "259.67400", "2014-09-30": "250.58100", "2014-06-30": "246.05800", "2014-03-31": "231.03300", "2013-12-31": "247.61400", "2013-09-30": "263.41600", "2013-06-30": "245.42200", "2013-03-31": "227.14200", "2012-12-31": "216.67100", "2012-09-30": "225.44600", "2012-06-30": "215.41300", "2012-03-31": "240.95300", "2011-12-31": "216.02400", "2011-09-30": "238.41200", "2011-06-30": "243.32200", "2011-03-31": "215.27200", "2010-12-31": "206.38700", "2010-09-30": "202.37200", "2010-06-30": "191.07800", "2010-03-31": "171.04600", "2009-12-31": "198.05200", "2009-09-30": "282.05000", "2009-06-30": "179.09200", "2009-03-31": "154.71100", "2008-12-31": "135.91300", "2008-09-30": "203.63600", "2008-06-30": "190.33800", "2008-03-31": "183.67600", "2007-12-31": "177.66100", "2007-09-30": "173.41500", "2007-06-30": "157.44900", "2007-03-31": "150.53800", "2006-12-31": "160.18300", "2006-09-30": "164.48100", "2006-06-30": "154.11700", "2006-03-31": "156.57400", "2005-12-31": "166.78700", "2005-09-30": "147.85100", "2005-06-30": "131.12000", "2005-03-31": "127.16400"}, "Long Term Debt": {"2020-12-31": "598.84800", "2020-09-30": "608.70200", "2020-06-30": "690.29200", "2020-03-31": "740.51100", "2019-12-31": "642.94100", "2019-09-30": "639.98300", "2019-06-30": "678.80300", "2019-03-31": "782.02400", "2018-12-31": "770.99900", "2018-09-30": "818.47700", "2018-06-30": "759.84300", "2018-03-31": "624.89400", "2017-12-31": "602.90000", "2017-09-30": "611.68700", "2017-06-30": "627.97600", "2017-03-31": "601.41300", "2016-12-31": "507.27500", "2016-09-30": "531.40400", "2016-06-30": "521.26400", "2016-03-31": "541.12400", "2015-12-31": "490.92000", "2015-09-30": "507.57100", "2015-06-30": "361.55600", "2015-03-31": "373.54100", "2014-12-31": "363.52600", "2014-09-30": "384.51200", "2014-06-30": "353.49700", "2014-03-31": "355.48200", "2013-12-31": "349.46700", "2013-09-30": "349.45200", "2013-06-30": "364.43700", "2013-03-31": "425.42200", "2012-12-31": "424.40700", "2012-09-30": "138.00000", "2012-06-30": "188.00000", "2012-03-31": "209.83100", "2011-12-31": "232.60100", "2011-09-30": "266.35800", "2011-06-30": "260.10000", "2011-03-31": "253.82900", "2010-12-31": "217.54400", "2010-09-30": "234.24600", "2010-06-30": "232.93500", "2010-03-31": "215.61100", "2009-12-31": "216.20000", "2009-09-30": "150.35800", "2009-06-30": "218.20000", "2009-03-31": "200.82000", "2008-12-31": "236.37800", "2008-09-30": "213.36100", "2008-06-30": "172.52200", "2008-03-31": "162.21600", "2007-12-31": "157.06100", "2007-09-30": "156.88600", "2007-06-30": "152.13600", "2007-03-31": "152.31900", "2006-12-31": "152.74800", "2006-09-30": "152.67500", "2006-06-30": "152.84900", "2006-03-31": "153.02000", "2005-12-31": "153.18900", "2005-09-30": "153.35500", "2005-06-30": "187.51800", "2005-03-31": "186.17900"}, "Other Non-Current Liabilities": {"2020-12-31": "214.42400", "2020-09-30": "193.99100", "2020-06-30": "196.63500", "2020-03-31": "197.42800", "2019-12-31": "203.40600", "2019-09-30": "176.79800", "2019-06-30": "173.37000", "2019-03-31": "174.06700", "2018-12-31": "165.06700", "2018-09-30": "178.13300", "2018-06-30": "181.48700", "2018-03-31": "196.75900", "2017-12-31": "190.81200", "2017-09-30": "155.62600", "2017-06-30": "134.62000", "2017-03-31": "132.75400", "2016-12-31": "131.32000", "2016-09-30": "126.92500", "2016-06-30": "146.79300", "2016-03-31": "145.06300", "2015-12-31": "144.08500", "2015-09-30": "147.47100", "2015-06-30": "179.91800", "2015-03-31": "184.10500", "2014-12-31": "187.68400", "2014-09-30": "158.70800", "2014-06-30": "159.29800", "2014-03-31": "160.22800", "2013-12-31": "157.74500", "2013-09-30": "193.28400", "2013-06-30": "200.57500", "2013-03-31": "210.25600", "2012-12-31": "220.96500", "2012-09-30": "186.48100", "2012-06-30": "186.51400", "2012-03-31": "188.54200", "2011-12-31": "193.44400", "2011-09-30": "151.49700", "2011-06-30": "142.51600", "2011-03-31": "141.76400", "2010-12-31": "147.17000", "2010-09-30": "164.11200", "2010-06-30": "158.18100", "2010-03-31": "154.45700", "2009-12-31": "152.75500", "2009-09-30": "160.28300", "2009-06-30": "159.00200", "2009-03-31": "146.94200", "2008-12-31": "148.03800", "2008-09-30": "114.75900", "2008-06-30": "120.61500", "2008-03-31": "123.62700", "2007-12-31": "119.20500", "2007-09-30": "127.12400", "2007-06-30": "128.92500", "2007-03-31": "129.44000", "2006-12-31": "130.46000", "2006-09-30": "116.77800", "2006-06-30": "115.70600", "2006-03-31": "113.69100", "2005-12-31": "115.49600", "2005-09-30": "114.90900", "2005-06-30": "117.59100", "2005-03-31": "119.26100"}, "Total Long Term Liabilities": {"2020-12-31": "861.59600", "2020-09-30": "847.69700", "2020-06-30": "929.86900", "2020-03-31": "981.52400", "2019-12-31": "893.13900", "2019-09-30": "861.17900", "2019-06-30": "894.33000", "2019-03-31": "1000.02200", "2018-12-31": "936.06600", "2018-09-30": "996.61000", "2018-06-30": "941.33000", "2018-03-31": "821.65300", "2017-12-31": "793.71200", "2017-09-30": "767.31300", "2017-06-30": "762.59600", "2017-03-31": "734.16700", "2016-12-31": "638.59500", "2016-09-30": "658.32900", "2016-06-30": "668.05700", "2016-03-31": "686.18700", "2015-12-31": "635.00500", "2015-09-30": "655.04200", "2015-06-30": "541.47400", "2015-03-31": "557.64600", "2014-12-31": "551.21000", "2014-09-30": "543.22000", "2014-06-30": "512.79500", "2014-03-31": "515.71000", "2013-12-31": "507.21200", "2013-09-30": "542.73600", "2013-06-30": "565.01200", "2013-03-31": "635.67800", "2012-12-31": "645.37200", "2012-09-30": "324.48100", "2012-06-30": "374.51400", "2012-03-31": "398.37300", "2011-12-31": "426.04500", "2011-09-30": "417.85500", "2011-06-30": "402.61600", "2011-03-31": "395.59300", "2010-12-31": "364.71400", "2010-09-30": "398.35800", "2010-06-30": "391.11600", "2010-03-31": "370.06800", "2009-12-31": "368.95500", "2009-09-30": "310.64100", "2009-06-30": "377.20200", "2009-03-31": "347.76200", "2008-12-31": "384.41600", "2008-09-30": "328.12000", "2008-06-30": "293.13700", "2008-03-31": "285.84300", "2007-12-31": "276.26600", "2007-09-30": "284.01000", "2007-06-30": "281.06100", "2007-03-31": "281.75900", "2006-12-31": "283.20800", "2006-09-30": "269.45300", "2006-06-30": "268.55500", "2006-03-31": "266.71100", "2005-12-31": "268.68500", "2005-09-30": "268.26400", "2005-06-30": "305.10900", "2005-03-31": "305.44000"}, "Total Liabilities": {"2020-12-31": "1174.05100", "2020-09-30": "1156.59600", "2020-06-30": "1163.85200", "2020-03-31": "1294.43600", "2019-12-31": "1202.03400", "2019-09-30": "1141.65700", "2019-06-30": "1177.80900", "2019-03-31": "1259.99500", "2018-12-31": "1207.36700", "2018-09-30": "1275.85500", "2018-06-30": "1221.34900", "2018-03-31": "1124.68000", "2017-12-31": "1110.50500", "2017-09-30": "1076.74300", "2017-06-30": "1053.07800", "2017-03-31": "1026.77000", "2016-12-31": "933.18500", "2016-09-30": "926.42200", "2016-06-30": "926.06800", "2016-03-31": "926.29200", "2015-12-31": "898.68500", "2015-09-30": "912.79900", "2015-06-30": "794.72800", "2015-03-31": "814.78000", "2014-12-31": "810.88400", "2014-09-30": "793.80100", "2014-06-30": "758.85300", "2014-03-31": "746.74300", "2013-12-31": "754.82600", "2013-09-30": "806.15200", "2013-06-30": "810.43400", "2013-03-31": "862.82000", "2012-12-31": "862.04300", "2012-09-30": "549.92700", "2012-06-30": "589.92700", "2012-03-31": "639.32600", "2011-12-31": "642.06900", "2011-09-30": "656.26700", "2011-06-30": "645.93800", "2011-03-31": "610.86500", "2010-12-31": "571.10100", "2010-09-30": "600.73000", "2010-06-30": "582.19400", "2010-03-31": "541.11400", "2009-12-31": "567.00700", "2009-09-30": "592.69100", "2009-06-30": "556.29400", "2009-03-31": "502.47300", "2008-12-31": "520.32900", "2008-09-30": "531.75600", "2008-06-30": "483.47500", "2008-03-31": "469.51900", "2007-12-31": "453.92700", "2007-09-30": "457.42500", "2007-06-30": "438.51000", "2007-03-31": "432.29700", "2006-12-31": "443.39100", "2006-09-30": "433.93400", "2006-06-30": "422.67200", "2006-03-31": "423.28500", "2005-12-31": "435.47200", "2005-09-30": "416.11500", "2005-06-30": "436.22900", "2005-03-31": "432.60400"}, "Common Stock Net": {"2020-12-31": "0.71700", "2020-09-30": "0.28700", "2020-06-30": "0.28100", "2020-03-31": "0.00000", "2019-12-31": "1.96500", "2019-09-30": "1.91400", "2019-06-30": "0.94900", "2019-03-31": "0.43100", "2018-12-31": "", "2018-09-30": "", "2018-06-30": "", "2018-03-31": "0.03600", "2017-12-31": "", "2017-09-30": "3.99900", "2017-06-30": "2.96100", "2017-03-31": "2.22000", "2016-12-31": "1.60300", "2016-09-30": "2.09600", "2016-06-30": "1.10900", "2016-03-31": "0.42800", "2015-12-31": "", "2015-09-30": "", "2015-06-30": "", "2015-03-31": "0.42600", "2014-12-31": "", "2014-09-30": "", "2014-06-30": "", "2014-03-31": "", "2013-12-31": "", "2013-09-30": "0.00000", "2013-06-30": "0.13900", "2013-03-31": "0.00000", "2012-12-31": "0.72100", "2012-09-30": "0.40400", "2012-06-30": "0.06400", "2012-03-31": "0.06400", "2011-12-31": "0.06400", "2011-09-30": "", "2011-06-30": "", "2011-03-31": "0.00400", "2010-12-31": "", "2010-09-30": "0.00000", "2010-06-30": "0.00000", "2010-03-31": "", "2009-12-31": "0.27500", "2009-09-30": "0.26600", "2009-06-30": "0.13700", "2009-03-31": "0.13700", "2008-12-31": "0.11500", "2008-09-30": "", "2008-06-30": "1.13100", "2008-03-31": "0.86400", "2007-12-31": "5.23500", "2007-09-30": "38.38900", "2007-06-30": "88.29000", "2007-03-31": "88.29000", "2006-12-31": "88.26300", "2006-09-30": "87.37900", "2006-06-30": "86.52200", "2006-03-31": "86.20000", "2005-12-31": "85.16200", "2005-09-30": "85.07700", "2005-06-30": "84.95100", "2005-03-31": "84.72800"}, "Retained Earnings (Accumulated Deficit)": {"2020-12-31": "932.27100", "2020-09-30": "886.13700", "2020-06-30": "811.65600", "2020-03-31": "815.59200", "2019-12-31": "843.88100", "2019-09-30": "815.03500", "2019-06-30": "768.49000", "2019-03-31": "713.89500", "2018-12-31": "671.22300", "2018-09-30": "712.52500", "2018-06-30": "697.42300", "2018-03-31": "787.44000", "2017-12-31": "747.64300", "2017-09-30": "788.37100", "2017-06-30": "749.34100", "2017-03-31": "707.35400", "2016-12-31": "664.15800", "2016-09-30": "637.43800", "2016-06-30": "584.94300", "2016-03-31": "539.50700", "2015-12-31": "532.09000", "2015-09-30": "514.04700", "2015-06-30": "639.98700", "2015-03-31": "605.93100", "2014-12-31": "560.20100", "2014-09-30": "561.44900", "2014-06-30": "562.30400", "2014-03-31": "594.84000", "2013-12-31": "632.53400", "2013-09-30": "647.46800", "2013-06-30": "594.30100", "2013-03-31": "545.95000", "2012-12-31": "512.17300", "2012-09-30": "804.62000", "2012-06-30": "749.96900", "2012-03-31": "704.75400", "2011-12-31": "648.26100", "2011-09-30": "624.61700", "2011-06-30": "625.83200", "2011-03-31": "584.86900", "2010-12-31": "565.46000", "2010-09-30": "555.45800", "2010-06-30": "524.72700", "2010-03-31": "555.19400", "2009-12-31": "532.69400", "2009-09-30": "492.14700", "2009-06-30": "439.26200", "2009-03-31": "412.40500", "2008-12-31": "386.75800", "2008-09-30": "370.43900", "2008-06-30": "375.75700", "2008-03-31": "361.23200", "2007-12-31": "346.13200", "2007-09-30": "322.28300", "2007-06-30": "303.14800", "2007-03-31": "274.38400", "2006-12-31": "260.30400", "2006-09-30": "257.99900", "2006-06-30": "241.24500", "2006-03-31": "223.03300", "2005-12-31": "211.40900", "2005-09-30": "200.25800", "2005-06-30": "186.85700", "2005-03-31": "173.79000"}, "Comprehensive Income": {"2020-12-31": "-173.16400", "2020-09-30": "-162.89800", "2020-06-30": "-176.65200", "2020-03-31": "-176.34300", "2019-12-31": "-162.74800", "2019-09-30": "-187.61100", "2019-06-30": "-180.26300", "2019-03-31": "-176.13000", "2018-12-31": "-181.31600", "2018-09-30": "-148.45300", "2018-06-30": "-144.94200", "2018-03-31": "-132.69100", "2017-12-31": "-145.99400", "2017-09-30": "-163.92000", "2017-06-30": "-168.59700", "2017-03-31": "-178.55900", "2016-12-31": "-182.51000", "2016-09-30": "-162.57100", "2016-06-30": "-153.83800", "2016-03-31": "-148.78700", "2015-12-31": "-144.52600", "2015-09-30": "-137.86600", "2015-06-30": "-143.59800", "2015-03-31": "-163.46700", "2014-12-31": "-139.16000", "2014-09-30": "-66.93200", "2014-06-30": "-48.80700", "2014-03-31": "-58.35500", "2013-12-31": "-60.08600", "2013-09-30": "-108.38200", "2013-06-30": "-127.99500", "2013-03-31": "-127.38100", "2012-12-31": "-110.68900", "2012-09-30": "-87.73700", "2012-06-30": "-99.74300", "2012-03-31": "-90.64700", "2011-12-31": "-98.73200", "2011-09-30": "-68.05000", "2011-06-30": "-63.14400", "2011-03-31": "-64.07100", "2010-12-31": "-73.82000", "2010-09-30": "-76.83100", "2010-06-30": "-86.71900", "2010-03-31": "-81.47700", "2009-12-31": "-74.78400", "2009-09-30": "-79.96300", "2009-06-30": "-79.73500", "2009-03-31": "-98.87400", "2008-12-31": "-95.75000", "2008-09-30": "-39.17000", "2008-06-30": "-29.73500", "2008-03-31": "-31.10100", "2007-12-31": "-34.36000", "2007-09-30": "-40.32800", "2007-06-30": "-43.15900", "2007-03-31": "-45.23000", "2006-12-31": "-47.16500", "2006-09-30": "-26.73400", "2006-06-30": "-28.04500", "2006-03-31": "-29.90100", "2005-12-31": "-30.51100", "2005-09-30": "-26.57100", "2005-06-30": "-25.49200", "2005-03-31": "-22.99500"}, "Other Share Holders Equity": {"2020-12-31": "", "2020-09-30": "", "2020-06-30": "", "2020-03-31": "", "2019-12-31": "", "2019-09-30": "", "2019-06-30": "", "2019-03-31": "", "2018-12-31": "", "2018-09-30": "", "2018-06-30": "", "2018-03-31": "", "2017-12-31": "", "2017-09-30": "", "2017-06-30": "", "2017-03-31": "", "2016-12-31": "", "2016-09-30": "", "2016-06-30": "", "2016-03-31": "", "2015-12-31": "", "2015-09-30": "", "2015-06-30": "", "2015-03-31": "", "2014-12-31": "", "2014-09-30": "", "2014-06-30": "", "2014-03-31": "", "2013-12-31": "", "2013-09-30": "", "2013-06-30": "", "2013-03-31": "", "2012-12-31": "", "2012-09-30": "", "2012-06-30": "", "2012-03-31": "", "2011-12-31": "", "2011-09-30": "", "2011-06-30": "", "2011-03-31": "", "2010-12-31": "", "2010-09-30": "", "2010-06-30": "", "2010-03-31": "", "2009-12-31": "", "2009-09-30": "", "2009-06-30": "", "2009-03-31": "", "2008-12-31": "", "2008-09-30": "", "2008-06-30": "", "2008-03-31": "", "2007-12-31": "", "2007-09-30": "", "2007-06-30": "", "2007-03-31": "", "2006-12-31": "", "2006-09-30": "", "2006-06-30": "", "2006-03-31": "", "2005-12-31": "", "2005-09-30": "", "2005-06-30": "", "2005-03-31": ""}, "Share Holder Equity": {"2020-12-31": "759.82400", "2020-09-30": "723.52600", "2020-06-30": "635.28500", "2020-03-31": "639.24900", "2019-12-31": "683.09800", "2019-09-30": "629.33800", "2019-06-30": "589.17600", "2019-03-31": "538.19600", "2018-12-31": "489.90700", "2018-09-30": "564.07200", "2018-06-30": "552.48100", "2018-03-31": "654.78500", "2017-12-31": "601.64900", "2017-09-30": "628.45000", "2017-06-30": "583.70500", "2017-03-31": "531.01500", "2016-12-31": "483.25100", "2016-09-30": "476.96300", "2016-06-30": "432.21400", "2016-03-31": "391.14800", "2015-12-31": "387.56400", "2015-09-30": "376.18100", "2015-06-30": "496.38900", "2015-03-31": "442.89000", "2014-12-31": "421.04100", "2014-09-30": "494.51700", "2014-06-30": "513.49700", "2014-03-31": "536.48500", "2013-12-31": "572.44800", "2013-09-30": "539.08600", "2013-06-30": "466.44500", "2013-03-31": "418.56900", "2012-12-31": "402.20500", "2012-09-30": "717.28700", "2012-06-30": "650.29000", "2012-03-31": "614.17100", "2011-12-31": "549.59300", "2011-09-30": "556.56700", "2011-06-30": "562.68800", "2011-03-31": "520.80200", "2010-12-31": "491.64000", "2010-09-30": "478.62700", "2010-06-30": "438.00800", "2010-03-31": "473.71700", "2009-12-31": "458.18500", "2009-09-30": "412.45000", "2009-06-30": "359.66400", "2009-03-31": "313.66800", "2008-12-31": "291.12300", "2008-09-30": "331.26900", "2008-06-30": "347.15300", "2008-03-31": "330.99500", "2007-12-31": "317.00700", "2007-09-30": "320.34400", "2007-06-30": "348.27900", "2007-03-31": "317.44400", "2006-12-31": "301.40200", "2006-09-30": "318.64400", "2006-06-30": "299.72200", "2006-03-31": "279.33200", "2005-12-31": "266.06000", "2005-09-30": "258.76400", "2005-06-30": "246.31600", "2005-03-31": "235.52300"}, "Total Liabilities And Share Holders Equity": {"2020-12-31": "1933.87500", "2020-09-30": "1880.12200", "2020-06-30": "1799.13700", "2020-03-31": "1933.68500", "2019-12-31": "1885.13200", "2019-09-30": "1770.99500", "2019-06-30": "1766.98500", "2019-03-31": "1798.19100", "2018-12-31": "1697.27400", "2018-09-30": "1839.92700", "2018-06-30": "1773.83000", "2018-03-31": "1779.46500", "2017-12-31": "1712.15400", "2017-09-30": "1705.19300", "2017-06-30": "1636.78300", "2017-03-31": "1557.78500", "2016-12-31": "1416.43600", "2016-09-30": "1403.38500", "2016-06-30": "1358.28200", "2016-03-31": "1317.44000", "2015-12-31": "1286.24900", "2015-09-30": "1288.98000", "2015-06-30": "1291.11700", "2015-03-31": "1257.67000", "2014-12-31": "1231.92500", "2014-09-30": "1288.31800", "2014-06-30": "1272.35000", "2014-03-31": "1283.22800", "2013-12-31": "1327.27400", "2013-09-30": "1345.23800", "2013-06-30": "1276.87900", "2013-03-31": "1281.38900", "2012-12-31": "1264.24800", "2012-09-30": "1267.21400", "2012-06-30": "1240.21700", "2012-03-31": "1253.49700", "2011-12-31": "1191.66200", "2011-09-30": "1212.83400", "2011-06-30": "1208.62600", "2011-03-31": "1131.66700", "2010-12-31": "1062.74100", "2010-09-30": "1079.35700", "2010-06-30": "1020.20200", "2010-03-31": "1014.83100", "2009-12-31": "1025.19200", "2009-09-30": "1005.14100", "2009-06-30": "915.95800", "2009-03-31": "816.14100", "2008-12-31": "811.45200", "2008-09-30": "863.02500", "2008-06-30": "830.62800", "2008-03-31": "800.51400", "2007-12-31": "770.93400", "2007-09-30": "777.76900", "2007-06-30": "786.78900", "2007-03-31": "749.74100", "2006-12-31": "744.79300", "2006-09-30": "752.57800", "2006-06-30": "722.39400", "2006-03-31": "702.61700", "2005-12-31": "701.53200", "2005-09-30": "674.87900", "2005-06-30": "682.54500", "2005-03-31": "668.12700"}}, "cash flow statement": {"Net Income/Loss": {"2020-12-31": "0.00000", "2019-12-31": "254.28600", "2018-12-31": "234.73400", "2017-12-31": "190.50900", "2016-12-31": "243.44100", "2015-12-31": "238.60300", "2014-12-31": "233.25500", "2013-12-31": "264.74200", "2012-12-31": "239.59300", "2011-12-31": "206.90700", "2010-12-31": "177.12500", "2009-12-31": "162.28300", "2008-12-31": "73.22700", "2007-12-31": "95.32100", "2006-12-31": "57.52200", "2005-12-31": "42.38100"}, "Total Depreciation And Amortization - Cash Flow": {"2020-12-31": "", "2019-12-31": "87.56000", "2018-12-31": "71.75900", "2017-12-31": "55.34000", "2016-12-31": "44.89300", "2015-12-31": "42.26500", "2014-12-31": "41.53800", "2013-12-31": "46.14400", "2012-12-31": "43.38900", "2011-12-31": "43.35200", "2010-12-31": "39.13400", "2009-12-31": "32.82000", "2008-12-31": "28.96800", "2007-12-31": "29.12600", "2006-12-31": "31.59200", "2005-12-31": "36.39600"}, "Other Non-Cash Items": {"2020-12-31": "", "2019-12-31": "7.38400", "2018-12-31": "14.52700", "2017-12-31": "58.75000", "2016-12-31": "36.83900", "2015-12-31": "17.16700", "2014-12-31": "32.08400", "2013-12-31": "-23.21100", "2012-12-31": "27.47400", "2011-12-31": "-7.14000", "2010-12-31": "30.07300", "2009-12-31": "39.05000", "2008-12-31": "15.65500", "2007-12-31": "-8.51000", "2006-12-31": "4.95400", "2005-12-31": "-5.19300"}, "Total Non-Cash Items": {"2020-12-31": "", "2019-12-31": "94.94400", "2018-12-31": "86.28600", "2017-12-31": "114.09000", "2016-12-31": "81.73200", "2015-12-31": "59.43200", "2014-12-31": "73.62200", "2013-12-31": "22.93300", "2012-12-31": "70.86300", "2011-12-31": "36.21200", "2010-12-31": "69.20700", "2009-12-31": "71.87000", "2008-12-31": "44.62300", "2007-12-31": "20.61600", "2006-12-31": "36.54600", "2005-12-31": "31.20300"}, "Change In Accounts Receivable": {"2020-12-31": "", "2019-12-31": "-22.58700", "2018-12-31": "14.09600", "2017-12-31": "0.25000", "2016-12-31": "-38.23100", "2015-12-31": "7.21500", "2014-12-31": "-6.89100", "2013-12-31": "-8.60600", "2012-12-31": "-15.02700", "2011-12-31": "-16.22500", "2010-12-31": "-34.81500", "2009-12-31": "-0.06600", "2008-12-31": "-11.51400", "2007-12-31": "10.14000", "2006-12-31": "-2.62700", "2005-12-31": "-34.50100"}, "Change In Inventories": {"2020-12-31": "", "2019-12-31": "31.88400", "2018-12-31": "-29.67200", "2017-12-31": "-44.93600", "2016-12-31": "14.48000", "2015-12-31": "-21.74700", "2014-12-31": "-51.82700", "2013-12-31": "3.13300", "2012-12-31": "-12.94500", "2011-12-31": "-33.15400", "2010-12-31": "-74.85200", "2009-12-31": "26.09700", "2008-12-31": "-36.43800", "2007-12-31": "-2.75900", "2006-12-31": "-24.34800", "2005-12-31": "-0.95100"}, "Change In Accounts Payable": {"2020-12-31": "", "2019-12-31": "", "2018-12-31": "", "2017-12-31": "", "2016-12-31": "", "2015-12-31": "", "2014-12-31": "", "2013-12-31": "", "2012-12-31": "", "2011-12-31": "", "2010-12-31": "", "2009-12-31": "", "2008-12-31": "", "2007-12-31": "", "2006-12-31": "", "2005-12-31": ""}, "Change In Assets/Liabilities": {"2020-12-31": "", "2019-12-31": "-27.30400", "2018-12-31": "-74.22300", "2017-12-31": "-27.38400", "2016-12-31": "-6.95900", "2015-12-31": "-25.34900", "2014-12-31": "-18.53700", "2013-12-31": "-29.28000", "2012-12-31": "-21.74000", "2011-12-31": "-20.09700", "2010-12-31": "4.90300", "2009-12-31": "-55.90100", "2008-12-31": "-14.15000", "2007-12-31": "-20.61900", "2006-12-31": "-9.00500", "2005-12-31": "-4.30100"}, "Total Change In Assets/Liabilities": {"2020-12-31": "", "2019-12-31": "-5.16900", "2018-12-31": "-119.16800", "2017-12-31": "-62.59000", "2016-12-31": "-5.08300", "2015-12-31": "-41.83400", "2014-12-31": "-73.92300", "2013-12-31": "-27.57200", "2012-12-31": "-41.62400", "2011-12-31": "-68.38700", "2010-12-31": "-82.37500", "2009-12-31": "-2.00000", "2008-12-31": "-105.16400", "2007-12-31": "-3.12600", "2006-12-31": "-48.65400", "2005-12-31": "-7.50800"}, "Cash Flow From Operating Activities": {"2020-12-31": "", "2019-12-31": "337.21200", "2018-12-31": "197.91100", "2017-12-31": "242.79500", "2016-12-31": "353.43400", "2015-12-31": "268.02700", "2014-12-31": "234.95800", "2013-12-31": "277.93400", "2012-12-31": "272.81100", "2011-12-31": "184.59800", "2010-12-31": "164.04700", "2009-12-31": "225.67500", "2008-12-31": "20.64800", "2007-12-31": "109.57700", "2006-12-31": "37.07600", "2005-12-31": "63.99500"}, "Net Change In Property, Plant, And Equipment": {"2020-12-31": "", "2019-12-31": "-59.43400", "2018-12-31": "-74.63800", "2017-12-31": "-148.71300", "2016-12-31": "-142.87400", "2015-12-31": "-126.49900", "2014-12-31": "-59.71600", "2013-12-31": "-58.47600", "2012-12-31": "-38.75300", "2011-12-31": "-53.51500", "2010-12-31": "-36.40600", "2009-12-31": "-89.13300", "2008-12-31": "-31.79900", "2007-12-31": "-31.07200", "2006-12-31": "-22.75300", "2005-12-31": "-4.10900"}, "Net Change In Intangible Assets": {"2020-12-31": "", "2019-12-31": "", "2018-12-31": "", "2017-12-31": "", "2016-12-31": "", "2015-12-31": "", "2014-12-31": "", "2013-12-31": "", "2012-12-31": "", "2011-12-31": "", "2010-12-31": "", "2009-12-31": "", "2008-12-31": "", "2007-12-31": "-2.90000", "2006-12-31": "-4.47600", "2005-12-31": ""}, "Net Acquisitions/Divestitures": {"2020-12-31": "", "2019-12-31": "", "2018-12-31": "", "2017-12-31": "-183.93000", "2016-12-31": "", "2015-12-31": "", "2014-12-31": "", "2013-12-31": "140.01100", "2012-12-31": "", "2011-12-31": "", "2010-12-31": "-41.30000", "2009-12-31": "", "2008-12-31": "-14.80300", "2007-12-31": "", "2006-12-31": "", "2005-12-31": ""}, "Net Change In Short-term Investments": {"2020-12-31": "", "2019-12-31": "", "2018-12-31": "", "2017-12-31": "", "2016-12-31": "", "2015-12-31": "", "2014-12-31": "", "2013-12-31": "", "2012-12-31": "", "2011-12-31": "", "2010-12-31": "", "2009-12-31": "-0.30000", "2008-12-31": "", "2007-12-31": "", "2006-12-31": "", "2005-12-31": ""}, "Net Change In Long-Term Investments": {"2020-12-31": "", "2019-12-31": "", "2018-12-31": "", "2017-12-31": "", "2016-12-31": "", "2015-12-31": "", "2014-12-31": "", "2013-12-31": "", "2012-12-31": "", "2011-12-31": "", "2010-12-31": "", "2009-12-31": "", "2008-12-31": "", "2007-12-31": "", "2006-12-31": "", "2005-12-31": ""}, "Net Change In Investments - Total": {"2020-12-31": "", "2019-12-31": "", "2018-12-31": "", "2017-12-31": "", "2016-12-31": "", "2015-12-31": "", "2014-12-31": "", "2013-12-31": "", "2012-12-31": "", "2011-12-31": "", "2010-12-31": "", "2009-12-31": "-0.30000", "2008-12-31": "", "2007-12-31": "", "2006-12-31": "", "2005-12-31": ""}, "Investing Activities - Other": {"2020-12-31": "", "2019-12-31": "", "2018-12-31": "14.60700", "2017-12-31": "-2.00000", "2016-12-31": "-0.48700", "2015-12-31": "-3.22400", "2014-12-31": "-6.89000", "2013-12-31": "6.92900", "2012-12-31": "-0.03300", "2011-12-31": "-17.44100", "2010-12-31": "-10.20000", "2009-12-31": "-6.27000", "2008-12-31": "-52.27000", "2007-12-31": "17.14100", "2006-12-31": "5.38200", "2005-12-31": "0.06400"}, "Cash Flow From Investing Activities": {"2020-12-31": "", "2019-12-31": "-59.43400", "2018-12-31": "-60.03100", "2017-12-31": "-334.64300", "2016-12-31": "-143.36100", "2015-12-31": "-129.72300", "2014-12-31": "-66.60600", "2013-12-31": "88.46400", "2012-12-31": "-38.78600", "2011-12-31": "-70.95600", "2010-12-31": "-87.90600", "2009-12-31": "-95.70300", "2008-12-31": "-98.87200", "2007-12-31": "-16.83100", "2006-12-31": "-21.84700", "2005-12-31": "-4.04500"}, "Net Long-Term Debt": {"2020-12-31": "", "2019-12-31": "-123.45100", "2018-12-31": "168.12900", "2017-12-31": "94.00000", "2016-12-31": "11.00000", "2015-12-31": "131.00000", "2014-12-31": "", "2013-12-31": "", "2012-12-31": "132.22000", "2011-12-31": "3.79800", "2010-12-31": "-32.16800", "2009-12-31": "54.81900", "2008-12-31": "37.46500", "2007-12-31": "4.35800", "2006-12-31": "-0.39000", "2005-12-31": "-0.60900"}, "Net Current Debt": {"2020-12-31": "", "2019-12-31": "", "2018-12-31": "", "2017-12-31": "", "2016-12-31": "", "2015-12-31": "", "2014-12-31": "14.00000", "2013-12-31": "-75.00000", "2012-12-31": "53.00000", "2011-12-31": "18.00000", "2010-12-31": "4.00000", "2009-12-31": "-41.90000", "2008-12-31": "36.65000", "2007-12-31": "3.70000", "2006-12-31": "-1.67300", "2005-12-31": "-30.79300"}, "Debt Issuance/Retirement Net - Total": {"2020-12-31": "", "2019-12-31": "-123.45100", "2018-12-31": "168.12900", "2017-12-31": "94.00000", "2016-12-31": "11.00000", "2015-12-31": "131.00000", "2014-12-31": "14.00000", "2013-12-31": "-75.00000", "2012-12-31": "185.22000", "2011-12-31": "21.79800", "2010-12-31": "-28.16800", "2009-12-31": "12.91900", "2008-12-31": "74.11500", "2007-12-31": "8.05800", "2006-12-31": "-2.06300", "2005-12-31": "-31.40200"}, "Net Common Equity Issued/Repurchased": {"2020-12-31": "", "2019-12-31": "", "2018-12-31": "-232.01600", "2017-12-31": "-25.99800", "2016-12-31": "-35.81500", "2015-12-31": "-194.92400", "2014-12-31": "-248.50900", "2013-12-31": "-92.19500", "2012-12-31": "", "2011-12-31": "-98.09300", "2010-12-31": "-121.42600", "2009-12-31": "0.04000", "2008-12-31": "-26.49500", "2007-12-31": "-83.12800", "2006-12-31": "0.85600", "2005-12-31": "0.43800"}, "Net Total Equity Issued/Repurchased": {"2020-12-31": "", "2019-12-31": "", "2018-12-31": "-232.01600", "2017-12-31": "-25.99800", "2016-12-31": "-35.81500", "2015-12-31": "-194.92400", "2014-12-31": "-248.50900", "2013-12-31": "-92.19500", "2012-12-31": "", "2011-12-31": "-98.09300", "2010-12-31": "-121.42600", "2009-12-31": "0.04000", "2008-12-31": "-26.49500", "2007-12-31": "-83.12800", "2006-12-31": "0.85600", "2005-12-31": "0.43800"}, "Total Common And Preferred Stock Dividends Paid": {"2020-12-31": "", "2019-12-31": "-81.67600", "2018-12-31": "-80.44800", "2017-12-31": "-82.88500", "2016-12-31": "-75.82900", "2015-12-31": "-70.76300", "2014-12-31": "-59.40000", "2013-12-31": "-50.36800", "2012-12-31": "-375.68100", "2011-12-31": "-32.58800", "2010-12-31": "-22.60800", "2009-12-31": "-16.34700", "2008-12-31": "-15.13100", "2007-12-31": "-6.64100", "2006-12-31": "-8.62700", "2005-12-31": ""}, "Financial Activities - Other": {"2020-12-31": "", "2019-12-31": "-2.95200", "2018-12-31": "-1.09200", "2017-12-31": "-4.09300", "2016-12-31": "-2.73300", "2015-12-31": "-0.79100", "2014-12-31": "-1.46100", "2013-12-31": "-2.28000", "2012-12-31": "-6.48500", "2011-12-31": "-2.20500", "2010-12-31": "-4.28100", "2009-12-31": "-1.46500", "2008-12-31": "-0.29500", "2007-12-31": "-1.84200", "2006-12-31": "-2.10700", "2005-12-31": ""}, "Cash Flow From Financial Activities": {"2020-12-31": "", "2019-12-31": "-208.07900", "2018-12-31": "-145.42700", "2017-12-31": "-18.97600", "2016-12-31": "-103.37700", "2015-12-31": "-135.47800", "2014-12-31": "-295.37000", "2013-12-31": "-219.84300", "2012-12-31": "-196.94600", "2011-12-31": "-111.08800", "2010-12-31": "-176.48300", "2009-12-31": "-4.85300", "2008-12-31": "32.19400", "2007-12-31": "-83.55300", "2006-12-31": "-11.94100", "2005-12-31": "-30.96400"}, "Net Cash Flow": {"2020-12-31": "", "2019-12-31": "71.35700", "2018-12-31": "-11.12600", "2017-12-31": "-107.98800", "2016-12-31": "98.73000", "2015-12-31": "-9.57900", "2014-12-31": "-135.70000", "2013-12-31": "149.57400", "2012-12-31": "38.75900", "2011-12-31": "1.17800", "2010-12-31": "-102.63900", "2009-12-31": "130.07000", "2008-12-31": "-50.11100", "2007-12-31": "11.57200", "2006-12-31": "3.88700", "2005-12-31": "27.63500"}, "Stock-Based Compensation": {"2020-12-31": "", "2019-12-31": "", "2018-12-31": "", "2017-12-31": "", "2016-12-31": "", "2015-12-31": "", "2014-12-31": "", "2013-12-31": "", "2012-12-31": "", "2011-12-31": "", "2010-12-31": "", "2009-12-31": "", "2008-12-31": "", "2007-12-31": "", "2006-12-31": "0.74400", "2005-12-31": ""}, "Common Stock Dividends Paid": {"2020-12-31": "", "2019-12-31": "-81.67600", "2018-12-31": "-80.44800", "2017-12-31": "-82.88500", "2016-12-31": "-75.82900", "2015-12-31": "-70.76300", "2014-12-31": "-59.40000", "2013-12-31": "-50.36800", "2012-12-31": "-375.68100", "2011-12-31": "-32.58800", "2010-12-31": "-22.60800", "2009-12-31": "-16.34700", "2008-12-31": "-15.13100", "2007-12-31": "-6.64100", "2006-12-31": "-8.62700", "2005-12-31": ""}}, "cash flow statement, quarterly": {"Net Income/Loss": {"2020-12-31": -203.684, "2020-09-30": 95.794, "2020-06-30": 22.349, "2020-03-31": "85.54100", "2019-12-31": 50.102, "2019-09-30": 67.805, "2019-06-30": 74.174, "2019-03-31": "62.20500", "2018-12-31": 62.803, "2018-09-30": 58.481, "2018-06-30": 52.885, "2018-03-31": "60.56500", "2017-12-31": 4.072, "2017-09-30": 59.772, "2017-06-30": 62.728, "2017-03-31": "63.93700", "2016-12-31": 45.672, "2016-09-30": 71.449, "2016-06-30": 64.389, "2016-03-31": "61.93100", "2015-12-31": 53.914, "2015-09-30": 62.009, "2015-06-30": 58.733, "2015-03-31": "63.94700", "2014-12-31": 52.055, "2014-09-30": 56.913, "2014-06-30": 66.764, "2014-03-31": "57.52300", "2013-12-31": 54.001, "2013-09-30": 78.896, "2013-06-30": 64.01, "2013-03-31": "67.83500", "2012-12-31": 53.063, "2012-09-30": 64.715, "2012-06-30": 55.268, "2012-03-31": "66.54700", "2011-12-31": 33.698, "2011-09-30": 71.361, "2011-06-30": 52.259, "2011-03-31": "49.58900", "2010-12-31": 49.412, "2010-09-30": 45.719, "2010-06-30": 39.856, "2010-03-31": "42.13800", "2009-12-31": 46.25, "2009-09-30": 56.687, "2009-06-30": 30.658, "2009-03-31": "28.68800", "2008-12-31": 19.359, "2008-09-30": 16.472, "2008-06-30": 17.624, "2008-03-31": "19.77200", "2007-12-31": 26.996, "2007-09-30": 21.157, "2007-06-30": 30.926, "2007-03-31": "16.24200", "2006-12-31": 4.46, "2006-09-30": 18.921, "2006-06-30": 20.369, "2006-03-31": "13.77200", "2005-12-31": 11.151, "2005-09-30": 13.401, "2005-06-30": 13.067, "2005-03-31": "4.76200"}, "Total Depreciation And Amortization - Cash Flow": {"2020-12-31": -63.045, "2020-09-30": 20.689, "2020-06-30": 20.987, "2020-03-31": "21.36900", "2019-12-31": 22.06, "2019-09-30": 21.784, "2019-06-30": 21.777, "2019-03-31": "21.93900", "2018-12-31": 18.296, "2018-09-30": 18.243, "2018-06-30": 17.555, "2018-03-31": "17.66500", "2017-12-31": 16.144, "2017-09-30": 14.573, "2017-06-30": 12.317, "2017-03-31": "12.30600", "2016-12-31": 12.154, "2016-09-30": 11.657, "2016-06-30": 10.402, "2016-03-31": "10.68000", "2015-12-31": 10.887, "2015-09-30": 10.812, "2015-06-30": 10.38, "2015-03-31": "10.18600", "2014-12-31": 10.294, "2014-09-30": 10.525, "2014-06-30": 10.461, "2014-03-31": "10.25800", "2013-12-31": 10.218, "2013-09-30": 10.042, "2013-06-30": 14.088, "2013-03-31": "11.79600", "2012-12-31": 10.94, "2012-09-30": 10.829, "2012-06-30": 11.138, "2012-03-31": "10.48200", "2011-12-31": 11.008, "2011-09-30": 10.785, "2011-06-30": 11.013, "2011-03-31": "10.54600", "2010-12-31": 10.179, "2010-09-30": 10.496, "2010-06-30": 9.322, "2010-03-31": "9.13700", "2009-12-31": 8.448, "2009-09-30": 8.224, "2009-06-30": 8.105, "2009-03-31": "8.04300", "2008-12-31": 7.77, "2008-09-30": 7.081, "2008-06-30": 7.118, "2008-03-31": "6.99900", "2007-12-31": 7.262, "2007-09-30": 7.079, "2007-06-30": 6.961, "2007-03-31": "7.82400", "2006-12-31": 8.019, "2006-09-30": 7.75, "2006-06-30": 7.86, "2006-03-31": "7.96300", "2005-12-31": 9.224, "2005-09-30": 8.662, "2005-06-30": 8.871, "2005-03-31": "9.63900"}, "Other Non-Cash Items": {"2020-12-31": 11.078, "2020-09-30": -14.4, "2020-06-30": -0.057, "2020-03-31": "3.37900", "2019-12-31": 3.402, "2019-09-30": -0.172, "2019-06-30": 1.998, "2019-03-31": "2.15600", "2018-12-31": 4.27, "2018-09-30": 11.07, "2018-06-30": -3.527, "2018-03-31": "2.71400", "2017-12-31": 44.135, "2017-09-30": 2.444, "2017-06-30": 4.881, "2017-03-31": "7.29000", "2016-12-31": 7.744, "2016-09-30": 13.007, "2016-06-30": 7.524, "2016-03-31": "8.56400", "2015-12-31": -2.671, "2015-09-30": 9.461, "2015-06-30": 3.817, "2015-03-31": "6.56000", "2014-12-31": 14.468, "2014-09-30": 8.004, "2014-06-30": 4.272, "2014-03-31": "5.34000", "2013-12-31": 7.194, "2013-09-30": -35.643, "2013-06-30": 1.262, "2013-03-31": "3.97600", "2012-12-31": -0.426, "2012-09-30": 8.465, "2012-06-30": 8.62, "2012-03-31": "10.81500", "2011-12-31": -7.928, "2011-09-30": -13.527, "2011-06-30": 6.489, "2011-03-31": "7.82600", "2010-12-31": 4.323, "2010-09-30": 5.466, "2010-06-30": 12.321, "2010-03-31": "7.96300", "2009-12-31": 25.787, "2009-09-30": -4.458, "2009-06-30": 12.047, "2009-03-31": "5.67400", "2008-12-31": 0.681, "2008-09-30": 8.871, "2008-06-30": 3.745, "2008-03-31": "2.35800", "2007-12-31": -13.874, "2007-09-30": 0.033, "2007-06-30": 2.176, "2007-03-31": "3.15500", "2006-12-31": 4.823, "2006-09-30": -2.277, "2006-06-30": -2.345, "2006-03-31": "4.75300", "2005-12-31": 1.57, "2005-09-30": -9.561, "2005-06-30": 0.321, "2005-03-31": "2.47700"}, "Total Non-Cash Items": {"2020-12-31": -51.967, "2020-09-30": 6.289, "2020-06-30": 20.93, "2020-03-31": "24.74800", "2019-12-31": 25.462, "2019-09-30": 21.612, "2019-06-30": 23.775, "2019-03-31": "24.09500", "2018-12-31": 22.566, "2018-09-30": 29.313, "2018-06-30": 14.028, "2018-03-31": "20.37900", "2017-12-31": 60.279, "2017-09-30": 17.017, "2017-06-30": 17.198, "2017-03-31": "19.59600", "2016-12-31": 19.898, "2016-09-30": 24.664, "2016-06-30": 17.926, "2016-03-31": "19.24400", "2015-12-31": 8.216, "2015-09-30": 20.273, "2015-06-30": 14.197, "2015-03-31": "16.74600", "2014-12-31": 24.762, "2014-09-30": 18.529, "2014-06-30": 14.733, "2014-03-31": "15.59800", "2013-12-31": 17.412, "2013-09-30": -25.601, "2013-06-30": 15.35, "2013-03-31": "15.77200", "2012-12-31": 10.514, "2012-09-30": 19.294, "2012-06-30": 19.758, "2012-03-31": "21.29700", "2011-12-31": 3.08, "2011-09-30": -2.742, "2011-06-30": 17.502, "2011-03-31": "18.37200", "2010-12-31": 14.502, "2010-09-30": 15.962, "2010-06-30": 21.643, "2010-03-31": "17.10000", "2009-12-31": 34.235, "2009-09-30": 3.766, "2009-06-30": 20.152, "2009-03-31": "13.71700", "2008-12-31": 8.451, "2008-09-30": 15.952, "2008-06-30": 10.863, "2008-03-31": "9.35700", "2007-12-31": -6.612, "2007-09-30": 7.112, "2007-06-30": 9.137, "2007-03-31": "10.97900", "2006-12-31": 12.842, "2006-09-30": 5.473, "2006-06-30": 5.515, "2006-03-31": "12.71600", "2005-12-31": 10.794, "2005-09-30": -0.899, "2005-06-30": 9.192, "2005-03-31": "12.11600"}, "Change In Accounts Receivable": {"2020-12-31": 0, "2020-09-30": 0, "2020-06-30": 0, "2020-03-31": "", "2019-12-31": -22.587, "2019-09-30": 0, "2019-06-30": 0, "2019-03-31": "", "2018-12-31": 14.096, "2018-09-30": 0, "2018-06-30": 0, "2018-03-31": "", "2017-12-31": 0.25, "2017-09-30": 0, "2017-06-30": 0, "2017-03-31": "", "2016-12-31": -38.231, "2016-09-30": 0, "2016-06-30": 0, "2016-03-31": "", "2015-12-31": 7.215, "2015-09-30": 0, "2015-06-30": 0, "2015-03-31": "", "2014-12-31": -6.891, "2014-09-30": 0, "2014-06-30": 0, "2014-03-31": "", "2013-12-31": -8.606, "2013-09-30": 0, "2013-06-30": 0, "2013-03-31": "", "2012-12-31": -15.027, "2012-09-30": 0, "2012-06-30": 0, "2012-03-31": "", "2011-12-31": -16.225, "2011-09-30": 0, "2011-06-30": 0, "2011-03-31": "", "2010-12-31": -34.815, "2010-09-30": 0, "2010-06-30": 0, "2010-03-31": "", "2009-12-31": -0.066, "2009-09-30": 0, "2009-06-30": 0, "2009-03-31": "", "2008-12-31": -11.514, "2008-09-30": 0, "2008-06-30": 0, "2008-03-31": "", "2007-12-31": 10.14, "2007-09-30": 0, "2007-06-30": 0, "2007-03-31": "", "2006-12-31": -2.627, "2006-09-30": 0, "2006-06-30": 0, "2006-03-31": "", "2005-12-31": -34.501, "2005-09-30": 0, "2005-06-30": 0, "2005-03-31": ""}, "Change In Inventories": {"2020-12-31": 0, "2020-09-30": 0, "2020-06-30": 0, "2020-03-31": "", "2019-12-31": 31.884, "2019-09-30": 0, "2019-06-30": 0, "2019-03-31": "", "2018-12-31": -29.672, "2018-09-30": 0, "2018-06-30": 0, "2018-03-31": "", "2017-12-31": -44.936, "2017-09-30": 0, "2017-06-30": 0, "2017-03-31": "", "2016-12-31": 14.48, "2016-09-30": 0, "2016-06-30": 0, "2016-03-31": "", "2015-12-31": -21.747, "2015-09-30": 0, "2015-06-30": 0, "2015-03-31": "", "2014-12-31": -51.827, "2014-09-30": 0, "2014-06-30": 0, "2014-03-31": "", "2013-12-31": 3.133, "2013-09-30": 0, "2013-06-30": 0, "2013-03-31": "", "2012-12-31": -12.945, "2012-09-30": 0, "2012-06-30": 0, "2012-03-31": "", "2011-12-31": -33.154, "2011-09-30": 0, "2011-06-30": 0, "2011-03-31": "", "2010-12-31": -74.852, "2010-09-30": 0, "2010-06-30": 0, "2010-03-31": "", "2009-12-31": 26.097, "2009-09-30": 0, "2009-06-30": 0, "2009-03-31": "", "2008-12-31": -36.438, "2008-09-30": 0, "2008-06-30": 0, "2008-03-31": "", "2007-12-31": -2.759, "2007-09-30": 0, "2007-06-30": 0, "2007-03-31": "", "2006-12-31": -24.348, "2006-09-30": 0, "2006-06-30": 0, "2006-03-31": "", "2005-12-31": -0.951, "2005-09-30": 0, "2005-06-30": 0, "2005-03-31": ""}, "Change In Accounts Payable": {"2020-12-31": 0, "2020-09-30": 0, "2020-06-30": 0, "2020-03-31": "", "2019-12-31": 0, "2019-09-30": 0, "2019-06-30": 0, "2019-03-31": "", "2018-12-31": 0, "2018-09-30": 0, "2018-06-30": 0, "2018-03-31": "", "2017-12-31": 0, "2017-09-30": 0, "2017-06-30": 0, "2017-03-31": "", "2016-12-31": 0, "2016-09-30": 0, "2016-06-30": 0, "2016-03-31": "", "2015-12-31": 0, "2015-09-30": 0, "2015-06-30": 0, "2015-03-31": "", "2014-12-31": 0, "2014-09-30": 0, "2014-06-30": 0, "2014-03-31": "", "2013-12-31": 0, "2013-09-30": 0, "2013-06-30": 0, "2013-03-31": "", "2012-12-31": 0, "2012-09-30": 0, "2012-06-30": 0, "2012-03-31": "", "2011-12-31": 0, "2011-09-30": 0, "2011-06-30": 0, "2011-03-31": "", "2010-12-31": 0, "2010-09-30": 0, "2010-06-30": 0, "2010-03-31": "", "2009-12-31": 0, "2009-09-30": 0, "2009-06-30": 0, "2009-03-31": "", "2008-12-31": 0, "2008-09-30": 0, "2008-06-30": 0, "2008-03-31": "", "2007-12-31": 0, "2007-09-30": 0, "2007-06-30": 0, "2007-03-31": "", "2006-12-31": 0, "2006-09-30": 0, "2006-06-30": 0, "2006-03-31": "", "2005-12-31": 0, "2005-09-30": 0, "2005-06-30": 0, "2005-03-31": ""}, "Change In Assets/Liabilities": {"2020-12-31": 41.21, "2020-09-30": 24.014, "2020-06-30": -20.609, "2020-03-31": "-44.61500", "2019-12-31": 16.001, "2019-09-30": -11.357, "2019-06-30": 33.903, "2019-03-31": "-65.85100", "2018-12-31": 56.827, "2018-09-30": -42.788, "2018-06-30": -17.894, "2018-03-31": "-70.36800", "2017-12-31": 27.127, "2017-09-30": 9.801, "2017-06-30": -18.15, "2017-03-31": "-46.16200", "2016-12-31": 11.583, "2016-09-30": -35.449, "2016-06-30": 28.027, "2016-03-31": "-11.12000", "2015-12-31": 26.949, "2015-09-30": -20.579, "2015-06-30": -11.183, "2015-03-31": "-20.53600", "2014-12-31": 52.461, "2014-09-30": 5.063, "2014-06-30": -4.095, "2014-03-31": "-71.96600", "2013-12-31": -7.945, "2013-09-30": 30.718, "2013-06-30": 11.685, "2013-03-31": "-63.73800", "2012-12-31": 39.075, "2012-09-30": 4.884, "2012-06-30": -40.871, "2012-03-31": "-24.82800", "2011-12-31": 63.893, "2011-09-30": 7.525, "2011-06-30": -40.055, "2011-03-31": "-51.46000", "2010-12-31": 81.244, "2010-09-30": -27.376, "2010-06-30": -35.348, "2010-03-31": "-13.61700", "2009-12-31": -104.873, "2009-09-30": -16.318, "2009-06-30": 8.282, "2009-03-31": "57.00800", "2008-12-31": 64.95, "2008-09-30": -20.141, "2008-06-30": -20.605, "2008-03-31": "-38.35400", "2007-12-31": -9.268, "2007-09-30": 7.308, "2007-06-30": -19.398, "2007-03-31": "0.73900", "2006-12-31": 23.493, "2006-09-30": 3.93, "2006-06-30": -16.97, "2006-03-31": "-19.45800", "2005-12-31": -3.724, "2005-09-30": 35.057, "2005-06-30": -17.68, "2005-03-31": "-17.95400"}, "Total Change In Assets/Liabilities": {"2020-12-31": 41.21, "2020-09-30": 24.014, "2020-06-30": -20.609, "2020-03-31": "-44.61500", "2019-12-31": 38.136, "2019-09-30": -11.357, "2019-06-30": 33.903, "2019-03-31": "-65.85100", "2018-12-31": 11.882, "2018-09-30": -42.788, "2018-06-30": -17.894, "2018-03-31": "-70.36800", "2017-12-31": -8.079, "2017-09-30": 9.801, "2017-06-30": -18.15, "2017-03-31": "-46.16200", "2016-12-31": 13.459, "2016-09-30": -35.449, "2016-06-30": 28.027, "2016-03-31": "-11.12000", "2015-12-31": 10.464, "2015-09-30": -20.579, "2015-06-30": -11.183, "2015-03-31": "-20.53600", "2014-12-31": -2.925, "2014-09-30": 5.063, "2014-06-30": -4.095, "2014-03-31": "-71.96600", "2013-12-31": -6.237, "2013-09-30": 30.718, "2013-06-30": 11.685, "2013-03-31": "-63.73800", "2012-12-31": 19.191, "2012-09-30": 4.884, "2012-06-30": -40.871, "2012-03-31": "-24.82800", "2011-12-31": 15.603, "2011-09-30": 7.525, "2011-06-30": -40.055, "2011-03-31": "-51.46000", "2010-12-31": -6.034, "2010-09-30": -27.376, "2010-06-30": -35.348, "2010-03-31": "-13.61700", "2009-12-31": -50.972, "2009-09-30": -16.318, "2009-06-30": 8.282, "2009-03-31": "57.00800", "2008-12-31": -26.064, "2008-09-30": -20.141, "2008-06-30": -20.605, "2008-03-31": "-38.35400", "2007-12-31": 8.225, "2007-09-30": 7.308, "2007-06-30": -19.398, "2007-03-31": "0.73900", "2006-12-31": -17.067, "2006-09-30": 3.93, "2006-06-30": -16.059, "2006-03-31": "-19.45800", "2005-12-31": -6.931, "2005-09-30": 35.057, "2005-06-30": -17.68, "2005-03-31": "-17.95400"}, "Cash Flow From Operating Activities": {"2020-12-31": -216.32, "2020-09-30": 122.023, "2020-06-30": 29.836, "2020-03-31": "64.46100", "2019-12-31": 103.965, "2019-09-30": 82.631, "2019-06-30": 131.484, "2019-03-31": "19.13200", "2018-12-31": 96.766, "2018-09-30": 35.365, "2018-06-30": 55.74, "2018-03-31": "10.04000", "2017-12-31": 65.044, "2017-09-30": 85.134, "2017-06-30": 58.409, "2017-03-31": "34.20800", "2016-12-31": 93.944, "2016-09-30": 71.509, "2016-06-30": 113.714, "2016-03-31": "74.26700", "2015-12-31": 79.679, "2015-09-30": 65.167, "2015-06-30": 66.629, "2015-03-31": "56.55200", "2014-12-31": 73.28, "2014-09-30": 77.162, "2014-06-30": 80.135, "2014-03-31": "4.38100", "2013-12-31": 69.535, "2013-09-30": 85.493, "2013-06-30": 95.778, "2013-03-31": "27.12800", "2012-12-31": 87.482, "2012-09-30": 87.86, "2012-06-30": 34.379, "2012-03-31": "63.09000", "2011-12-31": 64.213, "2011-09-30": 73.212, "2011-06-30": 30.977, "2011-03-31": "16.19600", "2010-12-31": 58.72, "2010-09-30": 32.164, "2010-06-30": 30.367, "2010-03-31": "42.79600", "2009-12-31": 31.058, "2009-09-30": 39.888, "2009-06-30": 58.06, "2009-03-31": "96.66900", "2008-12-31": 9.085, "2008-09-30": 14.43, "2008-06-30": 6.377, "2008-03-31": "-9.24400", "2007-12-31": 28.907, "2007-09-30": 34.76, "2007-06-30": 17.722, "2007-03-31": "28.18800", "2006-12-31": -5.949, "2006-09-30": 26.37, "2006-06-30": 10.306, "2006-03-31": "6.34900", "2005-12-31": 10.129, "2005-09-30": 45.914, "2005-06-30": 6.488, "2005-03-31": "1.46400"}, "Net Change In Property, Plant, And Equipment": {"2020-12-31": 40.133, "2020-09-30": -0.045, "2020-06-30": -19.982, "2020-03-31": "-20.10600", "2019-12-31": -22.302, "2019-09-30": -13.913, "2019-06-30": -12.866, "2019-03-31": "-10.35300", "2018-12-31": -19.502, "2018-09-30": -12.535, "2018-06-30": -19.804, "2018-03-31": "-22.79700", "2017-12-31": -27.74, "2017-09-30": -35.762, "2017-06-30": -38.865, "2017-03-31": "-46.34600", "2016-12-31": -41.168, "2016-09-30": -37.417, "2016-06-30": -35.843, "2016-03-31": "-28.44600", "2015-12-31": -42.293, "2015-09-30": -34.159, "2015-06-30": -29.623, "2015-03-31": "-20.42400", "2014-12-31": -20.767, "2014-09-30": -18.295, "2014-06-30": -11.403, "2014-03-31": "-9.25100", "2013-12-31": -11.313, "2013-09-30": -15.314, "2013-06-30": -15.74, "2013-03-31": "-16.10900", "2012-12-31": -13.309, "2012-09-30": -8.477, "2012-06-30": -9.535, "2012-03-31": "-7.43200", "2011-12-31": -10.744, "2011-09-30": -7.981, "2011-06-30": -10.639, "2011-03-31": "-24.15100", "2010-12-31": -11.263, "2010-09-30": -7.107, "2010-06-30": -11.359, "2010-03-31": "-6.67700", "2009-12-31": -62.627, "2009-09-30": -11.368, "2009-06-30": -6.944, "2009-03-31": "-8.19400", "2008-12-31": -9.968, "2008-09-30": -8.633, "2008-06-30": -7.702, "2008-03-31": "-5.49600", "2007-12-31": -6.442, "2007-09-30": -4.899, "2007-06-30": -9.475, "2007-03-31": "-10.25600", "2006-12-31": -11.771, "2006-09-30": -4.357, "2006-06-30": -2.296, "2006-03-31": "-4.32900", "2005-12-31": 5.396, "2005-09-30": -2.431, "2005-06-30": -3.881, "2005-03-31": "-3.19300"}, "Net Change In Intangible Assets": {"2020-12-31": 0, "2020-09-30": 0, "2020-06-30": 0, "2020-03-31": "", "2019-12-31": 0, "2019-09-30": 0, "2019-06-30": 0, "2019-03-31": "", "2018-12-31": 0, "2018-09-30": 0, "2018-06-30": 0, "2018-03-31": "", "2017-12-31": 0, "2017-09-30": 0, "2017-06-30": 0, "2017-03-31": "", "2016-12-31": 0, "2016-09-30": 0, "2016-06-30": 0, "2016-03-31": "", "2015-12-31": 0, "2015-09-30": 0, "2015-06-30": 0, "2015-03-31": "", "2014-12-31": 0, "2014-09-30": 0, "2014-06-30": 0, "2014-03-31": "", "2013-12-31": 0, "2013-09-30": 0, "2013-06-30": 0, "2013-03-31": "", "2012-12-31": 0, "2012-09-30": 0, "2012-06-30": 0, "2012-03-31": "", "2011-12-31": 0, "2011-09-30": 0, "2011-06-30": 0, "2011-03-31": "", "2010-12-31": 0, "2010-09-30": 0, "2010-06-30": 0, "2010-03-31": "", "2009-12-31": 0, "2009-09-30": 0, "2009-06-30": 0, "2009-03-31": "", "2008-12-31": 0, "2008-09-30": 0, "2008-06-30": 0, "2008-03-31": "", "2007-12-31": -2.9, "2007-09-30": 0, "2007-06-30": 0, "2007-03-31": "", "2006-12-31": -4.476, "2006-09-30": 0, "2006-06-30": 0, "2006-03-31": "", "2005-12-31": 0, "2005-09-30": 0, "2005-06-30": 0, "2005-03-31": ""}, "Net Acquisitions/Divestitures": {"2020-12-31": 0, "2020-09-30": 0, "2020-06-30": 0, "2020-03-31": "", "2019-12-31": 0, "2019-09-30": 0, "2019-06-30": 0, "2019-03-31": "", "2018-12-31": 0, "2018-09-30": 0, "2018-06-30": 0, "2018-03-31": "", "2017-12-31": 0, "2017-09-30": -183.93, "2017-06-30": 0, "2017-03-31": "", "2016-12-31": 0, "2016-09-30": 0, "2016-06-30": 0, "2016-03-31": "", "2015-12-31": 0, "2015-09-30": 0, "2015-06-30": 0, "2015-03-31": "", "2014-12-31": 0, "2014-09-30": 0, "2014-06-30": 0, "2014-03-31": "", "2013-12-31": 0, "2013-09-30": 140.011, "2013-06-30": 0, "2013-03-31": "", "2012-12-31": 0, "2012-09-30": 0, "2012-06-30": 0, "2012-03-31": "", "2011-12-31": 0, "2011-09-30": 0, "2011-06-30": 0, "2011-03-31": "", "2010-12-31": 0, "2010-09-30": 0.67, "2010-06-30": 1.778, "2010-03-31": "-43.74800", "2009-12-31": 0, "2009-09-30": 0, "2009-06-30": 0, "2009-03-31": "", "2008-12-31": -0.082, "2008-09-30": -14.721, "2008-06-30": 0, "2008-03-31": "", "2007-12-31": 2.65, "2007-09-30": -0.25, "2007-06-30": -0.25, "2007-03-31": "-2.15000", "2006-12-31": 0, "2006-09-30": 0, "2006-06-30": 0, "2006-03-31": "", "2005-12-31": 0, "2005-09-30": 0, "2005-06-30": 0, "2005-03-31": ""}, "Net Change In Short-term Investments": {"2020-12-31": 0, "2020-09-30": 0, "2020-06-30": 0, "2020-03-31": "", "2019-12-31": 0, "2019-09-30": 0, "2019-06-30": 0, "2019-03-31": "", "2018-12-31": 0, "2018-09-30": 0, "2018-06-30": 0, "2018-03-31": "", "2017-12-31": 0, "2017-09-30": 0, "2017-06-30": 0, "2017-03-31": "", "2016-12-31": 0, "2016-09-30": 0, "2016-06-30": 0, "2016-03-31": "", "2015-12-31": 0, "2015-09-30": 0, "2015-06-30": 0, "2015-03-31": "", "2014-12-31": 0, "2014-09-30": 0, "2014-06-30": 0, "2014-03-31": "", "2013-12-31": 0, "2013-09-30": 0, "2013-06-30": 0, "2013-03-31": "", "2012-12-31": -6.303, "2012-09-30": 6.303, "2012-06-30": 0, "2012-03-31": "", "2011-12-31": -0.3, "2011-09-30": 0, "2011-06-30": 0, "2011-03-31": "0.30000", "2010-12-31": 0, "2010-09-30": 0, "2010-06-30": 0, "2010-03-31": "0.00000", "2009-12-31": 0, "2009-09-30": -0.3, "2009-06-30": 0, "2009-03-31": "", "2008-12-31": 0, "2008-09-30": 0, "2008-06-30": 0, "2008-03-31": "", "2007-12-31": 0, "2007-09-30": 0, "2007-06-30": 0, "2007-03-31": "", "2006-12-31": 0, "2006-09-30": 0, "2006-06-30": 0, "2006-03-31": "", "2005-12-31": 0, "2005-09-30": 0, "2005-06-30": 0, "2005-03-31": ""}, "Net Change In Long-Term Investments": {"2020-12-31": 0, "2020-09-30": 0, "2020-06-30": 0, "2020-03-31": "", "2019-12-31": 0, "2019-09-30": 0, "2019-06-30": 0, "2019-03-31": "", "2018-12-31": 0, "2018-09-30": 0, "2018-06-30": 0, "2018-03-31": "", "2017-12-31": 0, "2017-09-30": 0, "2017-06-30": 0, "2017-03-31": "", "2016-12-31": 0, "2016-09-30": 0, "2016-06-30": 0, "2016-03-31": "", "2015-12-31": 0, "2015-09-30": 0, "2015-06-30": 0, "2015-03-31": "", "2014-12-31": 0, "2014-09-30": 0, "2014-06-30": 0, "2014-03-31": "", "2013-12-31": 0, "2013-09-30": 0, "2013-06-30": 0, "2013-03-31": "", "2012-12-31": 0, "2012-09-30": 0, "2012-06-30": 0, "2012-03-31": "", "2011-12-31": 0, "2011-09-30": 0, "2011-06-30": 0, "2011-03-31": "", "2010-12-31": 0, "2010-09-30": 0, "2010-06-30": 0, "2010-03-31": "", "2009-12-31": 0, "2009-09-30": 0, "2009-06-30": 0, "2009-03-31": "", "2008-12-31": 0, "2008-09-30": 0, "2008-06-30": 0, "2008-03-31": "", "2007-12-31": 0, "2007-09-30": 0, "2007-06-30": 0, "2007-03-31": "", "2006-12-31": 0, "2006-09-30": 0, "2006-06-30": 0, "2006-03-31": "", "2005-12-31": 0, "2005-09-30": 0, "2005-06-30": 0, "2005-03-31": ""}, "Net Change In Investments - Total": {"2020-12-31": 0, "2020-09-30": 0, "2020-06-30": 0, "2020-03-31": "", "2019-12-31": 0, "2019-09-30": 0, "2019-06-30": 0, "2019-03-31": "", "2018-12-31": 0, "2018-09-30": 0, "2018-06-30": 0, "2018-03-31": "", "2017-12-31": 0, "2017-09-30": 0, "2017-06-30": 0, "2017-03-31": "", "2016-12-31": 0, "2016-09-30": 0, "2016-06-30": 0, "2016-03-31": "", "2015-12-31": 0, "2015-09-30": 0, "2015-06-30": 0, "2015-03-31": "", "2014-12-31": 0, "2014-09-30": 0, "2014-06-30": 0, "2014-03-31": "", "2013-12-31": 0, "2013-09-30": 0, "2013-06-30": 0, "2013-03-31": "", "2012-12-31": -6.303, "2012-09-30": 6.303, "2012-06-30": 0, "2012-03-31": "", "2011-12-31": -0.3, "2011-09-30": 0, "2011-06-30": 0, "2011-03-31": "0.30000", "2010-12-31": 0, "2010-09-30": 0, "2010-06-30": 0, "2010-03-31": "", "2009-12-31": 0, "2009-09-30": -0.3, "2009-06-30": 0, "2009-03-31": "", "2008-12-31": 0, "2008-09-30": 0, "2008-06-30": 0, "2008-03-31": "", "2007-12-31": 0, "2007-09-30": 0, "2007-06-30": 0, "2007-03-31": "", "2006-12-31": 0, "2006-09-30": 0, "2006-06-30": 0, "2006-03-31": "", "2005-12-31": 0, "2005-09-30": 0, "2005-06-30": 0, "2005-03-31": ""}, "Investing Activities - Other": {"2020-12-31": 0.927, "2020-09-30": 0, "2020-06-30": -0.927, "2020-03-31": "", "2019-12-31": 0, "2019-09-30": 0, "2019-06-30": 0, "2019-03-31": "", "2018-12-31": 0.034, "2018-09-30": 2.423, "2018-06-30": 12.15, "2018-03-31": "", "2017-12-31": 0, "2017-09-30": 0, "2017-06-30": 0, "2017-03-31": "-2.00000", "2016-12-31": 0, "2016-09-30": 5.294, "2016-06-30": -2.094, "2016-03-31": "-3.68700", "2015-12-31": 1.199, "2015-09-30": -3.885, "2015-06-30": 2.333, "2015-03-31": "-2.87100", "2014-12-31": -2.619, "2014-09-30": 0.145, "2014-06-30": -2.128, "2014-03-31": "-2.28800", "2013-12-31": 0.994, "2013-09-30": -0.949, "2013-06-30": 5.551, "2013-03-31": "1.33300", "2012-12-31": 6.53, "2012-09-30": -1.784, "2012-06-30": -5.566, "2012-03-31": "0.78700", "2011-12-31": -1.465, "2011-09-30": -11.163, "2011-06-30": -5.382, "2011-03-31": "0.56900", "2010-12-31": 8.819, "2010-09-30": -7.549, "2010-06-30": -8.84, "2010-03-31": "-2.63000", "2009-12-31": 43.603, "2009-09-30": -20.701, "2009-06-30": -18.061, "2009-03-31": "-11.11100", "2008-12-31": -24.274, "2008-09-30": -10.248, "2008-06-30": -14.132, "2008-03-31": "-3.61600", "2007-12-31": -1.25, "2007-09-30": -2.227, "2007-06-30": 22.408, "2007-03-31": "-1.79000", "2006-12-31": 0.018, "2006-09-30": 5.281, "2006-06-30": 0.083, "2006-03-31": "", "2005-12-31": 0.064, "2005-09-30": -0.121, "2005-06-30": 0.064, "2005-03-31": "0.05700"}, "Cash Flow From Investing Activities": {"2020-12-31": 41.06, "2020-09-30": -0.045, "2020-06-30": -20.909, "2020-03-31": "-20.10600", "2019-12-31": -22.302, "2019-09-30": -13.913, "2019-06-30": -12.866, "2019-03-31": "-10.35300", "2018-12-31": -19.468, "2018-09-30": -10.112, "2018-06-30": -7.654, "2018-03-31": "-22.79700", "2017-12-31": -27.74, "2017-09-30": -219.692, "2017-06-30": -38.865, "2017-03-31": "-48.34600", "2016-12-31": -41.168, "2016-09-30": -32.123, "2016-06-30": -37.937, "2016-03-31": "-32.13300", "2015-12-31": -41.094, "2015-09-30": -38.044, "2015-06-30": -27.29, "2015-03-31": "-23.29500", "2014-12-31": -23.386, "2014-09-30": -18.15, "2014-06-30": -13.531, "2014-03-31": "-11.53900", "2013-12-31": -10.319, "2013-09-30": 123.748, "2013-06-30": -10.189, "2013-03-31": "-14.77600", "2012-12-31": -13.082, "2012-09-30": -3.958, "2012-06-30": -15.101, "2012-03-31": "-6.64500", "2011-12-31": -12.509, "2011-09-30": -19.144, "2011-06-30": -16.021, "2011-03-31": "-23.28200", "2010-12-31": -2.444, "2010-09-30": -13.986, "2010-06-30": -18.421, "2010-03-31": "-53.05500", "2009-12-31": -19.024, "2009-09-30": -32.369, "2009-06-30": -25.005, "2009-03-31": "-19.30500", "2008-12-31": -34.324, "2008-09-30": -33.602, "2008-06-30": -21.834, "2008-03-31": "-9.11200", "2007-12-31": -7.942, "2007-09-30": -7.376, "2007-06-30": 12.683, "2007-03-31": "-14.19600", "2006-12-31": -16.229, "2006-09-30": 0.924, "2006-06-30": -2.213, "2006-03-31": "-4.32900", "2005-12-31": 5.46, "2005-09-30": -2.552, "2005-06-30": -3.817, "2005-03-31": "-3.13600"}, "Net Long-Term Debt": {"2020-12-31": 0, "2020-09-30": -47.059, "2020-06-30": -50.365, "2020-03-31": "97.42400", "2019-12-31": -123.451, "2019-09-30": 87.296, "2019-06-30": -103.368, "2019-03-31": "16.07200", "2018-12-31": 168.129, "2018-09-30": 0, "2018-06-30": -22, "2018-03-31": "22.00000", "2017-12-31": -156, "2017-09-30": 0, "2017-06-30": 156, "2017-03-31": "94.00000", "2016-12-31": 11, "2016-09-30": 0, "2016-06-30": -45, "2016-03-31": "45.00000", "2015-12-31": 131, "2015-09-30": 0, "2015-06-30": -10, "2015-03-31": "10.00000", "2014-12-31": 0, "2014-09-30": 0, "2014-06-30": 0, "2014-03-31": "", "2013-12-31": -3.088, "2013-09-30": -0.316, "2013-06-30": 2.593, "2013-03-31": "0.81100", "2012-12-31": 347.545, "2012-09-30": 4.644, "2012-06-30": -219.031, "2012-03-31": "-0.93800", "2011-12-31": 0.663, "2011-09-30": -40.161, "2011-06-30": 44.033, "2011-03-31": "-0.73700", "2010-12-31": 0.629, "2010-09-30": -0.85, "2010-06-30": -0.834, "2010-03-31": "-31.11300", "2009-12-31": 13.668, "2009-09-30": 17.404, "2009-06-30": 59.293, "2009-03-31": "-35.54600", "2008-12-31": -18.87, "2008-09-30": 40.851, "2008-06-30": 10.318, "2008-03-31": "5.16600", "2007-12-31": 0.187, "2007-09-30": -0.834, "2007-06-30": 5.423, "2007-03-31": "-0.41800", "2006-12-31": 0.093, "2006-09-30": -0.163, "2006-06-30": -0.161, "2006-03-31": "-0.15900", "2005-12-31": -0.156, "2005-09-30": -0.153, "2005-06-30": -0.151, "2005-03-31": "-0.14900"}, "Net Current Debt": {"2020-12-31": 34.678, "2020-09-30": -34.678, "2020-06-30": 21.16, "2020-03-31": "-21.16000", "2019-12-31": 126.262, "2019-09-30": -126.262, "2019-06-30": 19.579, "2019-03-31": "-19.57900", "2018-12-31": -215.619, "2018-09-30": 58.619, "2018-06-30": 157, "2018-03-31": "", "2017-12-31": 146, "2017-09-30": -16.426, "2017-06-30": -129.574, "2017-03-31": "", "2016-12-31": -35, "2016-09-30": 10, "2016-06-30": 25, "2016-03-31": "", "2015-12-31": -144, "2015-09-30": 146, "2015-06-30": -2, "2015-03-31": "", "2014-12-31": -21, "2014-09-30": 31, "2014-06-30": -2, "2014-03-31": "6.00000", "2013-12-31": 0, "2013-09-30": -15, "2013-06-30": -61, "2013-03-31": "1.00000", "2012-12-31": -63, "2012-09-30": -50, "2012-06-30": 188, "2012-03-31": "-22.00000", "2011-12-31": -33, "2011-09-30": 51, "2011-06-30": -37, "2011-03-31": "37.00000", "2010-12-31": -16, "2010-09-30": 0.435, "2010-06-30": 18.801, "2010-03-31": "0.76400", "2009-12-31": -1.897, "2009-09-30": 0.486, "2009-06-30": -42.016, "2009-03-31": "1.52700", "2008-12-31": 38.287, "2008-09-30": 0.572, "2008-06-30": -0.296, "2008-03-31": "-1.91300", "2007-12-31": 2.724, "2007-09-30": 0.465, "2007-06-30": -0.308, "2007-03-31": "0.81900", "2006-12-31": -1.717, "2006-09-30": 0.152, "2006-06-30": 0.528, "2006-03-31": "-0.63600", "2005-12-31": -0.439, "2005-09-30": -35.51, "2005-06-30": 4.937, "2005-03-31": "0.21900"}, "Debt Issuance/Retirement Net - Total": {"2020-12-31": 34.678, "2020-09-30": -81.737, "2020-06-30": -29.205, "2020-03-31": "76.26400", "2019-12-31": 2.811, "2019-09-30": -38.966, "2019-06-30": -83.789, "2019-03-31": "-3.50700", "2018-12-31": -47.49, "2018-09-30": 58.619, "2018-06-30": 135, "2018-03-31": "22.00000", "2017-12-31": -10, "2017-09-30": -16.426, "2017-06-30": 26.426, "2017-03-31": "94.00000", "2016-12-31": -24, "2016-09-30": 10, "2016-06-30": -20, "2016-03-31": "45.00000", "2015-12-31": -13, "2015-09-30": 146, "2015-06-30": -12, "2015-03-31": "10.00000", "2014-12-31": -21, "2014-09-30": 31, "2014-06-30": -2, "2014-03-31": "6.00000", "2013-12-31": -3.088, "2013-09-30": -15.316, "2013-06-30": -58.407, "2013-03-31": "1.81100", "2012-12-31": 284.545, "2012-09-30": -45.356, "2012-06-30": -31.031, "2012-03-31": "-22.93800", "2011-12-31": -32.337, "2011-09-30": 10.839, "2011-06-30": 7.033, "2011-03-31": "36.26300", "2010-12-31": -15.371, "2010-09-30": -0.415, "2010-06-30": 17.967, "2010-03-31": "-30.34900", "2009-12-31": 11.771, "2009-09-30": 17.89, "2009-06-30": 17.277, "2009-03-31": "-34.01900", "2008-12-31": 19.417, "2008-09-30": 41.423, "2008-06-30": 10.022, "2008-03-31": "3.25300", "2007-12-31": 2.911, "2007-09-30": -0.369, "2007-06-30": 5.115, "2007-03-31": "0.40100", "2006-12-31": -1.624, "2006-09-30": -0.011, "2006-06-30": 0.367, "2006-03-31": "-0.79500", "2005-12-31": -0.595, "2005-09-30": -35.663, "2005-06-30": 4.786, "2005-03-31": "0.07000"}, "Net Common Equity Issued/Repurchased": {"2020-12-31": 101.434, "2020-09-30": -1.434, "2020-06-30": -20.527, "2020-03-31": "-79.47300", "2019-12-31": 0, "2019-09-30": 0, "2019-06-30": 0, "2019-03-31": "", "2018-12-31": -83.367, "2018-09-30": -25.333, "2018-06-30": -122.684, "2018-03-31": "-0.63200", "2017-12-31": -25.998, "2017-09-30": 0, "2017-06-30": 0, "2017-03-31": "", "2016-12-31": 0, "2016-09-30": 0, "2016-06-30": 0, "2016-03-31": "-35.81500", "2015-12-31": -14.315, "2015-09-30": -172.609, "2015-06-30": -6.958, "2015-03-31": "-1.04200", "2014-12-31": -39.173, "2014-09-30": -46.469, "2014-06-30": -85.806, "2014-03-31": "-77.06100", "2013-12-31": -51.039, "2013-09-30": -14.358, "2013-06-30": -4.29, "2013-03-31": "-22.50800", "2012-12-31": 0, "2012-09-30": 0, "2012-06-30": 0, "2012-03-31": "", "2011-12-31": -12.271, "2011-09-30": -54.38, "2011-06-30": -4.019, "2011-03-31": "-27.42300", "2010-12-31": -32.478, "2010-09-30": -9.749, "2010-06-30": -64.927, "2010-03-31": "-14.27200", "2009-12-31": 0.009, "2009-09-30": 0.009, "2009-06-30": 0, "2009-03-31": "0.02200", "2008-12-31": 0.069, "2008-09-30": -19.984, "2008-06-30": 0.053, "2008-03-31": "-6.63300", "2007-12-31": -33.154, "2007-09-30": -50.001, "2007-06-30": 0, "2007-03-31": "0.02700", "2006-12-31": 0.026, "2006-09-30": 0.118, "2006-06-30": 0.25, "2006-03-31": "0.46200", "2005-12-31": 0.085, "2005-09-30": 0.126, "2005-06-30": 0.223, "2005-03-31": "0.00400"}, "Net Total Equity Issued/Repurchased": {"2020-12-31": 101.434, "2020-09-30": -1.434, "2020-06-30": -20.527, "2020-03-31": "-79.47300", "2019-12-31": 0, "2019-09-30": 0, "2019-06-30": 0, "2019-03-31": "", "2018-12-31": -83.367, "2018-09-30": -25.333, "2018-06-30": -122.684, "2018-03-31": "-0.63200", "2017-12-31": -25.998, "2017-09-30": 0, "2017-06-30": 0, "2017-03-31": "", "2016-12-31": 0, "2016-09-30": 0, "2016-06-30": 0, "2016-03-31": "-35.81500", "2015-12-31": -14.315, "2015-09-30": -172.609, "2015-06-30": -6.958, "2015-03-31": "-1.04200", "2014-12-31": -39.173, "2014-09-30": -46.469, "2014-06-30": -85.806, "2014-03-31": "-77.06100", "2013-12-31": -51.039, "2013-09-30": -14.358, "2013-06-30": -4.29, "2013-03-31": "-22.50800", "2012-12-31": 0, "2012-09-30": 0, "2012-06-30": 0, "2012-03-31": "", "2011-12-31": -12.271, "2011-09-30": -54.38, "2011-06-30": -4.019, "2011-03-31": "-27.42300", "2010-12-31": -32.478, "2010-09-30": -9.749, "2010-06-30": -64.927, "2010-03-31": "-14.27200", "2009-12-31": 0.009, "2009-09-30": 0.009, "2009-06-30": 0, "2009-03-31": "0.02200", "2008-12-31": 0.069, "2008-09-30": -19.984, "2008-06-30": 0.053, "2008-03-31": "-6.63300", "2007-12-31": -33.154, "2007-09-30": -50.001, "2007-06-30": 0, "2007-03-31": "0.02700", "2006-12-31": 0.026, "2006-09-30": 0.118, "2006-06-30": 0.25, "2006-03-31": "0.46200", "2005-12-31": 0.085, "2005-09-30": 0.126, "2005-06-30": 0.223, "2005-03-31": "0.00400"}, "Total Common And Preferred Stock Dividends Paid": {"2020-12-31": 62.667, "2020-09-30": -20.751, "2020-06-30": -41.916, "2020-03-31": "", "2019-12-31": -21.258, "2019-09-30": -21.26, "2019-06-30": -39.158, "2019-03-31": "", "2018-12-31": -19.67, "2018-09-30": -19.957, "2018-06-30": -20.192, "2018-03-31": "-20.62900", "2017-12-31": -20.658, "2017-09-30": -20.743, "2017-06-30": -20.743, "2017-03-31": "-20.74100", "2016-12-31": -18.954, "2016-09-30": -18.958, "2016-06-30": -18.958, "2016-03-31": "-18.95900", "2015-12-31": -19.158, "2015-09-30": -16.781, "2015-06-30": -17.403, "2015-03-31": "-17.42100", "2014-12-31": -17.438, "2014-09-30": -13.807, "2014-06-30": -13.955, "2014-03-31": "-14.20000", "2013-12-31": -14.454, "2013-09-30": -11.934, "2013-06-30": -11.982, "2013-03-31": "-11.99800", "2012-12-31": -345.51, "2012-09-30": -10.064, "2012-06-30": -10.053, "2012-03-31": "-10.05400", "2011-12-31": -10.054, "2011-09-30": -15.233, "2011-06-30": -6.398, "2011-03-31": "-0.90300", "2010-12-31": -6.212, "2010-09-30": -5.359, "2010-06-30": -5.396, "2010-03-31": "-5.64100", "2009-12-31": -5.703, "2009-09-30": -3.802, "2009-06-30": -3.801, "2009-03-31": "-3.04100", "2008-12-31": -3.041, "2008-09-30": -5.843, "2008-06-30": -3.093, "2008-03-31": "-3.15400", "2007-12-31": -1.946, "2007-09-30": -2.35, "2007-06-30": -0.183, "2007-03-31": "-2.16200", "2006-12-31": -2.155, "2006-09-30": -4.324, "2006-06-30": 0, "2006-03-31": "-2.14800", "2005-12-31": 0, "2005-09-30": 0, "2005-06-30": 0, "2005-03-31": ""}, "Financial Activities - Other": {"2020-12-31": 1.431, "2020-09-30": -3.648, "2020-06-30": 4.902, "2020-03-31": "-2.68500", "2019-12-31": -1.053, "2019-09-30": -0.666, "2019-06-30": -0.62, "2019-03-31": "-0.61300", "2018-12-31": -0.85, "2018-09-30": -0.072, "2018-06-30": -0.072, "2018-03-31": "-0.09800", "2017-12-31": -1.045, "2017-09-30": -1.592, "2017-06-30": -0.009, "2017-03-31": "-1.44700", "2016-12-31": 0.346, "2016-09-30": -0.006, "2016-06-30": -0.007, "2016-03-31": "-3.06600", "2015-12-31": -1.595, "2015-09-30": 3.826, "2015-06-30": 0, "2015-03-31": "-3.02200", "2014-12-31": -5.893, "2014-09-30": 4.583, "2014-06-30": 0.01, "2014-03-31": "-0.16100", "2013-12-31": -1.135, "2013-09-30": 0, "2013-06-30": -0.03, "2013-03-31": "-1.11500", "2012-12-31": -4.116, "2012-09-30": 0, "2012-06-30": -0.018, "2012-03-31": "-2.35100", "2011-12-31": -0.01, "2011-09-30": 0.002, "2011-06-30": 0.036, "2011-03-31": "-2.23300", "2010-12-31": -2.007, "2010-09-30": -0.25, "2010-06-30": -0.25, "2010-03-31": "-1.77400", "2009-12-31": -0.303, "2009-09-30": -0.25, "2009-06-30": -0.359, "2009-03-31": "-0.55300", "2008-12-31": -0.445, "2008-09-30": -0.25, "2008-06-30": -0.036, "2008-03-31": "0.43600", "2007-12-31": 0, "2007-09-30": -1.713, "2007-06-30": -0.035, "2007-03-31": "-0.09400", "2006-12-31": -3.494, "2006-09-30": 0.739, "2006-06-30": 0.072, "2006-03-31": "0.57600", "2005-12-31": 0, "2005-09-30": 0, "2005-06-30": 0, "2005-03-31": ""}, "Cash Flow From Financial Activities": {"2020-12-31": 200.21, "2020-09-30": -107.57, "2020-06-30": -86.746, "2020-03-31": "-5.89400", "2019-12-31": -19.5, "2019-09-30": -60.892, "2019-06-30": -123.567, "2019-03-31": "-4.12000", "2018-12-31": -151.377, "2018-09-30": 13.257, "2018-06-30": -7.948, "2018-03-31": "0.64100", "2017-12-31": -57.701, "2017-09-30": -38.761, "2017-06-30": 5.674, "2017-03-31": "71.81200", "2016-12-31": -42.608, "2016-09-30": -8.964, "2016-06-30": -38.965, "2016-03-31": "-12.84000", "2015-12-31": -48.068, "2015-09-30": -39.564, "2015-06-30": -36.361, "2015-03-31": "-11.48500", "2014-12-31": -83.504, "2014-09-30": -24.693, "2014-06-30": -101.751, "2014-03-31": "-85.42200", "2013-12-31": -69.716, "2013-09-30": -41.608, "2013-06-30": -74.709, "2013-03-31": "-33.81000", "2012-12-31": -65.081, "2012-09-30": -55.42, "2012-06-30": -41.102, "2012-03-31": "-35.34300", "2011-12-31": -54.672, "2011-09-30": -58.772, "2011-06-30": -3.348, "2011-03-31": "5.70400", "2010-12-31": -56.068, "2010-09-30": -15.773, "2010-06-30": -52.606, "2010-03-31": "-52.03600", "2009-12-31": 5.774, "2009-09-30": 13.847, "2009-06-30": 13.117, "2009-03-31": "-37.59100", "2008-12-31": 16, "2008-09-30": 15.346, "2008-06-30": 6.946, "2008-03-31": "-6.09800", "2007-12-31": -32.189, "2007-09-30": -54.433, "2007-06-30": 4.897, "2007-03-31": "-1.82800", "2006-12-31": -7.247, "2006-09-30": -3.478, "2006-06-30": 0.689, "2006-03-31": "-1.90500", "2005-12-31": -0.51, "2005-09-30": -35.537, "2005-06-30": 5.009, "2005-03-31": "0.07400"}, "Net Cash Flow": {"2020-12-31": 26.696, "2020-09-30": 15.637, "2020-06-30": -76.598, "2020-03-31": "34.26500", "2019-12-31": 64.426, "2019-09-30": 6.752, "2019-06-30": -5.028, "2019-03-31": "5.20700", "2018-12-31": -74.895, "2018-09-30": 38.146, "2018-06-30": 36.959, "2018-03-31": "-11.33600", "2017-12-31": -20.83, "2017-09-30": -173.039, "2017-06-30": 26.791, "2017-03-31": "59.09000", "2016-12-31": 4.246, "2016-09-30": 29.772, "2016-06-30": 35.88, "2016-03-31": "28.83200", "2015-12-31": -16.903, "2015-09-30": -15.845, "2015-06-30": 6.929, "2015-03-31": "16.24000", "2014-12-31": -38.533, "2014-09-30": 27.892, "2014-06-30": -33.013, "2014-03-31": "-92.04600", "2013-12-31": -8.562, "2013-09-30": 173.72, "2013-06-30": 9.532, "2013-03-31": "-25.11600", "2012-12-31": 9.422, "2012-09-30": 30.352, "2012-06-30": -23.391, "2012-03-31": "22.37600", "2011-12-31": -4.092, "2011-09-30": -6.426, "2011-06-30": 11.085, "2011-03-31": "0.61100", "2010-12-31": -1.091, "2010-09-30": 3.677, "2010-06-30": -41.365, "2010-03-31": "-63.86000", "2009-12-31": 18.061, "2009-09-30": 21.722, "2009-06-30": 52.538, "2009-03-31": "37.74900", "2008-12-31": -11.73, "2008-09-30": -6.301, "2008-06-30": -8.238, "2008-03-31": "-23.84200", "2007-12-31": -11.075, "2007-09-30": -25.418, "2007-06-30": 35.464, "2007-03-31": "12.60100", "2006-12-31": -26.37, "2006-09-30": 22.798, "2006-06-30": 7.407, "2006-03-31": "0.05200", "2005-12-31": 16.108, "2005-09-30": 8.852, "2005-06-30": 6.073, "2005-03-31": "-3.39800"}, "Stock-Based Compensation": {"2020-12-31": 0, "2020-09-30": 0, "2020-06-30": 0, "2020-03-31": "", "2019-12-31": 0, "2019-09-30": 0, "2019-06-30": 0, "2019-03-31": "", "2018-12-31": 0, "2018-09-30": 0, "2018-06-30": 0, "2018-03-31": "", "2017-12-31": 0, "2017-09-30": 0, "2017-06-30": 0, "2017-03-31": "", "2016-12-31": 0, "2016-09-30": 0, "2016-06-30": 0, "2016-03-31": "", "2015-12-31": 0, "2015-09-30": 0, "2015-06-30": 0, "2015-03-31": "", "2014-12-31": 0, "2014-09-30": 0, "2014-06-30": 0, "2014-03-31": "", "2013-12-31": 0, "2013-09-30": 0, "2013-06-30": 0, "2013-03-31": "", "2012-12-31": 0, "2012-09-30": 0, "2012-06-30": 0, "2012-03-31": "", "2011-12-31": 0, "2011-09-30": 0, "2011-06-30": 0, "2011-03-31": "", "2010-12-31": 0, "2010-09-30": 0, "2010-06-30": 0, "2010-03-31": "", "2009-12-31": 0, "2009-09-30": 0, "2009-06-30": 0, "2009-03-31": "", "2008-12-31": 0, "2008-09-30": 0, "2008-06-30": 0, "2008-03-31": "", "2007-12-31": 0, "2007-09-30": 0, "2007-06-30": 0, "2007-03-31": "", "2006-12-31": 0.744, "2006-09-30": 0, "2006-06-30": 0, "2006-03-31": "", "2005-12-31": 0, "2005-09-30": 0, "2005-06-30": 0, "2005-03-31": ""}, "Common Stock Dividends Paid": {"2020-12-31": 62.667, "2020-09-30": -20.751, "2020-06-30": -41.916, "2020-03-31": "", "2019-12-31": -21.258, "2019-09-30": -21.26, "2019-06-30": -39.158, "2019-03-31": "", "2018-12-31": -19.67, "2018-09-30": -19.957, "2018-06-30": -20.192, "2018-03-31": "-20.62900", "2017-12-31": -20.658, "2017-09-30": -20.743, "2017-06-30": -20.743, "2017-03-31": "-20.74100", "2016-12-31": -18.954, "2016-09-30": -18.958, "2016-06-30": -18.958, "2016-03-31": "-18.95900", "2015-12-31": -19.158, "2015-09-30": -16.781, "2015-06-30": -17.403, "2015-03-31": "-17.42100", "2014-12-31": -17.438, "2014-09-30": -13.807, "2014-06-30": -13.955, "2014-03-31": "-14.20000", "2013-12-31": -14.454, "2013-09-30": -11.934, "2013-06-30": -11.982, "2013-03-31": "-11.99800", "2012-12-31": -345.51, "2012-09-30": -10.064, "2012-06-30": -10.053, "2012-03-31": "-10.05400", "2011-12-31": -10.054, "2011-09-30": -15.233, "2011-06-30": -6.398, "2011-03-31": "-0.90300", "2010-12-31": -6.212, "2010-09-30": -5.359, "2010-06-30": -5.396, "2010-03-31": "-5.64100", "2009-12-31": -5.703, "2009-09-30": -3.802, "2009-06-30": -3.801, "2009-03-31": "-3.04100", "2008-12-31": -3.041, "2008-09-30": -5.843, "2008-06-30": -3.093, "2008-03-31": "-3.15400", "2007-12-31": -1.946, "2007-09-30": -2.35, "2007-06-30": -0.183, "2007-03-31": "-2.16200", "2006-12-31": -2.155, "2006-09-30": -4.324, "2006-06-30": 0, "2006-03-31": "-2.14800", "2005-12-31": 0, "2005-09-30": 0, "2005-06-30": 0, "2005-03-31": ""}}, "financial ratios": {"Current Ratio": {"2019-12-31": "2.84690", "2018-12-31": "2.99820", "2017-12-31": "2.63150", "2016-12-31": "2.84080", "2015-12-31": "2.91410", "2014-12-31": "3.07000", "2013-12-31": "3.62390", "2012-12-31": "3.39450", "2011-12-31": "3.14660", "2010-12-31": "2.92060", "2009-12-31": "3.04540", "2008-12-31": "3.28280", "2007-12-31": "2.78640", "2006-12-31": "2.88400", "2005-12-31": "2.46840"}, "Long-term Debt / Capital": {"2019-12-31": "0.48490", "2018-12-31": "0.61150", "2017-12-31": "0.50050", "2016-12-31": "0.51210", "2015-12-31": "0.55880", "2014-12-31": "0.46330", "2013-12-31": "0.37910", "2012-12-31": "0.51340", "2011-12-31": "0.29740", "2010-12-31": "0.30680", "2009-12-31": "0.32060", "2008-12-31": "0.44810", "2007-12-31": "0.33130", "2006-12-31": "0.33630", "2005-12-31": "0.36540"}, "Debt/Equity Ratio": {"2019-12-31": "0.94120", "2018-12-31": "1.57380", "2017-12-31": "1.00210", "2016-12-31": "1.04970", "2015-12-31": "1.26670", "2014-12-31": "0.86340", "2013-12-31": "0.61050", "2012-12-31": "1.05520", "2011-12-31": "0.44620", "2010-12-31": "0.45350", "2009-12-31": "0.55070", "2008-12-31": "0.81810", "2007-12-31": "0.51750", "2006-12-31": "0.51750", "2005-12-31": "0.59400"}, "Gross Margin": {"2019-12-31": "28.75730", "2018-12-31": "25.56530", "2017-12-31": "28.94770", "2016-12-31": "33.04210", "2015-12-31": "31.71930", "2014-12-31": "28.49280", "2013-12-31": "28.64890", "2012-12-31": "28.50450", "2011-12-31": "25.81610", "2010-12-31": "28.67820", "2009-12-31": "30.27600", "2008-12-31": "19.44400", "2007-12-31": "21.57090", "2006-12-31": "20.90450", "2005-12-31": "18.61920"}, "Operating Margin": {"2019-12-31": "15.40070", "2018-12-31": "12.78230", "2017-12-31": "14.68040", "2016-12-31": "17.31000", "2015-12-31": "16.66270", "2014-12-31": "15.53140", "2013-12-31": "15.42940", "2012-12-31": "16.20490", "2011-12-31": "15.59980", "2010-12-31": "15.98450", "2009-12-31": "17.14160", "2008-12-31": "7.19410", "2007-12-31": "7.90060", "2006-12-31": "7.87280", "2005-12-31": "4.62300"}, "EBIT Margin": {"2019-12-31": "15.40070", "2018-12-31": "12.78230", "2017-12-31": "14.68040", "2016-12-31": "17.31000", "2015-12-31": "16.66270", "2014-12-31": "15.53140", "2013-12-31": "15.42940", "2012-12-31": "16.20490", "2011-12-31": "15.59980", "2010-12-31": "15.98450", "2009-12-31": "17.14160", "2008-12-31": "7.19410", "2007-12-31": "7.90060", "2006-12-31": "7.87280", "2005-12-31": "4.62300"}, "EBITDA Margin": {"2019-12-31": "19.39830", "2018-12-31": "15.91640", "2017-12-31": "17.19770", "2016-12-31": "19.50040", "2015-12-31": "18.63690", "2014-12-31": "17.31000", "2013-12-31": "17.45290", "2012-12-31": "18.16660", "2011-12-31": "17.62730", "2010-12-31": "18.16180", "2009-12-31": "19.28660", "2008-12-31": "8.98510", "2007-12-31": "10.01900", "2006-12-31": "10.37360", "2005-12-31": "8.00690"}, "Pre-Tax Profit Margin": {"2019-12-31": "15.13910", "2018-12-31": "12.67800", "2017-12-31": "14.34870", "2016-12-31": "16.74630", "2015-12-31": "15.83360", "2014-12-31": "14.51990", "2013-12-31": "14.96750", "2012-12-31": "15.26160", "2011-12-31": "14.09380", "2010-12-31": "14.46520", "2009-12-31": "15.64420", "2008-12-31": "6.51190", "2007-12-31": "7.30420", "2006-12-31": "6.32960", "2005-12-31": "3.14240"}, "Net Profit Margin": {"2019-12-31": "11.60970", "2018-12-31": "10.25190", "2017-12-31": "8.66580", "2016-12-31": "11.85510", "2015-12-31": "11.12280", "2014-12-31": "9.97100", "2013-12-31": "11.60970", "2012-12-31": "10.83210", "2011-12-31": "9.67700", "2010-12-31": "9.85460", "2009-12-31": "10.60590", "2008-12-31": "4.52740", "2007-12-31": "6.93310", "2006-12-31": "4.55330", "2005-12-31": "3.94040"}, "Asset Turnover": {"2019-12-31": "1.16190", "2018-12-31": "1.34900", "2017-12-31": "1.28400", "2016-12-31": "1.44690", "2015-12-31": "1.66440", "2014-12-31": "1.89570", "2013-12-31": "1.71810", "2012-12-31": "1.74960", "2011-12-31": "1.79420", "2010-12-31": "1.69130", "2009-12-31": "1.49250", "2008-12-31": "1.99330", "2007-12-31": "1.78340", "2006-12-31": "1.69620", "2005-12-31": "1.53310"}, "Inventory Turnover Ratio": {"2019-12-31": "4.26420", "2018-12-31": "4.30010", "2017-12-31": "4.07730", "2016-12-31": "4.40520", "2015-12-31": "4.15710", "2014-12-31": "4.79300", "2013-12-31": "5.29090", "2012-12-31": "4.90090", "2011-12-31": "5.17020", "2010-12-31": "4.69200", "2009-12-31": "5.53060", "2008-12-31": "6.48000", "2007-12-31": "5.56700", "2006-12-31": "5.38420", "2005-12-31": "5.75850"}, "Receiveable Turnover": {"2019-12-31": "6.52210", "2018-12-31": "7.27200", "2017-12-31": "6.55620", "2016-12-31": "6.67760", "2015-12-31": "7.43430", "2014-12-31": "7.71260", "2013-12-31": "7.35960", "2012-12-31": "7.44600", "2011-12-31": "7.68190", "2010-12-31": "6.97340", "2009-12-31": "7.12060", "2008-12-31": "7.94610", "2007-12-31": "6.63580", "2006-12-31": "6.37250", "2005-12-31": "5.67690"}, "Days Sales In Receivables": {"2019-12-31": "55.96350", "2018-12-31": "50.19220", "2017-12-31": "55.67250", "2016-12-31": "54.66070", "2015-12-31": "49.09680", "2014-12-31": "47.32500", "2013-12-31": "49.59500", "2012-12-31": "49.01950", "2011-12-31": "47.51410", "2010-12-31": "52.34140", "2009-12-31": "51.25980", "2008-12-31": "45.93460", "2007-12-31": "55.00460", "2006-12-31": "57.27770", "2005-12-31": "64.29580"}, "ROE - Return On Equity": {"2019-12-31": "37.22540", "2018-12-31": "47.91400", "2017-12-31": "31.66450", "2016-12-31": "50.37570", "2015-12-31": "61.56480", "2014-12-31": "55.39960", "2013-12-31": "42.33520", "2012-12-31": "58.99280", "2011-12-31": "37.38350", "2010-12-31": "36.02740", "2009-12-31": "35.41870", "2008-12-31": "25.15330", "2007-12-31": "24.77860", "2006-12-31": "17.35590", "2005-12-31": "10.38560"}, "Return On Tangible Equity": {"2019-12-31": "46.13170", "2018-12-31": "66.33380", "2017-12-31": "41.65840", "2016-12-31": "51.48760", "2015-12-31": "63.34760", "2014-12-31": "57.71040", "2013-12-31": "44.13300", "2012-12-31": "63.84060", "2011-12-31": "40.16390", "2010-12-31": "39.79320", "2009-12-31": "39.28210", "2008-12-31": "30.89040", "2007-12-31": "28.93700", "2006-12-31": "20.95000", "2005-12-31": "12.78160"}, "ROA - Return On Assets": {"2019-12-31": "13.48900", "2018-12-31": "13.83010", "2017-12-31": "11.12690", "2016-12-31": "17.18690", "2015-12-31": "18.55030", "2014-12-31": "18.93420", "2013-12-31": "18.25900", "2012-12-31": "18.76780", "2011-12-31": "17.24120", "2010-12-31": "16.66680", "2009-12-31": "15.82950", "2008-12-31": "9.02420", "2007-12-31": "10.18890", "2006-12-31": "7.02360", "2005-12-31": "3.93880"}, "ROI - Return On Investment": {"2019-12-31": "19.17640", "2018-12-31": "18.61630", "2017-12-31": "15.81580", "2016-12-31": "24.57690", "2015-12-31": "27.16080", "2014-12-31": "29.73040", "2013-12-31": "26.28740", "2012-12-31": "28.70420", "2011-12-31": "26.26680", "2010-12-31": "24.97590", "2009-12-31": "24.06390", "2008-12-31": "13.88190", "2007-12-31": "16.56940", "2006-12-31": "11.51840", "2005-12-31": "6.59080"}, "Book Value Per Share": {"2019-12-31": "61.05090", "2018-12-31": "43.80430", "2017-12-31": "51.07810", "2016-12-31": "40.79450", "2015-12-31": "32.43760", "2014-12-31": "33.82940", "2013-12-31": "43.70170", "2012-12-31": "29.97500", "2011-12-31": "40.99910", "2010-12-31": "35.02960", "2009-12-31": "30.12390", "2008-12-31": "19.15410", "2007-12-31": "20.36540", "2006-12-31": "17.43220", "2005-12-31": "15.57550"}, "Operating Cash Flow Per Share": {"2019-12-31": 13.0127, "2018-12-31": -3.3469, "2017-12-31": -9.347, "2016-12-31": 7.9853, "2015-12-31": 3.3528, "2014-12-31": -2.3763, "2013-12-31": 0.5679, "2012-12-31": 6.8889, "2011-12-31": 2.2647, "2010-12-31": -3.6074, "2009-12-31": 13.467, "2008-12-31": -5.1239, "2007-12-31": 4.3322, "2006-12-31": -1.565, "2005-12-31": 3.6949}, "Free Cash Flow Per Share": {"2019-12-31": 14.1717, "2018-12-31": 2.7485, "2017-12-31": -9.8449, "2016-12-31": 6.24, "2015-12-31": -2.2684, "2014-12-31": -2.6878, "2013-12-31": -0.9425, "2012-12-31": 7.9008, "2011-12-31": 0.847, "2010-12-31": -0.245, "2009-12-31": 9.6804, "2008-12-31": -5.3524, "2007-12-31": 3.8069, "2006-12-31": -2.6348, "2005-12-31": 3.4576}}, "financial ratios, quarterly": {"Current Ratio": {"2020-09-30": "2.76580", "2020-06-30": "3.37640", "2020-03-31": "2.97510", "2019-12-31": "2.84690", "2019-09-30": "2.94830", "2019-06-30": "2.92590", "2019-03-31": "3.29320", "2018-12-31": "2.99820", "2018-09-30": "3.27730", "2018-06-30": "3.18850", "2018-03-31": "2.92540", "2017-12-31": "2.63150", "2017-09-30": "2.73980", "2017-06-30": "3.42640", "2017-03-31": "3.21920", "2016-12-31": "2.84080", "2016-09-30": "3.16740", "2016-06-30": "3.08770", "2016-03-31": "3.22270", "2015-12-31": "2.91410", "2015-09-30": "3.11940", "2015-06-30": "3.22780", "2015-03-31": "3.15540", "2014-12-31": "3.07000", "2014-09-30": "3.36870", "2014-06-30": "3.38550", "2014-03-31": "3.69560", "2013-12-31": "3.62390", "2013-09-30": "3.51560", "2013-06-30": "3.49040", "2013-03-31": "3.33810", "2012-12-31": "3.39450", "2012-09-30": "3.38230", "2012-06-30": "3.40880", "2012-03-31": "3.09190", "2011-12-31": "3.14660", "2011-09-30": "3.00810", "2011-06-30": "2.99730", "2011-03-31": "3.05480", "2010-12-31": "2.92060", "2010-09-30": "2.97540", "2010-06-30": "2.88000", "2010-03-31": "3.18520", "2009-12-31": "3.04540", "2009-09-30": "2.06680", "2009-06-30": "2.87220", "2009-03-31": "2.81460", "2008-12-31": "3.28280", "2008-09-30": "2.59900", "2008-06-30": "2.77800", "2008-03-31": "2.78740", "2007-12-31": "2.78640", "2007-09-30": "2.94800", "2007-06-30": "3.28520", "2007-03-31": "3.05910", "2006-12-31": "2.88400", "2006-09-30": "2.87940", "2006-06-30": "2.85310", "2006-03-31": "2.66060", "2005-12-31": "2.46840", "2005-09-30": "2.55210", "2005-06-30": "2.93130", "2005-03-31": "2.86830"}, "Long-term Debt / Capital": {"2020-09-30": "0.45690", "2020-06-30": "0.52070", "2020-03-31": "0.53670", "2019-12-31": "0.48490", "2019-09-30": "0.50420", "2019-06-30": "0.53530", "2019-03-31": "0.59230", "2018-12-31": "0.61150", "2018-09-30": "0.59200", "2018-06-30": "0.57900", "2018-03-31": "0.48830", "2017-12-31": "0.50050", "2017-09-30": "0.49320", "2017-06-30": "0.51830", "2017-03-31": "0.53110", "2016-12-31": "0.51210", "2016-09-30": "0.52700", "2016-06-30": "0.54670", "2016-03-31": "0.58040", "2015-12-31": "0.55880", "2015-09-30": "0.57430", "2015-06-30": "0.42140", "2015-03-31": "0.45750", "2014-12-31": "0.46330", "2014-09-30": "0.43740", "2014-06-30": "0.40770", "2014-03-31": "0.39850", "2013-12-31": "0.37910", "2013-09-30": "0.39330", "2013-06-30": "0.43860", "2013-03-31": "0.50410", "2012-12-31": "0.51340", "2012-09-30": "0.16130", "2012-06-30": "0.22430", "2012-03-31": "0.25460", "2011-12-31": "0.29740", "2011-09-30": "0.32370", "2011-06-30": "0.31610", "2011-03-31": "0.32770", "2010-12-31": "0.30680", "2010-09-30": "0.32860", "2010-06-30": "0.34720", "2010-03-31": "0.31280", "2009-12-31": "0.32060", "2009-09-30": "0.26720", "2009-06-30": "0.37760", "2009-03-31": "0.39030", "2008-12-31": "0.44810", "2008-09-30": "0.39180", "2008-06-30": "0.33200", "2008-03-31": "0.32890", "2007-12-31": "0.33130", "2007-09-30": "0.32870", "2007-06-30": "0.30400", "2007-03-31": "0.32420", "2006-12-31": "0.33630", "2006-09-30": "0.32390", "2006-06-30": "0.33770", "2006-03-31": "0.35390", "2005-12-31": "0.36540", "2005-09-30": "0.37210", "2005-06-30": "0.43220", "2005-03-31": "0.44150"}, "Debt/Equity Ratio": {"2020-09-30": "0.84130", "2020-06-30": "1.08660", "2020-03-31": "1.15840", "2019-12-31": "0.94120", "2019-09-30": "1.01690", "2019-06-30": "1.15210", "2019-03-31": "1.45300", "2018-12-31": "1.57380", "2018-09-30": "1.45100", "2018-06-30": "1.37530", "2018-03-31": "0.95430", "2017-12-31": "1.00210", "2017-09-30": "0.97330", "2017-06-30": "1.07580", "2017-03-31": "1.13260", "2016-12-31": "1.04970", "2016-09-30": "1.11410", "2016-06-30": "1.20600", "2016-03-31": "1.38340", "2015-12-31": "1.26670", "2015-09-30": "1.34930", "2015-06-30": "0.72840", "2015-03-31": "0.84340", "2014-12-31": "0.86340", "2014-09-30": "0.77760", "2014-06-30": "0.68840", "2014-03-31": "0.66260", "2013-12-31": "0.61050", "2013-09-30": "0.67190", "2013-06-30": "0.81680", "2013-03-31": "1.04110", "2012-12-31": "1.05520", "2012-09-30": "0.21030", "2012-06-30": "0.29620", "2012-03-31": "0.37180", "2011-12-31": "0.44620", "2011-09-30": "0.50710", "2011-06-30": "0.48880", "2011-03-31": "0.50130", "2010-12-31": "0.45350", "2010-09-30": "0.50130", "2010-06-30": "0.54780", "2010-03-31": "0.46860", "2009-12-31": "0.55070", "2009-09-30": "0.58020", "2009-06-30": "0.61560", "2009-03-31": "0.65080", "2008-12-31": "0.81810", "2008-09-30": "0.66030", "2008-06-30": "0.51080", "2008-03-31": "0.50540", "2007-12-31": "0.51750", "2007-09-30": "0.50300", "2007-06-30": "0.46370", "2007-03-31": "0.49270", "2006-12-31": "0.51750", "2006-09-30": "0.49460", "2006-06-30": "0.52590", "2006-03-31": "0.56300", "2005-12-31": "0.59400", "2005-09-30": "0.61310", "2005-06-30": "0.78890", "2005-03-31": "0.80470"}, "Gross Margin": {"2020-09-30": "32.48530", "2020-06-30": "23.54500", "2020-03-31": "32.33850", "2019-12-31": "26.83910", "2019-09-30": "29.27710", "2019-06-30": "30.32090", "2019-03-31": "28.48760", "2018-12-31": "26.34870", "2018-09-30": "25.01620", "2018-06-30": "24.35240", "2018-03-31": "26.60740", "2017-12-31": "25.93440", "2017-09-30": "28.97020", "2017-06-30": "29.87470", "2017-03-31": "31.09900", "2016-12-31": "29.07160", "2016-09-30": "34.37400", "2016-06-30": "34.18890", "2016-03-31": "34.42650", "2015-12-31": "31.96370", "2015-09-30": "32.30920", "2015-06-30": "30.26670", "2015-03-31": "32.39510", "2014-12-31": "28.70000", "2014-09-30": "28.01900", "2014-06-30": "29.13200", "2014-03-31": "28.09230", "2013-12-31": "27.25490", "2013-09-30": "28.22320", "2013-06-30": "29.02260", "2013-03-31": "30.08610", "2012-12-31": "26.85220", "2012-09-30": "29.07710", "2012-06-30": "27.84610", "2012-03-31": "30.13010", "2011-12-31": "23.88590", "2011-09-30": "26.04900", "2011-06-30": "25.54710", "2011-03-31": "27.74430", "2010-12-31": "27.55420", "2010-09-30": "28.81060", "2010-06-30": "28.13740", "2010-03-31": "30.47330", "2009-12-31": "29.14250", "2009-09-30": "34.21640", "2009-06-30": "30.03690", "2009-03-31": "27.01470", "2008-12-31": "20.92270", "2008-09-30": "16.69940", "2008-06-30": "19.29950", "2008-03-31": "21.34250", "2007-12-31": "19.92650", "2007-09-30": "22.15150", "2007-06-30": "21.95210", "2007-03-31": "22.41120", "2006-12-31": "20.97490", "2006-09-30": "20.35070", "2006-06-30": "21.11730", "2006-03-31": "21.19690", "2005-12-31": "17.64410", "2005-09-30": "19.62520", "2005-06-30": "19.18800", "2005-03-31": "18.03030"}, "Operating Margin": {"2020-09-30": "19.26500", "2020-06-30": "6.75580", "2020-03-31": "19.60720", "2019-12-31": "12.64040", "2019-09-30": "15.87180", "2019-06-30": "17.51370", "2019-03-31": "15.44350", "2018-12-31": "14.08470", "2018-09-30": "12.10090", "2018-06-30": "11.20810", "2018-03-31": "13.84400", "2017-12-31": "11.91540", "2017-09-30": "14.35020", "2017-06-30": "15.91390", "2017-03-31": "16.62290", "2016-12-31": "12.00790", "2016-09-30": "19.73260", "2016-06-30": "18.64520", "2016-03-31": "18.70740", "2015-12-31": "14.67470", "2015-09-30": "18.04730", "2015-06-30": "15.86120", "2015-03-31": "17.83130", "2014-12-31": "14.58160", "2014-09-30": "14.93110", "2014-06-30": "16.83750", "2014-03-31": "15.64390", "2013-12-31": "13.52510", "2013-09-30": "15.00070", "2013-06-30": "15.94400", "2013-03-31": "17.23000", "2012-12-31": "12.98620", "2012-09-30": "16.86650", "2012-06-30": "16.07430", "2012-03-31": "18.61330", "2011-12-31": "10.01300", "2011-09-30": "21.68820", "2011-06-30": "14.70950", "2011-03-31": "15.36740", "2010-12-31": "14.57010", "2010-09-30": "16.42560", "2010-06-30": "15.73810", "2010-03-31": "17.39980", "2009-12-31": "15.19460", "2009-09-30": "22.43650", "2009-06-30": "16.46310", "2009-03-31": "13.66040", "2008-12-31": "7.68140", "2008-09-30": "5.81720", "2008-06-30": "7.00080", "2008-03-31": "8.52650", "2007-12-31": "6.16670", "2007-09-30": "9.22660", "2007-06-30": "8.53810", "2007-03-31": "7.70280", "2006-12-31": "5.44840", "2006-09-30": "9.11390", "2006-06-30": "8.83670", "2006-03-31": "7.94110", "2005-12-31": "-2.00000", "2005-09-30": "7.94110", "2005-06-30": "8.49350", "2005-03-31": "4.59660"}, "EBIT Margin": {"2020-09-30": "19.26500", "2020-06-30": "6.75580", "2020-03-31": "19.60720", "2019-12-31": "12.64040", "2019-09-30": "15.87180", "2019-06-30": "17.51370", "2019-03-31": "15.44350", "2018-12-31": "14.08480", "2018-09-30": "12.10090", "2018-06-30": "11.20810", "2018-03-31": "13.84400", "2017-12-31": "11.91540", "2017-09-30": "14.35020", "2017-06-30": "15.91390", "2017-03-31": "16.62290", "2016-12-31": "12.00790", "2016-09-30": "19.73260", "2016-06-30": "18.64520", "2016-03-31": "18.70740", "2015-12-31": "14.67470", "2015-09-30": "18.04730", "2015-06-30": "15.86120", "2015-03-31": "17.83130", "2014-12-31": "14.58160", "2014-09-30": "14.93110", "2014-06-30": "16.83750", "2014-03-31": "15.64390", "2013-12-31": "13.52520", "2013-09-30": "15.00070", "2013-06-30": "15.94400", "2013-03-31": "17.23000", "2012-12-31": "12.98620", "2012-09-30": "16.86650", "2012-06-30": "16.07430", "2012-03-31": "18.61330", "2011-12-31": "10.01300", "2011-09-30": "21.68820", "2011-06-30": "14.70950", "2011-03-31": "15.36740", "2010-12-31": "14.57010", "2010-09-30": "16.42560", "2010-06-30": "15.73810", "2010-03-31": "17.39980", "2009-12-31": "15.19460", "2009-09-30": "22.43650", "2009-06-30": "16.46310", "2009-03-31": "13.66040", "2008-12-31": "7.68140", "2008-09-30": "5.81720", "2008-06-30": "7.00080", "2008-03-31": "8.52650", "2007-12-31": "6.16670", "2007-09-30": "9.22660", "2007-06-30": "8.53810", "2007-03-31": "7.70280", "2006-12-31": "5.44840", "2006-09-30": "9.11390", "2006-06-30": "8.83670", "2006-03-31": "7.94110", "2005-12-31": "-2.00000", "2005-09-30": "7.94110", "2005-06-30": "8.49350", "2005-03-31": "4.59660"}, "EBITDA Margin": {"2020-09-30": "", "2020-06-30": "", "2020-03-31": "", "2019-12-31": "", "2019-09-30": "", "2019-06-30": "", "2019-03-31": "", "2018-12-31": "", "2018-09-30": "", "2018-06-30": "", "2018-03-31": "", "2017-12-31": "", "2017-09-30": "", "2017-06-30": "", "2017-03-31": "", "2016-12-31": "", "2016-09-30": "", "2016-06-30": "", "2016-03-31": "", "2015-12-31": "", "2015-09-30": "", "2015-06-30": "", "2015-03-31": "", "2014-12-31": "", "2014-09-30": "", "2014-06-30": "", "2014-03-31": "", "2013-12-31": "", "2013-09-30": "", "2013-06-30": "", "2013-03-31": "", "2012-12-31": "", "2012-09-30": "", "2012-06-30": "", "2012-03-31": "", "2011-12-31": "", "2011-09-30": "", "2011-06-30": "", "2011-03-31": "", "2010-12-31": "", "2010-09-30": "", "2010-06-30": "", "2010-03-31": "", "2009-12-31": "", "2009-09-30": "", "2009-06-30": "", "2009-03-31": "", "2008-12-31": "", "2008-09-30": "", "2008-06-30": "", "2008-03-31": "", "2007-12-31": "", "2007-09-30": "", "2007-06-30": "", "2007-03-31": "", "2006-12-31": "", "2006-09-30": "", "2006-06-30": "", "2006-03-31": "", "2005-12-31": "", "2005-09-30": "", "2005-06-30": "", "2005-03-31": ""}, "Pre-Tax Profit Margin": {"2020-09-30": "22.93330", "2020-06-30": "6.63670", "2020-03-31": "19.67730", "2019-12-31": "12.46770", "2019-09-30": "15.73500", "2019-06-30": "17.16150", "2019-03-31": "15.05880", "2018-12-31": "13.20700", "2018-09-30": "12.13040", "2018-06-30": "11.61450", "2018-03-31": "13.79920", "2017-12-31": "11.59720", "2017-09-30": "14.03620", "2017-06-30": "15.58700", "2017-03-31": "16.25460", "2016-12-31": "12.75330", "2016-09-30": "19.03080", "2016-06-30": "17.64480", "2016-03-31": "17.44290", "2015-12-31": "14.09690", "2015-09-30": "16.76470", "2015-06-30": "15.52250", "2015-03-31": "16.73390", "2014-12-31": "13.32280", "2014-09-30": "14.28960", "2014-06-30": "15.78190", "2014-03-31": "14.53710", "2013-12-31": "13.08880", "2013-09-30": "14.16130", "2013-06-30": "16.08130", "2013-03-31": "16.50920", "2012-12-31": "12.89750", "2012-09-30": "16.64460", "2012-06-30": "13.81760", "2012-03-31": "17.55940", "2011-12-31": "9.77320", "2011-09-30": "18.52670", "2011-06-30": "13.20920", "2011-03-31": "14.44000", "2010-12-31": "15.08980", "2010-09-30": "14.32330", "2010-06-30": "12.85970", "2010-03-31": "15.81550", "2009-12-31": "15.57220", "2009-09-30": "20.82990", "2009-06-30": "12.49750", "2009-03-31": "12.76580", "2008-12-31": "6.84550", "2008-09-30": "5.19450", "2008-06-30": "6.39660", "2008-03-31": "7.83710", "2007-12-31": "5.66190", "2007-09-30": "8.74500", "2007-06-30": "7.93630", "2007-03-31": "6.87260", "2006-12-31": "0.77510", "2006-09-30": "8.17330", "2006-06-30": "9.19420", "2006-03-31": "6.84520", "2005-12-31": "-3.27590", "2005-09-30": "6.55110", "2005-06-30": "6.90290", "2005-03-31": "2.88730"}, "Net Profit Margin": {"2020-09-30": "18.64450", "2020-06-30": "5.42930", "2020-03-31": "15.27110", "2019-12-31": "9.43970", "2019-09-30": "12.17450", "2019-06-30": "13.13890", "2019-03-31": "11.58020", "2018-12-31": "11.68580", "2018-09-30": "10.38430", "2018-06-30": "8.82960", "2018-03-31": "10.26090", "2017-12-31": "0.79320", "2017-09-30": "10.87750", "2017-06-30": "11.44090", "2017-03-31": "11.75530", "2016-12-31": "9.09160", "2016-09-30": "13.81600", "2016-06-30": "12.31390", "2016-03-31": "12.11940", "2015-12-31": "11.22280", "2015-09-30": "11.44010", "2015-06-30": "10.45210", "2015-03-31": "11.40260", "2014-12-31": "9.46240", "2014-09-30": "9.63800", "2014-06-30": "10.74440", "2014-03-31": "9.96370", "2013-12-31": "9.71690", "2013-09-30": "13.59210", "2013-06-30": "10.96480", "2013-03-31": "12.10790", "2012-12-31": "10.39510", "2012-09-30": "11.74100", "2012-06-30": "9.40660", "2012-03-31": "11.82680", "2011-12-31": "6.81970", "2011-09-30": "12.80260", "2011-06-30": "9.03320", "2011-03-31": "9.76000", "2010-12-31": "10.72660", "2010-09-30": "9.69080", "2010-06-30": "8.48290", "2010-03-31": "10.66450", "2009-12-31": "11.44120", "2009-09-30": "13.56690", "2009-06-30": "8.26540", "2009-03-31": "8.50950", "2008-12-31": "5.25210", "2008-09-30": "3.73850", "2008-06-30": "4.13820", "2008-03-31": "5.17120", "2007-12-31": "7.41410", "2007-09-30": "5.92720", "2007-06-30": "8.98980", "2007-03-31": "5.24280", "2006-12-31": "1.45670", "2006-09-30": "5.81970", "2006-06-30": "6.17120", "2006-03-31": "4.56100", "2005-12-31": "3.79730", "2005-09-30": "4.94630", "2005-06-30": "4.80680", "2005-03-31": "1.99150"}, "Asset Turnover": {"2020-09-30": "0.27280", "2020-06-30": "0.22840", "2020-03-31": "0.28930", "2019-12-31": "0.28350", "2019-09-30": "0.31380", "2019-06-30": "0.31890", "2019-03-31": "0.29840", "2018-12-31": "0.31720", "2018-09-30": "0.30610", "2018-06-30": "0.33770", "2018-03-31": "0.33110", "2017-12-31": "0.32710", "2017-09-30": "0.32160", "2017-06-30": "0.33430", "2017-03-31": "0.34850", "2016-12-31": "0.35410", "2016-09-30": "0.36770", "2016-06-30": "0.38420", "2016-03-31": "0.38710", "2015-12-31": "0.37290", "2015-09-30": "0.41970", "2015-06-30": "0.43430", "2015-03-31": "0.44490", "2014-12-31": "0.44550", "2014-09-30": "0.45770", "2014-06-30": "0.48760", "2014-03-31": "0.44920", "2013-12-31": "0.41920", "2013-09-30": "0.43150", "2013-06-30": "0.45720", "2013-03-31": "0.43680", "2012-12-31": "0.40380", "2012-09-30": "0.43500", "2012-06-30": "0.47370", "2012-03-31": "0.44890", "2011-12-31": "0.41470", "2011-09-30": "0.45960", "2011-06-30": "0.47870", "2011-03-31": "0.44900", "2010-12-31": "0.43350", "2010-09-30": "0.43710", "2010-06-30": "0.46050", "2010-03-31": "0.38940", "2009-12-31": "0.39430", "2009-09-30": "0.41570", "2009-06-30": "0.40500", "2009-03-31": "0.41310", "2008-12-31": "0.45420", "2008-09-30": "0.51050", "2008-06-30": "0.51270", "2008-03-31": "0.47760", "2007-12-31": "0.47230", "2007-09-30": "0.45890", "2007-06-30": "0.43720", "2007-03-31": "0.41320", "2006-12-31": "0.41110", "2006-09-30": "0.43200", "2006-06-30": "0.45690", "2006-03-31": "0.42980", "2005-12-31": "0.41860", "2005-09-30": "0.40150", "2005-06-30": "0.39830", "2005-03-31": "0.35790"}, "Inventory Turnover Ratio": {"2020-09-30": "0.93560", "2020-06-30": "0.88530", "2020-03-31": "1.02020", "2019-12-31": "1.06850", "2019-09-30": "1.05970", "2019-06-30": "1.04280", "2019-03-31": "0.96990", "2018-12-31": "1.00030", "2018-09-30": "1.08560", "2018-06-30": "1.19380", "2018-03-31": "1.07360", "2017-12-31": "1.08260", "2017-09-30": "1.01520", "2017-06-30": "1.07740", "2017-03-31": "1.13170", "2016-12-31": "1.14220", "2016-09-30": "1.03090", "2016-06-30": "1.13160", "2016-03-31": "1.10400", "2015-12-31": "0.92800", "2015-09-30": "1.07540", "2015-06-30": "1.16440", "2015-03-31": "1.09520", "2014-12-31": "1.12320", "2014-09-30": "1.27230", "2014-06-30": "1.33490", "2014-03-31": "1.27730", "2013-12-31": "1.31610", "2013-09-30": "1.33210", "2013-06-30": "1.32730", "2013-03-31": "1.21790", "2012-12-31": "1.15720", "2012-09-30": "1.16790", "2012-06-30": "1.33500", "2012-03-31": "1.24770", "2011-12-31": "1.22590", "2011-09-30": "1.31190", "2011-06-30": "1.31380", "2011-03-31": "1.24250", "2010-12-31": "1.22150", "2010-09-30": "1.28250", "2010-06-30": "1.52480", "2010-03-31": "1.35470", "2009-12-31": "1.48490", "2009-09-30": "1.50650", "2009-06-30": "1.54060", "2009-03-31": "1.54020", "2008-12-31": "1.44960", "2008-09-30": "1.60940", "2008-06-30": "1.60200", "2008-03-31": "1.45790", "2007-12-31": "1.50530", "2007-09-30": "1.44850", "2007-06-30": "1.49470", "2007-03-31": "1.33250", "2006-12-31": "1.30370", "2006-09-30": "1.43250", "2006-06-30": "1.54890", "2006-03-31": "1.40810", "2005-12-31": "1.59110", "2005-09-30": "1.44850", "2005-06-30": "1.39850", "2005-03-31": "1.18160"}, "Receiveable Turnover": {"2020-09-30": "1.56040", "2020-06-30": "1.37940", "2020-03-31": "1.61140", "2019-12-31": "1.59140", "2019-09-30": "1.63110", "2019-06-30": "1.61340", "2019-03-31": "1.52710", "2018-12-31": "1.70970", "2018-09-30": "1.61870", "2018-06-30": "1.60940", "2018-03-31": "1.55700", "2017-12-31": "1.67000", "2017-09-30": "1.68630", "2017-06-30": "1.64630", "2017-03-31": "1.63710", "2016-12-31": "1.63440", "2016-09-30": "1.70370", "2016-06-30": "1.71700", "2016-03-31": "1.62310", "2015-12-31": "1.66550", "2015-09-30": "1.73880", "2015-06-30": "1.79470", "2015-03-31": "1.84470", "2014-12-31": "1.81270", "2014-09-30": "1.79970", "2014-06-30": "1.78480", "2014-03-31": "1.69330", "2013-12-31": "1.79560", "2013-09-30": "1.79340", "2013-06-30": "1.78160", "2013-03-31": "1.69030", "2012-12-31": "1.71840", "2012-09-30": "1.79280", "2012-06-30": "1.83280", "2012-03-31": "1.80410", "2011-12-31": "1.77530", "2011-09-30": "1.81150", "2011-06-30": "1.84350", "2011-03-31": "1.73700", "2010-12-31": "1.78720", "2010-09-30": "1.77020", "2010-06-30": "1.87110", "2010-03-31": "1.84620", "2009-12-31": "1.88120", "2009-09-30": "1.81980", "2009-06-30": "1.78250", "2009-03-31": "1.73930", "2008-12-31": "1.81080", "2008-09-30": "1.77530", "2008-06-30": "1.67320", "2008-03-31": "1.61940", "2007-12-31": "1.75740", "2007-09-30": "1.67980", "2007-06-30": "1.64870", "2007-03-31": "1.66990", "2006-12-31": "1.54440", "2006-09-30": "1.70400", "2006-06-30": "1.69810", "2006-03-31": "1.73460", "2005-12-31": "1.55000", "2005-09-30": "1.56270", "2005-06-30": "1.49950", "2005-03-31": "1.51420"}, "Days Sales In Receivables": {"2020-09-30": "57.67740", "2020-06-30": "65.24680", "2020-03-31": "55.85090", "2019-12-31": "56.55280", "2019-09-30": "55.17590", "2019-06-30": "55.78270", "2019-03-31": "58.93680", "2018-12-31": "52.64120", "2018-09-30": "55.59870", "2018-06-30": "55.92110", "2018-03-31": "57.80240", "2017-12-31": "53.89200", "2017-09-30": "53.37090", "2017-06-30": "54.66770", "2017-03-31": "54.97590", "2016-12-31": "55.06570", "2016-09-30": "52.82760", "2016-06-30": "52.41580", "2016-03-31": "55.44990", "2015-12-31": "54.03640", "2015-09-30": "51.75840", "2015-06-30": "50.14900", "2015-03-31": "48.78790", "2014-12-31": "49.65090", "2014-09-30": "50.00740", "2014-06-30": "50.42680", "2014-03-31": "53.14970", "2013-12-31": "50.12170", "2013-09-30": "50.18510", "2013-06-30": "50.51620", "2013-03-31": "53.24510", "2012-12-31": "52.37380", "2012-09-30": "50.20130", "2012-06-30": "49.10640", "2012-03-31": "49.88620", "2011-12-31": "50.69540", "2011-09-30": "49.68310", "2011-06-30": "48.82020", "2011-03-31": "51.81470", "2010-12-31": "50.35800", "2010-09-30": "50.84220", "2010-06-30": "48.09980", "2010-03-31": "48.74990", "2009-12-31": "47.84230", "2009-09-30": "49.45590", "2009-06-30": "50.48980", "2009-03-31": "51.74500", "2008-12-31": "49.70110", "2008-09-30": "50.69450", "2008-06-30": "53.79080", "2008-03-31": "55.57640", "2007-12-31": "51.21160", "2007-09-30": "53.57700", "2007-06-30": "54.58740", "2007-03-31": "53.89700", "2006-12-31": "58.27590", "2006-09-30": "52.81570", "2006-06-30": "53.00100", "2006-03-31": "51.88440", "2005-12-31": "58.06590", "2005-09-30": "57.59190", "2005-06-30": "60.02050", "2005-03-31": "59.43830"}, "ROE - Return On Equity": {"2020-09-30": "13.23990", "2020-06-30": "3.51790", "2020-03-31": "13.38150", "2019-12-31": "7.33450", "2019-09-30": "10.77400", "2019-06-30": "12.58950", "2019-03-31": "11.55810", "2018-12-31": "12.81940", "2018-09-30": "10.36770", "2018-06-30": "9.57230", "2018-03-31": "9.24960", "2017-12-31": "0.67680", "2017-09-30": "9.51100", "2017-06-30": "10.74650", "2017-03-31": "12.04050", "2016-12-31": "9.45100", "2016-09-30": "14.98000", "2016-06-30": "14.89750", "2016-03-31": "15.83310", "2015-12-31": "13.91100", "2015-09-30": "16.48380", "2015-06-30": "11.83210", "2015-03-31": "14.43860", "2014-12-31": "12.36340", "2014-09-30": "11.50880", "2014-06-30": "13.00180", "2014-03-31": "10.72220", "2013-12-31": "9.43330", "2013-09-30": "10.57740", "2013-06-30": "13.80310", "2013-03-31": "15.99280", "2012-12-31": "12.88870", "2012-09-30": "8.89780", "2012-06-30": "8.46750", "2012-03-31": "10.83530", "2011-12-31": "5.86760", "2011-09-30": "12.82160", "2011-06-30": "9.28740", "2011-03-31": "9.52170", "2010-12-31": "10.05040", "2010-09-30": "9.55210", "2010-06-30": "9.09940", "2010-03-31": "8.89520", "2009-12-31": "10.09420", "2009-09-30": "13.74400", "2009-06-30": "8.52410", "2009-03-31": "9.14600", "2008-12-31": "6.64980", "2008-09-30": "4.97240", "2008-06-30": "5.07670", "2008-03-31": "5.97350", "2007-12-31": "8.51590", "2007-09-30": "6.27140", "2007-06-30": "5.00720", "2007-03-31": "4.41810", "2006-12-31": "0.82610", "2006-09-30": "5.29050", "2006-06-30": "6.40290", "2006-03-31": "4.93030", "2005-12-31": "-1.35230", "2005-09-30": "5.17890", "2005-06-30": "5.30500", "2005-03-31": "2.02190"}, "Return On Tangible Equity": {"2020-09-30": "16.15130", "2020-06-30": "4.43100", "2020-03-31": "16.83090", "2019-12-31": "9.08930", "2019-09-30": "13.65620", "2019-06-30": "16.29370", "2019-03-31": "15.43020", "2018-12-31": "17.74760", "2018-09-30": "13.71060", "2018-06-30": "12.79570", "2018-03-31": "11.81420", "2017-12-31": "0.89040", "2017-09-30": "12.41740", "2017-06-30": "10.93800", "2017-03-31": "12.27900", "2016-12-31": "9.65960", "2016-09-30": "15.26270", "2016-06-30": "15.22300", "2016-03-31": "16.23840", "2015-12-31": "14.31380", "2015-09-30": "17.04620", "2015-06-30": "12.17630", "2015-03-31": "14.95380", "2014-12-31": "12.87910", "2014-09-30": "11.95700", "2014-06-30": "13.53800", "2014-03-31": "11.17610", "2013-12-31": "9.83390", "2013-09-30": "11.08720", "2013-06-30": "14.63410", "2013-03-31": "17.15600", "2012-12-31": "13.94790", "2012-09-30": "9.31910", "2012-06-30": "8.93500", "2012-03-31": "11.51700", "2011-12-31": "6.30400", "2011-09-30": "13.82230", "2011-06-30": "10.04860", "2011-03-31": "10.40820", "2010-12-31": "11.10100", "2010-09-30": "10.63430", "2010-06-30": "10.29530", "2010-03-31": "9.78060", "2009-12-31": "11.19520", "2009-09-30": "15.52310", "2009-06-30": "9.88380", "2009-03-31": "10.95050", "2008-12-31": "8.16650", "2008-09-30": "5.98270", "2008-06-30": "5.78450", "2008-03-31": "6.88970", "2007-12-31": "9.94500", "2007-09-30": "7.35220", "2007-06-30": "5.81980", "2007-03-31": "5.24740", "2006-12-31": "0.99720", "2006-09-30": "6.19720", "2006-06-30": "7.61460", "2006-03-31": "5.97300", "2005-12-31": "-1.66430", "2005-09-30": "6.47740", "2005-06-30": "6.76130", "2005-03-31": "2.63210"}, "ROA - Return On Assets": {"2020-09-30": "5.09510", "2020-06-30": "1.24220", "2020-03-31": "4.42370", "2019-12-31": "2.65770", "2019-09-30": "3.82860", "2019-06-30": "4.19780", "2019-03-31": "3.45930", "2018-12-31": "3.70020", "2018-09-30": "3.17840", "2018-06-30": "2.98140", "2018-03-31": "3.40360", "2017-12-31": "0.23780", "2017-09-30": "3.50530", "2017-06-30": "3.83240", "2017-03-31": "4.10440", "2016-12-31": "3.22440", "2016-09-30": "5.09120", "2016-06-30": "4.74050", "2016-03-31": "4.70090", "2015-12-31": "4.19160", "2015-09-30": "4.81070", "2015-06-30": "4.54900", "2015-03-31": "5.08460", "2014-12-31": "4.22550", "2014-09-30": "4.41760", "2014-06-30": "5.24730", "2014-03-31": "4.48270", "2013-12-31": "4.06860", "2013-09-30": "4.23870", "2013-06-30": "5.04230", "2013-03-31": "5.22410", "2012-12-31": "4.10040", "2012-09-30": "5.03650", "2012-06-30": "4.43980", "2012-03-31": "5.30890", "2011-12-31": "2.70610", "2011-09-30": "5.88380", "2011-06-30": "4.32380", "2011-03-31": "4.38190", "2010-12-31": "4.64950", "2010-09-30": "4.23580", "2010-06-30": "3.90670", "2010-03-31": "4.15220", "2009-12-31": "4.51140", "2009-09-30": "5.63970", "2009-06-30": "3.34710", "2009-03-31": "3.51510", "2008-12-31": "2.38570", "2008-09-30": "1.90860", "2008-06-30": "2.12180", "2008-03-31": "2.46990", "2007-12-31": "3.50170", "2007-09-30": "2.58300", "2007-06-30": "2.21650", "2007-03-31": "1.87060", "2006-12-31": "0.33430", "2006-09-30": "2.24000", "2006-06-30": "2.65660", "2006-03-31": "1.96010", "2005-12-31": "-0.51290", "2005-09-30": "1.98570", "2005-06-30": "1.91450", "2005-03-31": "0.71270"}, "ROI - Return On Investment": {"2020-09-30": "7.19050", "2020-06-30": "1.68600", "2020-03-31": "6.19970", "2019-12-31": "3.77830", "2019-09-30": "5.34180", "2019-06-30": "5.84980", "2019-03-31": "4.71170", "2018-12-31": "4.98080", "2018-09-30": "4.22990", "2018-06-30": "4.02990", "2018-03-31": "4.73280", "2017-12-31": "0.33810", "2017-09-30": "4.81980", "2017-06-30": "5.17690", "2017-03-31": "5.64600", "2016-12-31": "4.61090", "2016-09-30": "7.08560", "2016-06-30": "6.75310", "2016-03-31": "6.64300", "2015-12-31": "6.13720", "2015-09-30": "7.01660", "2015-06-30": "6.84580", "2015-03-31": "7.83250", "2014-12-31": "6.63490", "2014-09-30": "6.47450", "2014-06-30": "7.70060", "2014-03-31": "6.44900", "2013-12-31": "5.85750", "2013-09-30": "6.41740", "2013-06-30": "7.74890", "2013-03-31": "7.93150", "2012-12-31": "6.27130", "2012-09-30": "7.46220", "2012-06-30": "6.56850", "2012-03-31": "8.07610", "2011-12-31": "4.12280", "2011-09-30": "8.67160", "2011-06-30": "6.35150", "2011-03-31": "6.40160", "2010-12-31": "6.96740", "2010-09-30": "6.41330", "2010-06-30": "5.94030", "2010-03-31": "6.11290", "2009-12-31": "6.85810", "2009-09-30": "10.07220", "2009-06-30": "5.30540", "2009-03-31": "5.57600", "2008-12-31": "3.66990", "2008-09-30": "3.02440", "2008-06-30": "3.39140", "2008-03-31": "4.00880", "2007-12-31": "5.69450", "2007-09-30": "4.20970", "2007-06-30": "3.48490", "2007-03-31": "2.98550", "2006-12-31": "0.54830", "2006-09-30": "3.57680", "2006-06-30": "4.24040", "2006-03-31": "3.18540", "2005-12-31": "-0.85820", "2005-09-30": "3.25170", "2005-06-30": "3.01200", "2005-03-31": "1.12920"}, "Book Value Per Share": {"2020-09-30": "66.25090", "2020-06-30": "58.15500", "2020-03-31": "58.43760", "2019-12-31": "61.05090", "2019-09-30": "56.24610", "2019-06-30": "52.66140", "2019-03-31": "48.10480", "2018-12-31": "43.80430", "2018-09-30": "49.46270", "2018-06-30": "48.18430", "2018-03-31": "55.55150", "2017-12-31": "51.07810", "2017-09-30": "53.02030", "2017-06-30": "49.24530", "2017-03-31": "44.80010", "2016-12-31": "40.79450", "2016-09-30": "40.25340", "2016-06-30": "36.47990", "2016-03-31": "33.01110", "2015-12-31": "32.43760", "2015-09-30": "31.38500", "2015-06-30": "39.95400", "2015-03-31": "35.59350", "2014-12-31": "33.82940", "2014-09-30": "39.46350", "2014-06-30": "40.60870", "2014-03-31": "41.69460", "2013-12-31": "43.70170", "2013-09-30": "40.65510", "2013-06-30": "35.03940", "2013-03-31": "31.40760", "2012-12-31": "29.97500", "2012-09-30": "53.45710", "2012-06-30": "48.51100", "2012-03-31": "45.81660", "2011-12-31": "40.99910", "2011-09-30": "41.51940", "2011-06-30": "40.67430", "2011-03-31": "37.61660", "2010-12-31": "35.02960", "2010-09-30": "33.49150", "2010-06-30": "30.44050", "2010-03-31": "31.49300", "2009-12-31": "30.12390", "2009-09-30": "27.12060", "2009-06-30": "23.65590", "2009-03-31": "20.63060", "2008-12-31": "19.15410", "2008-09-30": "21.81840", "2008-06-30": "22.40560", "2008-03-31": "21.37930", "2007-12-31": "20.36540", "2007-09-30": "19.79750", "2007-06-30": "20.13640", "2007-03-31": "18.35360", "2006-12-31": "17.43220", "2006-09-30": "18.44860", "2006-06-30": "17.38020", "2006-03-31": "16.25160", "2005-12-31": "15.57550", "2005-09-30": "15.16610", "2005-06-30": "14.46110", "2005-03-31": "13.86900"}, "Operating Cash Flow Per Share": {"2020-09-30": 11.1925, "2020-06-30": 2.8594, "2020-03-31": "5.78850", "2019-12-31": 9.3127, "2019-09-30": 7.3984, "2019-06-30": 11.7754, "2019-03-31": "1.71340", "2018-12-31": 8.3218, "2018-09-30": 3.2176, "2018-06-30": 4.7942, "2018-03-31": "0.85360", "2017-12-31": 5.5074, "2017-09-30": 7.197, "2017-06-30": 4.9378, "2017-03-31": "2.89190", "2016-12-31": 7.9332, "2016-09-30": 6.0483, "2016-06-30": 9.6265, "2016-03-31": "6.27310", "2015-12-31": 6.441, "2015-09-30": 5.5265, "2015-06-30": 5.3724, "2015-03-31": "4.55590", "2014-12-31": 5.6593, "2014-09-30": 6.2456, "2014-06-30": 6.2999, "2014-03-31": "0.33820", "2013-12-31": 5.2254, "2013-09-30": 6.4549, "2013-06-30": 7.2109, "2013-03-31": "2.02810", "2012-12-31": 6.5271, "2012-09-30": 6.5532, "2012-06-30": 2.5646, "2012-03-31": "4.70650", "2011-12-31": 4.6624, "2011-09-30": 5.3956, "2011-06-30": 2.2398, "2011-03-31": "1.16470", "2010-12-31": 3.8748, "2010-09-30": 2.3889, "2010-06-30": 2.11, "2010-03-31": "2.82410", "2009-12-31": 2.0392, "2009-09-30": 2.6145, "2009-06-30": 3.8088, "2009-03-31": "6.34270", "2008-12-31": 0.5856, "2008-09-30": 0.9369, "2008-06-30": 0.4099, "2008-03-31": "-0.59420", "2007-12-31": 1.6851, "2007-09-30": 2.1402, "2007-06-30": 1.0179, "2007-03-31": "1.61890", "2006-12-31": -0.3415, "2006-09-30": 1.5148, "2006-06-30": 0.5916, "2006-03-31": "0.36500", "2005-12-31": 0.5843, "2005-09-30": 2.6511, "2005-06-30": 0.3749, "2005-03-31": "0.08460"}, "Free Cash Flow Per Share": {"2020-09-30": 11.188, "2020-06-30": 0.9885, "2020-03-31": "3.98300", "2019-12-31": 7.3151, "2019-09-30": 6.1526, "2019-06-30": 10.6232, "2019-03-31": "0.78620", "2018-12-31": 6.6727, "2018-09-30": 2.0426, "2018-06-30": 3.0747, "2018-03-31": "-1.08460", "2017-12-31": 3.157, "2017-09-30": 4.1738, "2017-06-30": 1.6522, "2017-03-31": "-1.02610", "2016-12-31": 4.4563, "2016-09-30": 2.8835, "2016-06-30": 6.5917, "2016-03-31": "3.87030", "2015-12-31": 3.0165, "2015-09-30": 2.6507, "2015-06-30": 2.9841, "2015-03-31": "2.91050", "2014-12-31": 4.0502, "2014-09-30": 4.7641, "2014-06-30": 5.3919, "2014-03-31": "-0.37600", "2013-12-31": 4.3758, "2013-09-30": 5.2974, "2013-06-30": 6.021, "2013-03-31": "0.82380", "2012-12-31": 5.5341, "2012-09-30": 5.921, "2012-06-30": 1.8534, "2012-03-31": "4.15200", "2011-12-31": 3.8862, "2011-09-30": 4.7798, "2011-06-30": 1.4658, "2011-03-31": "-0.57210", "2010-12-31": 3.1378, "2010-09-30": 1.8571, "2010-06-30": 1.3343, "2010-03-31": "2.38350", "2009-12-31": -2.0696, "2009-09-30": 1.869, "2009-06-30": 3.3532, "2009-03-31": "5.80510", "2008-12-31": -0.0544, "2008-09-30": 0.3644, "2008-06-30": -0.0853, "2008-03-31": "-0.94740", "2007-12-31": 1.3112, "2007-09-30": 1.8149, "2007-06-30": 0.4737, "2007-03-31": "1.02990", "2006-12-31": -1.0178, "2006-09-30": 1.2645, "2006-06-30": 0.46, "2006-03-31": "0.11610", "2005-12-31": 0.8959, "2005-09-30": 2.511, "2005-06-30": 0.1506, "2005-03-31": "-0.09990"}}, "revenue": {"NewMarket Annual Revenue (Millions of US $)": {"2020": "$2,011", "2019": "$2,190", "2018": "$2,290", "2017": "$2,198", "2016": "$2,049", "2015": "$2,141", "2014": "$2,335", "2013": "$2,280", "2012": "$2,212", "2011": "$2,138", "2010": "$1,797", "2009": "$1,530", "2008": "$1,617", "2007": "$1,375", "2006": "$1,263", "2005": "$1,076"}, "NewMarket Quarterly Revenue (Millions of US $)": {"2020-12-31": "$528", "2020-09-30": "$513", "2020-06-30": "$411", "2020-03-31": "$559", "2019-12-31": "$534", "2019-09-30": "$556", "2019-06-30": "$563", "2019-03-31": "$537", "2018-12-31": "$538", "2018-09-30": "$563", "2018-06-30": "$599", "2018-03-31": "$589", "2017-12-31": "$560", "2017-09-30": "$548", "2017-06-30": "$547", "2017-03-31": "$543", "2016-12-31": "$502", "2016-09-30": "$516", "2016-06-30": "$522", "2016-03-31": "$510", "2015-12-31": "$480", "2015-09-30": "$541", "2015-06-30": "$561", "2015-03-31": "$560", "2014-12-31": "$549", "2014-09-30": "$590", "2014-06-30": "$620", "2014-03-31": "$576", "2013-12-31": "$556", "2013-09-30": "$580", "2013-06-30": "$584", "2013-03-31": "$560", "2012-12-31": "$510", "2012-09-30": "$551", "2012-06-30": "$588", "2012-03-31": "$563", "2011-12-31": "$494", "2011-09-30": "$557", "2011-06-30": "$579", "2011-03-31": "$508", "2010-12-31": "$461", "2010-09-30": "$472", "2010-06-30": "$470", "2010-03-31": "$395", "2009-12-31": "$404", "2009-09-30": "$418", "2009-06-30": "$371", "2009-03-31": "$337", "2008-12-31": "$369", "2008-09-30": "$441", "2008-06-30": "$426", "2008-03-31": "$382", "2007-12-31": "$364", "2007-09-30": "$357", "2007-06-30": "$344", "2007-03-31": "$310", "2006-12-31": "$306", "2006-09-30": "$325", "2006-06-30": "$330", "2006-03-31": "$302", "2005-12-31": "$294", "2005-09-30": "$271", "2005-06-30": "$272", "2005-03-31": "$239"}}, "gross-profit": {"NewMarket Annual Gross Profit (Millions of US $)": {"2020": "$595", "2019": "$630", "2018": "$585", "2017": "$636", "2016": "$677", "2015": "$679", "2014": "$665", "2013": "$653", "2012": "$630", "2011": "$552", "2010": "$515", "2009": "$463", "2008": "$314", "2007": "$297", "2006": "$264", "2005": "$200"}, "NewMarket Quarterly Gross Profit (Millions of US $)": {"2020-12-31": "$151", "2020-09-30": "$167", "2020-06-30": "$97", "2020-03-31": "$181", "2019-12-31": "$143", "2019-09-30": "$163", "2019-06-30": "$171", "2019-03-31": "$153", "2018-12-31": "$142", "2018-09-30": "$141", "2018-06-30": "$146", "2018-03-31": "$157", "2017-12-31": "$145", "2017-09-30": "$159", "2017-06-30": "$163", "2017-03-31": "$169", "2016-12-31": "$146", "2016-09-30": "$177", "2016-06-30": "$178", "2016-03-31": "$176", "2015-12-31": "$153", "2015-09-30": "$175", "2015-06-30": "$170", "2015-03-31": "$181", "2014-12-31": "$158", "2014-09-30": "$165", "2014-06-30": "$181", "2014-03-31": "$162", "2013-12-31": "$152", "2013-09-30": "$164", "2013-06-30": "$169", "2013-03-31": "$168", "2012-12-31": "$137", "2012-09-30": "$160", "2012-06-30": "$164", "2012-03-31": "$170", "2011-12-31": "$118", "2011-09-30": "$145", "2011-06-30": "$148", "2011-03-31": "$141", "2010-12-31": "$127", "2010-09-30": "$136", "2010-06-30": "$132", "2010-03-31": "$120", "2009-12-31": "$118", "2009-09-30": "$143", "2009-06-30": "$111", "2009-03-31": "$91", "2008-12-31": "$77", "2008-09-30": "$74", "2008-06-30": "$82", "2008-03-31": "$82", "2007-12-31": "$73", "2007-09-30": "$79", "2007-06-30": "$76", "2007-03-31": "$69", "2006-12-31": "$64", "2006-09-30": "$66", "2006-06-30": "$70", "2006-03-31": "$64", "2005-12-31": "$52", "2005-09-30": "$53", "2005-06-30": "$52", "2005-03-31": "$43"}}, "operating-income": {"NewMarket Annual Operating Income (Millions of US $)": {"2020": "$312", "2019": "$337", "2018": "$293", "2017": "$323", "2016": "$355", "2015": "$357", "2014": "$363", "2013": "$352", "2012": "$358", "2011": "$334", "2010": "$287", "2009": "$262", "2008": "$116", "2007": "$109", "2006": "$99", "2005": "$50"}, "NewMarket Quarterly Operating Income (Millions of US $)": {"2020-12-31": "$76", "2020-09-30": "$99", "2020-06-30": "$28", "2020-03-31": "$110", "2019-12-31": "$68", "2019-09-30": "$88", "2019-06-30": "$99", "2019-03-31": "$83", "2018-12-31": "$76", "2018-09-30": "$68", "2018-06-30": "$67", "2018-03-31": "$82", "2017-12-31": "$67", "2017-09-30": "$79", "2017-06-30": "$87", "2017-03-31": "$90", "2016-12-31": "$60", "2016-09-30": "$102", "2016-06-30": "$97", "2016-03-31": "$95", "2015-12-31": "$70", "2015-09-30": "$98", "2015-06-30": "$89", "2015-03-31": "$100", "2014-12-31": "$80", "2014-09-30": "$88", "2014-06-30": "$104", "2014-03-31": "$90", "2013-12-31": "$75", "2013-09-30": "$87", "2013-06-30": "$93", "2013-03-31": "$96", "2012-12-31": "$66", "2012-09-30": "$93", "2012-06-30": "$94", "2012-03-31": "$105", "2011-12-31": "$49", "2011-09-30": "$121", "2011-06-30": "$85", "2011-03-31": "$78", "2010-12-31": "$67", "2010-09-30": "$77", "2010-06-30": "$74", "2010-03-31": "$69", "2009-12-31": "$61", "2009-09-30": "$94", "2009-06-30": "$61", "2009-03-31": "$46", "2008-12-31": "$28", "2008-09-30": "$26", "2008-06-30": "$30", "2008-03-31": "$33", "2007-12-31": "$22", "2007-09-30": "$33", "2007-06-30": "$29", "2007-03-31": "$24", "2006-12-31": "$17", "2006-09-30": "$30", "2006-06-30": "$29", "2006-03-31": "$24", "2005-12-31": "$-6", "2005-09-30": "$22", "2005-06-30": "$23", "2005-03-31": "$11"}}, "ebitda": {"NewMarket Annual EBITDA (Millions of US $)": {"2019": "$425", "2018": "$364", "2017": "$378", "2016": "$400", "2015": "$399", "2014": "$404", "2013": "$398", "2012": "$402", "2011": "$377", "2010": "$326", "2009": "$295", "2008": "$145", "2007": "$138", "2006": "$131", "2005": "$86"}, "NewMarket Quarterly EBITDA (Millions of US $)": {"2020-09-30": "$119", "2020-06-30": "$49", "2020-03-31": "$131", "2019-12-31": "$90", "2019-09-30": "$110", "2019-06-30": "$120", "2019-03-31": "$105", "2018-12-31": "$94", "2018-09-30": "$86", "2018-06-30": "$85", "2018-03-31": "$99", "2017-12-31": "$83", "2017-09-30": "$93", "2017-06-30": "$99", "2017-03-31": "$103", "2016-12-31": "$72", "2016-09-30": "$113", "2016-06-30": "$108", "2016-03-31": "$106", "2015-12-31": "$81", "2015-09-30": "$108", "2015-06-30": "$99", "2015-03-31": "$110", "2014-12-31": "$90", "2014-09-30": "$99", "2014-06-30": "$115", "2014-03-31": "$100", "2013-12-31": "$85", "2013-09-30": "$97", "2013-06-30": "$107", "2013-03-31": "$108", "2012-12-31": "$77", "2012-09-30": "$104", "2012-06-30": "$106", "2012-03-31": "$115", "2011-12-31": "$60", "2011-09-30": "$132", "2011-06-30": "$96", "2011-03-31": "$89", "2010-12-31": "$77", "2010-09-30": "$88", "2010-06-30": "$83", "2010-03-31": "$78", "2009-12-31": "$70", "2009-09-30": "$102", "2009-06-30": "$69", "2009-03-31": "$54", "2008-12-31": "$36", "2008-09-30": "$33", "2008-06-30": "$37", "2008-03-31": "$40", "2007-12-31": "$30", "2007-09-30": "$40", "2007-06-30": "$36", "2007-03-31": "$32", "2006-12-31": "$25", "2006-09-30": "$37", "2006-06-30": "$37", "2006-03-31": "$32", "2005-12-31": "$3", "2005-09-30": "$30", "2005-06-30": "$32", "2005-03-31": "$21"}}, "net-income": {"NewMarket Annual Net Income (Millions of US $)": {"2020": "$271", "2019": "$254", "2018": "$235", "2017": "$191", "2016": "$243", "2015": "$238", "2014": "$233", "2013": "$265", "2012": "$240", "2011": "$207", "2010": "$177", "2009": "$162", "2008": "$73", "2007": "$95", "2006": "$58", "2005": "$42"}, "NewMarket Quarterly Net Income (Millions of US $)": {"2020-12-31": "$67", "2020-09-30": "$96", "2020-06-30": "$22", "2020-03-31": "$85", "2019-12-31": "$50", "2019-09-30": "$68", "2019-06-30": "$74", "2019-03-31": "$62", "2018-12-31": "$63", "2018-09-30": "$58", "2018-06-30": "$53", "2018-03-31": "$60", "2017-12-31": "$4", "2017-09-30": "$60", "2017-06-30": "$63", "2017-03-31": "$64", "2016-12-31": "$46", "2016-09-30": "$71", "2016-06-30": "$64", "2016-03-31": "$62", "2015-12-31": "$54", "2015-09-30": "$62", "2015-06-30": "$59", "2015-03-31": "$64", "2014-12-31": "$52", "2014-09-30": "$57", "2014-06-30": "$67", "2014-03-31": "$57", "2013-12-31": "$54", "2013-09-30": "$79", "2013-06-30": "$64", "2013-03-31": "$68", "2012-12-31": "$53", "2012-09-30": "$65", "2012-06-30": "$55", "2012-03-31": "$67", "2011-12-31": "$34", "2011-09-30": "$71", "2011-06-30": "$52", "2011-03-31": "$50", "2010-12-31": "$49", "2010-09-30": "$46", "2010-06-30": "$40", "2010-03-31": "$42", "2009-12-31": "$46", "2009-09-30": "$57", "2009-06-30": "$31", "2009-03-31": "$29", "2008-12-31": "$19", "2008-09-30": "$16", "2008-06-30": "$18", "2008-03-31": "$20", "2007-12-31": "$27", "2007-09-30": "$21", "2007-06-30": "$31", "2007-03-31": "$16", "2006-12-31": "$4", "2006-09-30": "$19", "2006-06-30": "$20", "2006-03-31": "$14", "2005-12-31": "$11", "2005-09-30": "$13", "2005-06-30": "$13", "2005-03-31": "$5"}}, "eps-earnings-per-share-diluted": {"NewMarket Annual EPS": {"2020": "$24.64", "2019": "$22.73", "2018": "$20.34", "2017": "$16.08", "2016": "$20.54", "2015": "$19.45", "2014": "$18.38", "2013": "$19.90", "2012": "$17.85", "2011": "$15.09", "2010": "$12.09", "2009": "$10.65", "2008": "$4.75", "2007": "$5.62", "2006": "$3.30", "2005": "$2.45"}, "NewMarket Quarterly EPS": {"2020-12-31": "$6.12", "2020-09-30": "$8.77", "2020-06-30": "$2.05", "2020-03-31": "$7.67", "2019-12-31": "$4.47", "2019-09-30": "$6.06", "2019-06-30": "$6.63", "2019-03-31": "$5.57", "2018-12-31": "$5.55", "2018-09-30": "$5.12", "2018-06-30": "$4.53", "2018-03-31": "$5.14", "2017-12-31": "$0.36", "2017-09-30": "$5.04", "2017-06-30": "$5.29", "2017-03-31": "$5.39", "2016-12-31": "$3.86", "2016-09-30": "$6.03", "2016-06-30": "$5.43", "2016-03-31": "$5.22", "2015-12-31": "$4.51", "2015-09-30": "$5.08", "2015-06-30": "$4.72", "2015-03-31": "$5.14", "2014-12-31": "$4.18", "2014-09-30": "$4.53", "2014-06-30": "$5.24", "2014-03-31": "$4.43", "2013-12-31": "$4.08", "2013-09-30": "$5.94", "2013-06-30": "$4.81", "2013-03-31": "$5.07", "2012-12-31": "$3.94", "2012-09-30": "$4.83", "2012-06-30": "$4.12", "2012-03-31": "$4.96", "2011-12-31": "$2.53", "2011-09-30": "$5.22", "2011-06-30": "$3.77", "2011-03-31": "$3.57", "2010-12-31": "$3.44", "2010-09-30": "$3.18", "2010-06-30": "$2.69", "2010-03-31": "$2.78", "2009-12-31": "$3.04", "2009-09-30": "$3.72", "2009-06-30": "$2.01", "2009-03-31": "$1.88", "2008-12-31": "$1.28", "2008-09-30": "$1.07", "2008-06-30": "$1.13", "2008-03-31": "$1.27", "2007-12-31": "$1.66", "2007-09-30": "$1.25", "2007-06-30": "$1.78", "2007-03-31": "$0.93", "2006-12-31": "$0.25", "2006-09-30": "$1.09", "2006-06-30": "$1.17", "2006-03-31": "$0.79", "2005-12-31": "$0.64", "2005-09-30": "$0.77", "2005-06-30": "$0.76", "2005-03-31": "$0.28"}}, "shares-outstanding": {"NewMarket Annual Shares Outstanding (Millions of Shares)": {"2020": "11", "2019": "11", "2018": "12", "2017": "12", "2016": "12", "2015": "12", "2014": "13", "2013": "13", "2012": "13", "2011": "14", "2010": "15", "2009": "15", "2008": "15", "2007": "17", "2006": "17", "2005": "17"}, "NewMarket Quarterly Shares Outstanding (Millions of Shares)": {"2020-12-31": "11", "2020-09-30": "11", "2020-06-30": "11", "2020-03-31": "11", "2019-12-31": "11", "2019-09-30": "11", "2019-06-30": "11", "2019-03-31": "11", "2018-12-31": "12", "2018-09-30": "11", "2018-06-30": "12", "2018-03-31": "12", "2017-12-31": "12", "2017-09-30": "12", "2017-06-30": "12", "2017-03-31": "12", "2016-12-31": "12", "2016-09-30": "12", "2016-06-30": "12", "2016-03-31": "12", "2015-12-31": "12", "2015-09-30": "12", "2015-06-30": "12", "2015-03-31": "12", "2014-12-31": "13", "2014-09-30": "13", "2014-06-30": "13", "2014-03-31": "13", "2013-12-31": "13", "2013-09-30": "13", "2013-06-30": "13", "2013-03-31": "13", "2012-12-31": "13", "2012-09-30": "13", "2012-06-30": "13", "2012-03-31": "13", "2011-12-31": "14", "2011-09-30": "14", "2011-06-30": "14", "2011-03-31": "14", "2010-12-31": "15", "2010-09-30": "14", "2010-06-30": "15", "2010-03-31": "15", "2009-12-31": "15", "2009-09-30": "15", "2009-06-30": "15", "2009-03-31": "15", "2008-12-31": "15", "2008-09-30": "15", "2008-06-30": "16", "2008-03-31": "16", "2007-12-31": "17", "2007-09-30": "17", "2007-06-30": "17", "2007-03-31": "17", "2006-12-31": "17", "2006-09-30": "17", "2006-06-30": "17", "2006-03-31": "17", "2005-12-31": "17", "2005-09-30": "17", "2005-06-30": "17", "2005-03-31": "17"}}, "total-assets": {"NewMarket Annual Total Assets (Millions of US $)": {"2019": "$1,885", "2018": "$1,697", "2017": "$1,712", "2016": "$1,416", "2015": "$1,286", "2014": "$1,232", "2013": "$1,327", "2012": "$1,264", "2011": "$1,192", "2010": "$1,063", "2009": "$1,025", "2008": "$811", "2007": "$771", "2006": "$745", "2005": "$702"}, "NewMarket Quarterly Total Assets (Millions of US $)": {"2020-09-30": "$1,880", "2020-06-30": "$1,799", "2020-03-31": "$1,934", "2019-12-31": "$1,885", "2019-09-30": "$1,771", "2019-06-30": "$1,767", "2019-03-31": "$1,798", "2018-12-31": "$1,697", "2018-09-30": "$1,840", "2018-06-30": "$1,774", "2018-03-31": "$1,779", "2017-12-31": "$1,712", "2017-09-30": "$1,705", "2017-06-30": "$1,637", "2017-03-31": "$1,558", "2016-12-31": "$1,416", "2016-09-30": "$1,403", "2016-06-30": "$1,358", "2016-03-31": "$1,317", "2015-12-31": "$1,286", "2015-09-30": "$1,289", "2015-06-30": "$1,291", "2015-03-31": "$1,258", "2014-12-31": "$1,232", "2014-09-30": "$1,288", "2014-06-30": "$1,272", "2014-03-31": "$1,283", "2013-12-31": "$1,327", "2013-09-30": "$1,345", "2013-06-30": "$1,277", "2013-03-31": "$1,281", "2012-12-31": "$1,264", "2012-09-30": "$1,267", "2012-06-30": "$1,240", "2012-03-31": "$1,253", "2011-12-31": "$1,192", "2011-09-30": "$1,213", "2011-06-30": "$1,209", "2011-03-31": "$1,132", "2010-12-31": "$1,063", "2010-09-30": "$1,079", "2010-06-30": "$1,020", "2010-03-31": "$1,015", "2009-12-31": "$1,025", "2009-09-30": "$1,005", "2009-06-30": "$916", "2009-03-31": "$816", "2008-12-31": "$811", "2008-09-30": "$863", "2008-06-30": "$831", "2008-03-31": "$801", "2007-12-31": "$771", "2007-09-30": "$778", "2007-06-30": "$787", "2007-03-31": "$750", "2006-12-31": "$745", "2006-09-30": "$753", "2006-06-30": "$722", "2006-03-31": "$703", "2005-12-31": "$702", "2005-09-30": "$675", "2005-06-30": "$683", "2005-03-31": "$668"}}, "cash-on-hand": {"NewMarket Annual Cash on Hand (Millions of US $)": {"2019": "$144", "2018": "$73", "2017": "$84", "2016": "$192", "2015": "$93", "2014": "$103", "2013": "$239", "2012": "$89", "2011": "$50", "2010": "$49", "2009": "$152", "2008": "$22", "2007": "$72", "2006": "$61", "2005": "$58"}, "NewMarket Quarterly Cash on Hand (Millions of US $)": {"2020-09-30": "$118", "2020-06-30": "$102", "2020-03-31": "$179", "2019-12-31": "$144", "2019-09-30": "$80", "2019-06-30": "$73", "2019-03-31": "$78", "2018-12-31": "$73", "2018-09-30": "$148", "2018-06-30": "$110", "2018-03-31": "$73", "2017-12-31": "$84", "2017-09-30": "$105", "2017-06-30": "$278", "2017-03-31": "$251", "2016-12-31": "$192", "2016-09-30": "$188", "2016-06-30": "$158", "2016-03-31": "$122", "2015-12-31": "$93", "2015-09-30": "$110", "2015-06-30": "$126", "2015-03-31": "$119", "2014-12-31": "$103", "2014-09-30": "$142", "2014-06-30": "$114", "2014-03-31": "$147", "2013-12-31": "$239", "2013-09-30": "$247", "2013-06-30": "$74", "2013-03-31": "$64", "2012-12-31": "$89", "2012-09-30": "$80", "2012-06-30": "$49", "2012-03-31": "$73", "2011-12-31": "$50", "2011-09-30": "$54", "2011-06-30": "$61", "2011-03-31": "$50", "2010-12-31": "$49", "2010-09-30": "$51", "2010-06-30": "$47", "2010-03-31": "$88", "2009-12-31": "$152", "2009-09-30": "$134", "2009-06-30": "$112", "2009-03-31": "$60", "2008-12-31": "$22", "2008-09-30": "$33", "2008-06-30": "$40", "2008-03-31": "$48", "2007-12-31": "$72", "2007-09-30": "$83", "2007-06-30": "$109", "2007-03-31": "$73", "2006-12-31": "$61", "2006-09-30": "$87", "2006-06-30": "$64", "2006-03-31": "$57", "2005-12-31": "$58", "2005-09-30": "$42", "2005-06-30": "$33", "2005-03-31": "$27"}}, "long-term-debt": {"NewMarket Annual Long Term Debt (Millions of US $)": {"2019": "$643", "2018": "$771", "2017": "$603", "2016": "$507", "2015": "$491", "2014": "$364", "2013": "$349", "2012": "$424", "2011": "$233", "2010": "$218", "2009": "$216", "2008": "$236", "2007": "$157", "2006": "$153", "2005": "$153"}, "NewMarket Quarterly Long Term Debt (Millions of US $)": {"2020-09-30": "$609", "2020-06-30": "$690", "2020-03-31": "$741", "2019-12-31": "$643", "2019-09-30": "$640", "2019-06-30": "$679", "2019-03-31": "$782", "2018-12-31": "$771", "2018-09-30": "$818", "2018-06-30": "$760", "2018-03-31": "$625", "2017-12-31": "$603", "2017-09-30": "$612", "2017-06-30": "$628", "2017-03-31": "$601", "2016-12-31": "$507", "2016-09-30": "$531", "2016-06-30": "$521", "2016-03-31": "$541", "2015-12-31": "$491", "2015-09-30": "$508", "2015-06-30": "$362", "2015-03-31": "$374", "2014-12-31": "$364", "2014-09-30": "$385", "2014-06-30": "$353", "2014-03-31": "$355", "2013-12-31": "$349", "2013-09-30": "$349", "2013-06-30": "$364", "2013-03-31": "$425", "2012-12-31": "$424", "2012-09-30": "$138", "2012-06-30": "$188", "2012-03-31": "$210", "2011-12-31": "$233", "2011-09-30": "$266", "2011-06-30": "$260", "2011-03-31": "$254", "2010-12-31": "$218", "2010-09-30": "$234", "2010-06-30": "$233", "2010-03-31": "$216", "2009-12-31": "$216", "2009-09-30": "$150", "2009-06-30": "$218", "2009-03-31": "$201", "2008-12-31": "$236", "2008-09-30": "$213", "2008-06-30": "$173", "2008-03-31": "$162", "2007-12-31": "$157", "2007-09-30": "$157", "2007-06-30": "$152", "2007-03-31": "$152", "2006-12-31": "$153", "2006-09-30": "$153", "2006-06-30": "$153", "2006-03-31": "$153", "2005-12-31": "$153", "2005-09-30": "$153", "2005-06-30": "$188", "2005-03-31": "$186"}}, "total-liabilities": {"NewMarket Annual Total Liabilities (Millions of US $)": {"2019": "$1,202", "2018": "$1,207", "2017": "$1,111", "2016": "$933", "2015": "$899", "2014": "$811", "2013": "$755", "2012": "$862", "2011": "$642", "2010": "$571", "2009": "$567", "2008": "$520", "2007": "$454", "2006": "$443", "2005": "$435"}, "NewMarket Quarterly Total Liabilities (Millions of US $)": {"2020-09-30": "$1,157", "2020-06-30": "$1,164", "2020-03-31": "$1,294", "2019-12-31": "$1,202", "2019-09-30": "$1,142", "2019-06-30": "$1,178", "2019-03-31": "$1,260", "2018-12-31": "$1,207", "2018-09-30": "$1,276", "2018-06-30": "$1,221", "2018-03-31": "$1,125", "2017-12-31": "$1,111", "2017-09-30": "$1,077", "2017-06-30": "$1,053", "2017-03-31": "$1,027", "2016-12-31": "$933", "2016-09-30": "$926", "2016-06-30": "$926", "2016-03-31": "$926", "2015-12-31": "$899", "2015-09-30": "$913", "2015-06-30": "$795", "2015-03-31": "$815", "2014-12-31": "$811", "2014-09-30": "$794", "2014-06-30": "$759", "2014-03-31": "$747", "2013-12-31": "$755", "2013-09-30": "$806", "2013-06-30": "$810", "2013-03-31": "$863", "2012-12-31": "$862", "2012-09-30": "$550", "2012-06-30": "$590", "2012-03-31": "$639", "2011-12-31": "$642", "2011-09-30": "$656", "2011-06-30": "$646", "2011-03-31": "$611", "2010-12-31": "$571", "2010-09-30": "$601", "2010-06-30": "$582", "2010-03-31": "$541", "2009-12-31": "$567", "2009-09-30": "$593", "2009-06-30": "$556", "2009-03-31": "$502", "2008-12-31": "$520", "2008-09-30": "$532", "2008-06-30": "$483", "2008-03-31": "$470", "2007-12-31": "$454", "2007-09-30": "$457", "2007-06-30": "$439", "2007-03-31": "$432", "2006-12-31": "$443", "2006-09-30": "$434", "2006-06-30": "$423", "2006-03-31": "$423", "2005-12-31": "$435", "2005-09-30": "$416", "2005-06-30": "$436", "2005-03-31": "$433"}}, "total-share-holder-equity": {"NewMarket Annual Share Holder Equity (Millions of US $)": {"2019": "$683", "2018": "$490", "2017": "$602", "2016": "$483", "2015": "$388", "2014": "$421", "2013": "$572", "2012": "$402", "2011": "$550", "2010": "$492", "2009": "$458", "2008": "$291", "2007": "$317", "2006": "$301", "2005": "$266"}, "NewMarket Quarterly Share Holder Equity (Millions of US $)": {"2020-09-30": "$724", "2020-06-30": "$635", "2020-03-31": "$639", "2019-12-31": "$683", "2019-09-30": "$629", "2019-06-30": "$589", "2019-03-31": "$538", "2018-12-31": "$490", "2018-09-30": "$564", "2018-06-30": "$552", "2018-03-31": "$655", "2017-12-31": "$602", "2017-09-30": "$628", "2017-06-30": "$584", "2017-03-31": "$531", "2016-12-31": "$483", "2016-09-30": "$477", "2016-06-30": "$432", "2016-03-31": "$391", "2015-12-31": "$388", "2015-09-30": "$376", "2015-06-30": "$496", "2015-03-31": "$443", "2014-12-31": "$421", "2014-09-30": "$495", "2014-06-30": "$513", "2014-03-31": "$536", "2013-12-31": "$572", "2013-09-30": "$539", "2013-06-30": "$466", "2013-03-31": "$419", "2012-12-31": "$402", "2012-09-30": "$717", "2012-06-30": "$650", "2012-03-31": "$614", "2011-12-31": "$550", "2011-09-30": "$557", "2011-06-30": "$563", "2011-03-31": "$521", "2010-12-31": "$492", "2010-09-30": "$479", "2010-06-30": "$438", "2010-03-31": "$474", "2009-12-31": "$458", "2009-09-30": "$412", "2009-06-30": "$360", "2009-03-31": "$314", "2008-12-31": "$291", "2008-09-30": "$331", "2008-06-30": "$347", "2008-03-31": "$331", "2007-12-31": "$317", "2007-09-30": "$320", "2007-06-30": "$348", "2007-03-31": "$317", "2006-12-31": "$301", "2006-09-30": "$319", "2006-06-30": "$300", "2006-03-31": "$279", "2005-12-31": "$266", "2005-09-30": "$259", "2005-06-30": "$246", "2005-03-31": "$236"}}, "profit-margins": {"current": "13.45%"}, "gross margin": {"2020-12-31": "29.64%", "2020-09-30": "29.15%", "2020-06-30": "28.35%", "2020-03-31": "29.75%", "2019-12-31": "28.77%", "2019-09-30": "28.67%", "2019-06-30": "27.58%", "2019-03-31": "26.02%", "2018-12-31": "25.60%", "2018-09-30": "25.49%", "2018-06-30": "26.44%", "2018-03-31": "27.81%", "2017-12-31": "28.94%", "2017-09-30": "29.77%", "2017-06-30": "31.07%", "2017-03-31": "32.17%", "2016-12-31": "33.02%", "2016-09-30": "33.73%", "2016-06-30": "33.22%", "2016-03-31": "32.22%", "2015-12-31": "31.70%", "2015-09-30": "30.94%", "2015-06-30": "29.82%", "2015-03-31": "29.54%", "2014-12-31": "28.52%", "2014-09-30": "28.18%", "2014-06-30": "28.26%", "2014-03-31": "28.18%", "2013-12-31": "28.64%", "2013-09-30": "28.56%", "2013-06-30": "28.75%", "2013-03-31": "28.47%", "2012-12-31": "28.53%", "2012-09-30": "27.87%", "2012-06-30": "27.11%", "2012-03-31": "26.49%", "2011-12-31": "25.82%", "2011-09-30": "26.65%", "2011-06-30": "27.33%", "2011-03-31": "28.05%", "2010-12-31": "28.64%", "2010-09-30": "29.06%", "2010-06-30": "30.41%", "2010-03-31": "30.98%", "2009-12-31": "30.26%", "2009-09-30": "28.23%", "2009-06-30": "23.25%", "2009-03-31": "20.60%", "2008-12-31": "19.47%", "2008-09-30": "19.28%", "2008-06-30": "20.67%", "2008-03-31": "21.42%", "2007-12-31": "21.60%", "2007-09-30": "21.87%", "2007-06-30": "21.40%", "2007-03-31": "21.16%", "2006-12-31": "20.90%", "2006-09-30": "20.14%", "2006-06-30": "19.97%", "2006-03-31": "19.40%", "2005-12-31": "18.59%"}, "operating margin": {"2020-12-31": "15.56%", "2020-09-30": "15.12%", "2020-06-30": "14.27%", "2020-03-31": "16.50%", "2019-12-31": "15.43%", "2019-09-30": "15.77%", "2019-06-30": "14.81%", "2019-03-31": "13.14%", "2018-12-31": "12.80%", "2018-09-30": "12.29%", "2018-06-30": "12.85%", "2018-03-31": "14.04%", "2017-12-31": "14.70%", "2017-09-30": "14.77%", "2017-06-30": "16.08%", "2017-03-31": "16.75%", "2016-12-31": "17.27%", "2016-09-30": "17.95%", "2016-06-30": "17.54%", "2016-03-31": "16.83%", "2015-12-31": "16.67%", "2015-09-30": "16.60%", "2015-06-30": "15.80%", "2015-03-31": "16.04%", "2014-12-31": "15.50%", "2014-09-30": "15.24%", "2014-06-30": "15.27%", "2014-03-31": "15.03%", "2013-12-31": "15.39%", "2013-09-30": "15.31%", "2013-06-30": "15.78%", "2013-03-31": "15.80%", "2012-12-31": "16.18%", "2012-09-30": "15.53%", "2012-06-30": "16.76%", "2012-03-31": "16.42%", "2011-12-31": "15.58%", "2011-09-30": "16.67%", "2011-06-30": "15.20%", "2011-03-31": "15.49%", "2010-12-31": "15.96%", "2010-09-30": "16.14%", "2010-06-30": "17.66%", "2010-03-31": "17.95%", "2009-12-31": "17.12%", "2009-09-30": "15.32%", "2009-06-30": "10.61%", "2009-03-31": "8.26%", "2008-12-31": "7.23%", "2008-09-30": "6.88%", "2008-06-30": "7.72%", "2008-03-31": "8.09%", "2007-12-31": "7.85%", "2007-09-30": "7.82%", "2007-06-30": "7.78%", "2007-03-31": "7.87%", "2006-12-31": "7.92%", "2006-09-30": "6.16%", "2006-06-30": "5.76%", "2006-03-31": "5.53%", "2005-12-31": "4.65%"}, "ebitda margin": {"2020-09-30": "19.29%", "2020-06-30": "18.45%", "2020-03-31": "20.39%", "2019-12-31": "19.41%", "2019-09-30": "19.55%", "2019-06-30": "18.40%", "2019-03-31": "16.54%", "2018-12-31": "15.90%", "2018-09-30": "15.27%", "2018-06-30": "15.68%", "2018-03-31": "16.67%", "2017-12-31": "17.20%", "2017-09-30": "17.15%", "2017-06-30": "18.36%", "2017-03-31": "19.01%", "2016-12-31": "19.46%", "2016-09-30": "20.12%", "2016-06-30": "19.63%", "2016-03-31": "18.83%", "2015-12-31": "18.58%", "2015-09-30": "18.41%", "2015-06-30": "17.61%", "2015-03-31": "17.85%", "2014-12-31": "17.30%", "2014-09-30": "17.04%", "2014-06-30": "17.02%", "2014-03-31": "16.94%", "2013-12-31": "17.41%", "2013-09-30": "17.41%", "2013-06-30": "17.96%", "2013-03-31": "17.88%", "2012-12-31": "18.17%", "2012-09-30": "17.53%", "2012-06-30": "18.76%", "2012-03-31": "18.38%", "2011-12-31": "17.63%", "2011-09-30": "18.72%", "2011-06-30": "17.33%", "2011-03-31": "17.63%", "2010-12-31": "18.13%", "2010-09-30": "18.32%", "2010-06-30": "19.74%", "2010-03-31": "20.09%", "2009-12-31": "19.28%", "2009-09-30": "17.46%", "2009-06-30": "12.65%", "2009-03-31": "10.17%", "2008-12-31": "9.02%", "2008-09-30": "8.68%", "2008-06-30": "9.61%", "2008-03-31": "10.09%", "2007-12-31": "10.04%", "2007-09-30": "10.10%", "2007-06-30": "10.12%", "2007-03-31": "10.31%", "2006-12-31": "10.37%", "2006-09-30": "8.71%", "2006-06-30": "8.52%", "2006-03-31": "8.52%", "2005-12-31": "7.99%"}, "pre tax profit margin": {"2020-12-31": "16.46%", "2020-09-30": "15.96%", "2020-06-30": "14.13%", "2020-03-31": "16.32%", "2019-12-31": "15.16%", "2019-09-30": "15.31%", "2019-06-30": "14.40%", "2019-03-31": "12.96%", "2018-12-31": "12.67%", "2018-09-30": "12.29%", "2018-06-30": "12.76%", "2018-03-31": "13.73%", "2017-12-31": "14.33%", "2017-09-30": "14.67%", "2017-06-30": "15.89%", "2017-03-31": "16.42%", "2016-12-31": "16.73%", "2016-09-30": "17.11%", "2016-06-30": "16.56%", "2016-03-31": "16.01%", "2015-12-31": "15.87%", "2015-09-30": "15.60%", "2015-06-30": "14.96%", "2015-03-31": "15.05%", "2014-12-31": "14.52%", "2014-09-30": "14.47%", "2014-06-30": "14.45%", "2014-03-31": "14.50%", "2013-12-31": "14.96%", "2013-09-30": "14.95%", "2013-06-30": "15.60%", "2013-03-31": "14.98%", "2012-12-31": "15.28%", "2012-09-30": "14.57%", "2012-06-30": "15.03%", "2012-03-31": "14.87%", "2011-12-31": "14.03%", "2011-09-30": "15.30%", "2011-06-30": "14.21%", "2011-03-31": "14.18%", "2010-12-31": "14.46%", "2010-09-30": "14.53%", "2010-06-30": "16.12%", "2010-03-31": "16.25%", "2009-12-31": "15.62%", "2009-09-30": "13.44%", "2009-06-30": "9.03%", "2009-03-31": "7.50%", "2008-12-31": "6.49%", "2008-09-30": "6.26%", "2008-06-30": "7.13%", "2008-03-31": "7.53%", "2007-12-31": "7.27%", "2007-09-30": "6.15%", "2007-06-30": "5.99%", "2007-03-31": "6.29%", "2006-12-31": "6.33%", "2006-09-30": "5.44%", "2006-06-30": "4.93%", "2006-03-31": "4.21%", "2005-12-31": "3.16%"}, "net profit margin": {"2020-12-31": "13.43%", "2020-09-30": "12.54%", "2020-06-30": "10.92%", "2020-03-31": "12.52%", "2019-12-31": "11.60%", "2019-09-30": "12.17%", "2019-06-30": "11.68%", "2019-03-31": "10.55%", "2018-12-31": "10.22%", "2018-09-30": "7.57%", "2018-06-30": "7.71%", "2018-03-31": "8.33%", "2017-12-31": "8.69%", "2017-09-30": "10.89%", "2017-06-30": "11.57%", "2017-03-31": "11.76%", "2016-12-31": "11.85%", "2016-09-30": "12.38%", "2016-06-30": "11.79%", "2016-03-31": "11.33%", "2015-12-31": "11.16%", "2015-09-30": "10.72%", "2015-06-30": "10.27%", "2015-03-31": "10.35%", "2014-12-31": "9.98%", "2014-09-30": "10.03%", "2014-06-30": "11.02%", "2014-03-31": "11.06%", "2013-12-31": "11.62%", "2013-09-30": "11.82%", "2013-06-30": "11.34%", "2013-03-31": "10.91%", "2012-12-31": "10.85%", "2012-09-30": "10.06%", "2012-06-30": "10.31%", "2012-03-31": "10.21%", "2011-12-31": "9.68%", "2011-09-30": "10.55%", "2011-06-30": "9.75%", "2011-03-31": "9.68%", "2010-12-31": "9.84%", "2010-09-30": "9.99%", "2010-06-30": "10.97%", "2010-03-31": "11.08%", "2009-12-31": "10.65%", "2009-09-30": "9.10%", "2009-06-30": "6.26%", "2009-03-31": "5.21%", "2008-12-31": "4.51%", "2008-09-30": "5.02%", "2008-06-30": "5.62%", "2008-03-31": "6.84%", "2007-12-31": "6.91%", "2007-09-30": "5.47%", "2007-06-30": "5.45%", "2007-03-31": "4.64%", "2006-12-31": "4.51%", "2006-09-30": "5.12%", "2006-06-30": "4.85%", "2006-03-31": "4.48%", "2005-12-31": "3.90%"}, "pe ratio": {"current": "15.74", "2021-02-05": "20.95", "2020-12-31": "21.54", "2020-09-30": "14.83", "2020-06-30": "19.57", "2020-03-31": "15.19", "2019-12-31": "20.97", "2019-09-30": "19.34", "2019-06-30": "17.03", "2019-03-31": "20.18", "2018-12-31": "19.51", "2018-09-30": "25.72", "2018-06-30": "25.67", "2018-03-31": "24.16", "2017-12-31": "23.44", "2017-09-30": "20.51", "2017-06-30": "21.03", "2017-03-31": "20.48", "2016-12-31": "19.24", "2016-09-30": "18.83", "2016-06-30": "18.95", "2016-03-31": "18.71", "2015-12-31": "17.98", "2015-09-30": "17.07", "2015-06-30": "21.78", "2015-03-31": "22.74", "2014-12-31": "19.88", "2014-09-30": "18.80", "2014-06-30": "17.91", "2014-03-31": "18.20", "2013-12-31": "15.02", "2013-09-30": "12.99", "2013-06-30": "12.51", "2013-03-31": "12.84", "2012-12-31": "12.96", "2012-09-30": "12.01", "2012-06-30": "10.28", "2012-03-31": "9.05", "2011-12-31": "10.41", "2011-09-30": "7.47", "2011-06-30": "9.59", "2011-03-31": "9.59", "2010-12-31": "7.94", "2010-09-30": "7.57", "2010-06-30": "5.54", "2010-03-31": "6.89", "2009-12-31": "8.29", "2009-09-30": "8.03", "2009-06-30": "8.26", "2009-03-31": "6.31", "2008-12-31": "5.58", "2008-09-30": "7.68", "2008-06-30": "9.32", "2008-03-31": "9.44", "2007-12-31": "7.37", "2007-09-30": "8.70", "2007-06-30": "8.83", "2007-03-31": "8.72", "2006-12-31": "13.15"}, "price sales": {"2021-02-05": "2.11", "2020-12-31": "2.17", "2020-09-30": "1.86", "2020-06-30": "2.14", "2020-03-31": "1.90", "2019-12-31": "2.43", "2019-09-30": "2.36", "2019-06-30": "2.00", "2019-03-31": "2.15", "2018-12-31": "2.01", "2018-09-30": "1.96", "2018-06-30": "1.98", "2018-03-31": "2.01", "2017-12-31": "2.03", "2017-09-30": "2.22", "2017-06-30": "2.43", "2017-03-31": "2.41", "2016-12-31": "2.28", "2016-09-30": "2.35", "2016-06-30": "2.25", "2016-03-31": "2.13", "2015-12-31": "2.01", "2015-09-30": "1.83", "2015-06-30": "2.24", "2015-03-31": "2.36", "2014-12-31": "1.99", "2014-09-30": "1.89", "2014-06-30": "1.97", "2014-03-31": "2.01", "2013-12-31": "1.74", "2013-09-30": "1.53", "2013-06-30": "1.41", "2013-03-31": "1.40", "2012-12-31": "1.40", "2012-09-30": "1.21", "2012-06-30": "1.06", "2012-03-31": "0.93", "2011-12-31": "1.01", "2011-09-30": "0.80", "2011-06-30": "0.94", "2011-03-31": "0.93", "2010-12-31": "0.79", "2010-09-30": "0.75", "2010-06-30": "0.61", "2010-03-31": "0.76", "2009-12-31": "0.88", "2009-09-30": "0.73", "2009-06-30": "0.52", "2009-03-31": "0.33", "2008-12-31": "0.25", "2008-09-30": "0.39", "2008-06-30": "0.53", "2008-03-31": "0.65", "2007-12-31": "0.52", "2007-09-30": "0.48", "2007-06-30": "0.49", "2007-03-31": "0.41", "2006-12-31": "0.60"}, "price book": {"current": "5.57", "2021-02-05": "5.85", "2020-09-30": "5.14", "2020-06-30": "6.82", "2020-03-31": "6.46", "2019-12-31": "7.81", "2019-09-30": "8.20", "2019-06-30": "7.40", "2019-03-31": "8.73", "2018-12-31": "9.07", "2018-09-30": "7.87", "2018-06-30": "8.02", "2018-03-31": "6.88", "2017-12-31": "7.37", "2017-09-30": "7.58", "2017-06-30": "8.78", "2017-03-31": "9.47", "2016-12-31": "9.69", "2016-09-30": "9.91", "2016-06-30": "10.51", "2016-03-31": "11.06", "2015-12-31": "10.77", "2015-09-30": "10.40", "2015-06-30": "10.12", "2015-03-31": "12.19", "2014-12-31": "10.80", "2014-09-30": "8.71", "2014-06-30": "8.69", "2014-03-31": "8.41", "2013-12-31": "6.84", "2013-09-30": "6.31", "2013-06-30": "6.66", "2013-03-31": "7.34", "2012-12-31": "7.72", "2012-09-30": "3.69", "2012-06-30": "3.56", "2012-03-31": "3.25", "2011-12-31": "3.83", "2011-09-30": "2.89", "2011-06-30": "3.30", "2011-03-31": "3.29", "2010-12-31": "2.75", "2010-09-30": "2.64", "2010-06-30": "2.22", "2010-03-31": "2.52", "2009-12-31": "2.93", "2009-09-30": "2.63", "2009-06-30": "2.17", "2009-03-31": "1.64", "2008-12-31": "1.38", "2008-09-30": "1.81", "2008-06-30": "2.22", "2008-03-31": "2.64", "2007-12-31": "2.04", "2007-09-30": "1.85", "2007-06-30": "1.78", "2007-03-31": "1.64", "2006-12-31": "2.50", "2006-09-30": "2.32", "2006-06-30": "2.07", "2006-03-31": "2.14"}, "price fcf": {"2021-02-05": "", "2020-09-30": "$23.47", "2020-06-30": "$18.44", "2020-03-31": "$28.07", "2019-12-31": "$24.88", "2019-09-30": "$24.23", "2019-06-30": "$20.12", "2019-03-31": "$12.58", "2018-12-31": "$10.71", "2018-09-30": "$7.19", "2018-06-30": "$9.32", "2018-03-31": "$7.90", "2017-12-31": "$7.96", "2017-09-30": "$9.26", "2017-06-30": "$7.97", "2017-03-31": "$12.91", "2016-12-31": "$17.80", "2016-09-30": "$16.36", "2016-06-30": "$16.13", "2016-03-31": "$12.52", "2015-12-31": "$11.56", "2015-09-30": "$12.60", "2015-06-30": "$14.71", "2015-03-31": "$17.12", "2014-12-31": "$13.83", "2014-09-30": "$14.16", "2014-06-30": "$14.69", "2014-03-31": "$15.32", "2013-12-31": "$16.52", "2013-09-30": "$17.68", "2013-06-30": "$18.30", "2013-03-31": "$14.13", "2012-12-31": "$17.46", "2012-09-30": "$15.81", "2012-06-30": "$14.67", "2012-03-31": "$14.28", "2011-12-31": "$9.56", "2011-09-30": "$8.81", "2011-06-30": "$5.89", "2011-03-31": "$5.76", "2010-12-31": "$8.71", "2010-09-30": "$3.51", "2010-06-30": "$3.52", "2010-03-31": "$5.54", "2009-12-31": "$8.96", "2009-09-30": "$10.97", "2009-06-30": "$9.47", "2009-03-31": "$6.03", "2008-12-31": "$-0.72", "2008-09-30": "$0.64", "2008-06-30": "$2.09", "2008-03-31": "$2.65", "2007-12-31": "$4.63", "2007-09-30": "$2.30", "2007-06-30": "$1.75", "2007-03-31": "$1.74", "2006-12-31": "$0.82"}, "net worth": {"value": "$4.23B"}, "current ratio": {"2020-12-31": "2.87", "2020-09-30": "2.77", "2020-06-30": "3.38", "2020-03-31": "2.98", "2019-12-31": "2.85", "2019-09-30": "2.95", "2019-06-30": "2.93", "2019-03-31": "3.29", "2018-12-31": "3.00", "2018-09-30": "3.28", "2018-06-30": "3.19", "2018-03-31": "2.93", "2017-12-31": "2.63", "2017-09-30": "2.74", "2017-06-30": "3.43", "2017-03-31": "3.22", "2016-12-31": "2.84", "2016-09-30": "3.17", "2016-06-30": "3.09", "2016-03-31": "3.22", "2015-12-31": "2.91", "2015-09-30": "3.12", "2015-06-30": "3.23", "2015-03-31": "3.16", "2014-12-31": "3.07", "2014-09-30": "3.37", "2014-06-30": "3.39", "2014-03-31": "3.70", "2013-12-31": "3.62", "2013-09-30": "3.52", "2013-06-30": "3.49", "2013-03-31": "3.34", "2012-12-31": "3.40", "2012-09-30": "3.38", "2012-06-30": "3.41", "2012-03-31": "3.09", "2011-12-31": "3.15", "2011-09-30": "3.01", "2011-06-30": "3.00", "2011-03-31": "3.06", "2010-12-31": "2.92", "2010-09-30": "2.98", "2010-06-30": "2.88", "2010-03-31": "3.19", "2009-12-31": "3.05", "2009-09-30": "2.07", "2009-06-30": "2.87", "2009-03-31": "2.82", "2008-12-31": "3.28", "2008-09-30": "2.60", "2008-06-30": "2.78", "2008-03-31": "2.79", "2007-12-31": "2.79", "2007-09-30": "2.95", "2007-06-30": "3.29", "2007-03-31": "3.06", "2006-12-31": "2.88", "2006-09-30": "2.88", "2006-06-30": "2.85", "2006-03-31": "2.66", "2005-12-31": "2.47", "2005-09-30": "2.55", "2005-06-30": "2.93", "2005-03-31": "2.87"}, "quick ratio": {"2020-12-31": "1.59", "2020-09-30": "1.57", "2020-06-30": "1.86", "2020-03-31": "1.79", "2019-12-31": "1.66", "2019-09-30": "1.63", "2019-06-30": "1.60", "2019-03-31": "1.77", "2018-12-31": "1.54", "2018-09-30": "1.88", "2018-06-30": "1.83", "2018-03-31": "1.60", "2017-12-31": "1.42", "2017-09-30": "1.50", "2017-06-30": "2.20", "2017-03-31": "2.09", "2016-12-31": "1.78", "2016-09-30": "1.94", "2016-06-30": "1.91", "2016-03-31": "1.96", "2015-12-31": "1.58", "2015-09-30": "1.80", "2015-06-30": "1.90", "2015-03-31": "1.81", "2014-12-31": "1.73", "2014-09-30": "2.04", "2014-06-30": "2.05", "2014-03-31": "2.29", "2013-12-31": "2.38", "2013-09-30": "2.33", "2013-06-30": "2.22", "2013-03-31": "1.92", "2012-12-31": "1.91", "2012-09-30": "1.90", "2012-06-30": "1.94", "2012-03-31": "1.78", "2011-12-31": "1.73", "2011-09-30": "1.69", "2011-06-30": "1.65", "2011-03-31": "1.68", "2010-12-31": "1.60", "2010-09-30": "1.68", "2010-06-30": "1.72", "2010-03-31": "2.00", "2009-12-31": "2.07", "2009-09-30": "1.42", "2009-06-30": "1.93", "2009-03-31": "1.78", "2008-12-31": "1.80", "2008-09-30": "1.48", "2008-06-30": "1.65", "2008-03-31": "1.66", "2007-12-31": "1.70", "2007-09-30": "1.84", "2007-06-30": "2.14", "2007-03-31": "1.86", "2006-12-31": "1.73", "2006-09-30": "1.78", "2006-06-30": "1.76", "2006-03-31": "1.58", "2005-12-31": "1.56", "2005-09-30": "1.54", "2005-06-30": "1.73", "2005-03-31": "1.56"}, "debt equity ratio": {"current": "0.79", "2020-12-31": "1.55", "2020-09-30": "1.60", "2020-06-30": "1.83", "2020-03-31": "2.03", "2019-12-31": "1.76", "2019-09-30": "1.81", "2019-06-30": "2.00", "2019-03-31": "2.34", "2018-12-31": "2.46", "2018-09-30": "2.26", "2018-06-30": "2.21", "2018-03-31": "1.72", "2017-12-31": "1.85", "2017-09-30": "1.71", "2017-06-30": "1.80", "2017-03-31": "1.93", "2016-12-31": "1.93", "2016-09-30": "1.94", "2016-06-30": "2.14", "2016-03-31": "2.37", "2015-12-31": "2.32", "2015-09-30": "2.43", "2015-06-30": "1.60", "2015-03-31": "1.84", "2014-12-31": "1.93", "2014-09-30": "1.61", "2014-06-30": "1.48", "2014-03-31": "1.39", "2013-12-31": "1.32", "2013-09-30": "1.50", "2013-06-30": "1.74", "2013-03-31": "2.06", "2012-12-31": "2.14", "2012-09-30": "0.77", "2012-06-30": "0.91", "2012-03-31": "1.04", "2011-12-31": "1.17", "2011-09-30": "1.18", "2011-06-30": "1.15", "2011-03-31": "1.17", "2010-12-31": "1.16", "2010-09-30": "1.26", "2010-06-30": "1.33", "2010-03-31": "1.14", "2009-12-31": "1.24", "2009-09-30": "1.44", "2009-06-30": "1.55", "2009-03-31": "1.60", "2008-12-31": "1.79", "2008-09-30": "1.61", "2008-06-30": "1.39", "2008-03-31": "1.42", "2007-12-31": "1.43", "2007-09-30": "1.43", "2007-06-30": "1.26", "2007-03-31": "1.36", "2006-12-31": "1.47", "2006-09-30": "1.36", "2006-06-30": "1.41", "2006-03-31": "1.52", "2005-12-31": "1.64", "2005-09-30": "1.61", "2005-06-30": "1.77", "2005-03-31": "1.84"}, "return on equity": {"2020-12-31": "39.16%", "2020-09-30": "37.75%", "2020-06-30": "34.80%", "2020-03-31": "43.62%", "2019-12-31": "41.66%", "2019-09-30": "47.55%", "2019-06-30": "47.13%", "2019-03-31": "44.03%", "2018-12-31": "41.40%", "2018-09-30": "29.50%", "2018-06-30": "29.05%", "2018-03-31": "30.30%", "2017-12-31": "32.58%", "2017-09-30": "41.87%", "2017-06-30": "47.04%", "2017-03-31": "50.96%", "2016-12-31": "54.51%", "2016-09-30": "59.48%", "2016-06-30": "61.00%", "2016-03-31": "57.42%", "2015-12-31": "56.14%", "2015-09-30": "54.61%", "2015-06-30": "50.03%", "2015-03-31": "51.28%", "2014-12-31": "47.43%", "2014-09-30": "44.42%", "2014-06-30": "47.59%", "2014-03-31": "48.08%", "2013-12-31": "53.11%", "2013-09-30": "57.83%", "2013-06-30": "49.90%", "2013-03-31": "44.06%", "2012-12-31": "40.29%", "2012-09-30": "34.93%", "2012-06-30": "38.30%", "2012-03-31": "39.23%", "2011-12-31": "37.79%", "2011-09-30": "41.63%", "2011-06-30": "38.35%", "2011-03-31": "38.34%", "2010-12-31": "37.60%", "2010-09-30": "37.64%", "2010-06-30": "41.53%", "2010-03-31": "41.31%", "2009-12-31": "42.23%", "2009-09-30": "39.51%", "2009-06-30": "29.32%", "2009-03-31": "25.57%", "2008-12-31": "22.46%", "2008-09-30": "24.43%", "2008-06-30": "26.16%", "2008-03-31": "30.09%", "2007-12-31": "29.19%", "2007-09-30": "22.40%", "2007-06-30": "21.79%", "2007-03-31": "19.08%", "2006-12-31": "19.02%", "2006-09-30": "21.99%", "2006-06-30": "21.01%", "2006-03-31": "19.43%", "2005-12-31": "16.68%"}, "return on assets": {"2020-12-31": "14.31%", "2020-09-30": "13.50%", "2020-06-30": "12.18%", "2020-03-31": "15.06%", "2019-12-31": "14.07%", "2019-09-30": "15.19%", "2019-06-30": "14.47%", "2019-03-31": "13.28%", "2018-12-31": "13.20%", "2018-09-30": "9.85%", "2018-06-30": "10.16%", "2018-03-31": "10.95%", "2017-12-31": "11.55%", "2017-09-30": "14.76%", "2017-06-30": "16.23%", "2017-03-31": "17.09%", "2016-12-31": "17.69%", "2016-09-30": "18.72%", "2016-06-30": "18.44%", "2016-03-31": "18.29%", "2015-12-31": "18.66%", "2015-09-30": "18.70%", "2015-06-30": "18.31%", "2015-03-31": "19.01%", "2014-12-31": "18.36%", "2014-09-30": "18.18%", "2014-06-30": "19.67%", "2014-03-31": "19.42%", "2013-12-31": "20.27%", "2013-09-30": "20.44%", "2013-06-30": "19.65%", "2013-03-31": "19.08%", "2012-12-31": "19.11%", "2012-09-30": "17.85%", "2012-06-30": "18.54%", "2012-03-31": "18.41%", "2011-12-31": "17.45%", "2011-09-30": "19.23%", "2011-06-30": "17.58%", "2011-03-31": "17.23%", "2010-12-31": "16.95%", "2010-09-30": "16.82%", "2010-06-30": "18.20%", "2010-03-31": "17.77%", "2009-12-31": "17.33%", "2009-09-30": "15.33%", "2009-06-30": "11.16%", "2009-03-31": "9.88%", "2008-12-31": "8.83%", "2008-09-30": "9.92%", "2008-06-30": "10.81%", "2008-03-31": "12.62%", "2007-12-31": "12.31%", "2007-09-30": "9.41%", "2007-06-30": "9.23%", "2007-03-31": "7.95%", "2006-12-31": "7.80%", "2006-09-30": "8.89%", "2006-06-30": "8.28%", "2006-03-31": "7.38%", "2005-12-31": "6.16%"}, "return on investments": {"2020-12-31": "23.20%", "2020-09-30": "22.74%", "2020-06-30": "22.18%", "2020-03-31": "27.85%", "2019-12-31": "26.09%", "2019-09-30": "27.04%", "2019-06-30": "24.92%", "2019-03-31": "22.29%", "2018-12-31": "22.38%", "2018-09-30": "21.93%", "2018-06-30": "23.43%", "2018-03-31": "25.52%", "2017-12-31": "26.98%", "2017-09-30": "27.63%", "2017-06-30": "31.22%", "2017-03-31": "34.18%", "2016-12-31": "36.46%", "2016-09-30": "38.61%", "2016-06-30": "39.48%", "2016-03-31": "39.64%", "2015-12-31": "41.56%", "2015-09-30": "43.91%", "2015-06-30": "42.78%", "2015-03-31": "44.46%", "2014-12-31": "42.30%", "2014-09-30": "40.11%", "2014-06-30": "39.89%", "2014-03-31": "39.05%", "2013-12-31": "40.28%", "2013-09-30": "40.34%", "2013-06-30": "41.47%", "2013-03-31": "41.50%", "2012-12-31": "42.82%", "2012-09-30": "41.35%", "2012-06-30": "45.18%", "2012-03-31": "44.28%", "2011-12-31": "41.59%", "2011-09-30": "44.86%", "2011-06-30": "40.66%", "2011-03-31": "41.28%", "2010-12-31": "41.27%", "2010-09-30": "40.92%", "2010-06-30": "45.90%", "2010-03-31": "45.53%", "2009-12-31": "45.00%", "2009-09-30": "41.96%", "2009-06-30": "29.75%", "2009-03-31": "24.68%", "2008-12-31": "22.44%", "2008-09-30": "21.85%", "2008-06-30": "24.03%", "2008-03-31": "24.07%", "2007-12-31": "22.49%", "2007-09-30": "21.67%", "2007-06-30": "21.11%", "2007-03-31": "21.65%", "2006-12-31": "22.10%", "2006-09-30": "17.35%", "2006-06-30": "16.08%", "2006-03-31": "14.85%", "2005-12-31": "11.86%"}, "return on tangible equity": {"2020-09-30": "46.94%", "2020-06-30": "43.69%", "2020-03-31": "55.10%", "2019-12-31": "53.31%", "2019-09-30": "62.49%", "2019-06-30": "62.72%", "2019-03-31": "59.11%", "2018-12-31": "54.83%", "2018-09-30": "38.67%", "2018-06-30": "37.98%", "2018-03-31": "36.96%", "2017-12-31": "37.60%", "2017-09-30": "45.51%", "2017-06-30": "47.96%", "2017-03-31": "51.99%", "2016-12-31": "55.70%", "2016-09-30": "60.89%", "2016-06-30": "62.65%", "2016-03-31": "59.10%", "2015-12-31": "57.90%", "2015-09-30": "56.50%", "2015-06-30": "51.84%", "2015-03-31": "53.30%", "2014-12-31": "49.36%", "2014-09-30": "46.24%", "2014-06-30": "49.64%", "2014-03-31": "50.35%", "2013-12-31": "56.00%", "2013-09-30": "61.54%", "2013-06-30": "52.99%", "2013-03-31": "46.73%", "2012-12-31": "42.65%", "2012-09-30": "36.97%", "2012-06-30": "40.86%", "2012-03-31": "42.14%", "2011-12-31": "40.91%", "2011-09-30": "45.38%", "2011-06-30": "42.12%", "2011-03-31": "42.58%", "2010-12-31": "41.82%", "2010-09-30": "41.90%", "2010-06-30": "46.37%", "2010-03-31": "46.35%", "2009-12-31": "48.30%", "2009-09-30": "46.34%", "2009-06-30": "35.06%", "2009-03-31": "30.40%", "2008-12-31": "26.45%", "2008-09-30": "28.47%", "2008-06-30": "30.28%", "2008-03-31": "35.01%", "2007-12-31": "34.20%", "2007-09-30": "26.42%", "2007-06-30": "25.71%", "2007-03-31": "22.67%", "2006-12-31": "22.69%", "2006-09-30": "26.36%", "2006-06-30": "25.61%", "2006-03-31": "24.09%", "2005-12-31": "21.08%"}, "dividend yield history": {"last payout": "$7.60", "last yield": "1.96%"}}