{"ticker": "NWSA", "price": {"title": "News Historical Annual Stock Price Data", "value": 21.22, "historical": {"2020": {"Average Stock Price": "13.3634", "Year Open": "14.4400", "Year High": "18.6750", "Year Low": "8.1800", "Year Close": "17.9700", "Annual % Change": "27.09%"}, "2019": {"Average Stock Price": "12.9891", "Year Open": "11.3900", "Year High": "14.5500", "Year Low": "11.2800", "Year Close": "14.1400", "Annual % Change": "24.58%"}, "2018": {"Average Stock Price": "14.7584", "Year Open": "16.4300", "Year High": "17.2200", "Year Low": "10.8700", "Year Close": "11.3500", "Annual % Change": "-29.98%"}, "2017": {"Average Stock Price": "13.5285", "Year Open": "11.6900", "Year High": "16.5900", "Year Low": "11.6900", "Year Close": "16.2100", "Annual % Change": "41.45%"}, "2016": {"Average Stock Price": "12.3698", "Year Open": "13.2100", "Year High": "14.6200", "Year Low": "10.4000", "Year Close": "11.4600", "Annual % Change": "-14.22%"}, "2015": {"Average Stock Price": "14.8763", "Year Open": "15.5900", "Year High": "17.4400", "Year Low": "12.2600", "Year Close": "13.3600", "Annual % Change": "-14.85%"}, "2014": {"Average Stock Price": "16.8698", "Year Open": "17.9500", "Year High": "18.4000", "Year Low": "14.6000", "Year Close": "15.6900", "Annual % Change": "-12.93%"}, "2013": {"Average Stock Price": "16.5495", "Year Open": "15.8000", "Year High": "18.0200", "Year Low": "14.6700", "Year Close": "18.0200", "Annual % Change": "0.00%"}}}, "market cap": {"value": "$12.53B"}, "income statement": {"Revenue": {"2020-06-30": "9008.00000", "2019-06-30": "10074.00000", "2018-06-30": "9024.00000", "2017-06-30": "8139.00000", "2016-06-30": "8292.00000", "2015-06-30": "8524.00000", "2014-06-30": "8486.00000", "2013-06-30": "8891.00000", "2012-06-30": "8654.00000", "2011-06-30": "9095.00000"}, "Cost Of Goods Sold": {"2020-06-30": "5000.00000", "2019-06-30": "5639.00000", "2018-06-30": "4904.00000", "2017-06-30": "4529.00000", "2016-06-30": "4728.00000", "2015-06-30": "4952.00000", "2014-06-30": "5074.00000", "2013-06-30": "5420.00000", "2012-06-30": "5122.00000", "2011-06-30": "5234.00000"}, "Gross Profit": {"2020-06-30": "4008.00000", "2019-06-30": "4435.00000", "2018-06-30": "4120.00000", "2017-06-30": "3610.00000", "2016-06-30": "3564.00000", "2015-06-30": "3572.00000", "2014-06-30": "3412.00000", "2013-06-30": "3471.00000", "2012-06-30": "3532.00000", "2011-06-30": "3861.00000"}, "Research And Development Expenses": {"2020-06-30": "", "2019-06-30": "", "2018-06-30": "", "2017-06-30": "", "2016-06-30": "", "2015-06-30": "", "2014-06-30": "", "2013-06-30": "", "2012-06-30": "", "2011-06-30": ""}, "SG&A Expenses": {"2020-06-30": "2995.00000", "2019-06-30": "3191.00000", "2018-06-30": "3049.00000", "2017-06-30": "2728.00000", "2016-06-30": "2722.00000", "2015-06-30": "2627.00000", "2014-06-30": "2449.00000", "2013-06-30": "2783.00000", "2012-06-30": "2750.00000", "2011-06-30": "2648.00000"}, "Other Operating Income Or Expenses": {"2020-06-30": "", "2019-06-30": "", "2018-06-30": "", "2017-06-30": "", "2016-06-30": "-158.00000", "2015-06-30": "", "2014-06-30": "", "2013-06-30": "", "2012-06-30": "", "2011-06-30": ""}, "Operating Expenses": {"2020-06-30": "8639.00000", "2019-06-30": "9489.00000", "2018-06-30": "8425.00000", "2017-06-30": "7706.00000", "2016-06-30": "8113.00000", "2015-06-30": "8077.00000", "2014-06-30": "8075.00000", "2013-06-30": "8751.00000", "2012-06-30": "8355.00000", "2011-06-30": "8312.00000"}, "Operating Income": {"2020-06-30": "369.00000", "2019-06-30": "585.00000", "2018-06-30": "599.00000", "2017-06-30": "433.00000", "2016-06-30": "179.00000", "2015-06-30": "447.00000", "2014-06-30": "411.00000", "2013-06-30": "140.00000", "2012-06-30": "299.00000", "2011-06-30": "783.00000"}, "Total Non-Operating Income/Expense": {"2020-06-30": "-1893.00000", "2019-06-30": "-231.00000", "2018-06-30": "-1688.00000", "2017-06-30": "-1048.00000", "2016-06-30": "2.00000", "2015-06-30": "105.00000", "2014-06-30": "-589.00000", "2013-06-30": "33.00000", "2012-06-30": "-2676.00000", "2011-06-30": "178.00000"}, "Pre-Tax Income": {"2020-06-30": "-1524.00000", "2019-06-30": "354.00000", "2018-06-30": "-1089.00000", "2017-06-30": "-615.00000", "2016-06-30": "181.00000", "2015-06-30": "552.00000", "2014-06-30": "-178.00000", "2013-06-30": "173.00000", "2012-06-30": "-2377.00000", "2011-06-30": "961.00000"}, "Income Taxes": {"2020-06-30": "21.00000", "2019-06-30": "126.00000", "2018-06-30": "355.00000", "2017-06-30": "28.00000", "2016-06-30": "-54.00000", "2015-06-30": "185.00000", "2014-06-30": "-614.00000", "2013-06-30": "-374.00000", "2012-06-30": "-337.00000", "2011-06-30": "257.00000"}, "Income After Taxes": {"2020-06-30": "-1545.00000", "2019-06-30": "228.00000", "2018-06-30": "-1444.00000", "2017-06-30": "-643.00000", "2016-06-30": "235.00000", "2015-06-30": "367.00000", "2014-06-30": "436.00000", "2013-06-30": "547.00000", "2012-06-30": "-2040.00000", "2011-06-30": "704.00000"}, "Other Income": {"2020-06-30": "", "2019-06-30": "", "2018-06-30": "", "2017-06-30": "", "2016-06-30": "", "2015-06-30": "", "2014-06-30": "", "2013-06-30": "", "2012-06-30": "", "2011-06-30": ""}, "Income From Continuous Operations": {"2020-06-30": "-1545.00000", "2019-06-30": "228.00000", "2018-06-30": "-1444.00000", "2017-06-30": "-643.00000", "2016-06-30": "235.00000", "2015-06-30": "367.00000", "2014-06-30": "436.00000", "2013-06-30": "547.00000", "2012-06-30": "-2040.00000", "2011-06-30": "704.00000"}, "Income From Discontinued Operations": {"2020-06-30": "", "2019-06-30": "", "2018-06-30": "", "2017-06-30": "", "2016-06-30": "15.00000", "2015-06-30": "-445.00000", "2014-06-30": "-142.00000", "2013-06-30": "", "2012-06-30": "", "2011-06-30": ""}, "Net Income": {"2020-06-30": "-1269.00000", "2019-06-30": "155.00000", "2018-06-30": "-1516.00000", "2017-06-30": "-740.00000", "2016-06-30": "177.00000", "2015-06-30": "-149.00000", "2014-06-30": "237.00000", "2013-06-30": "506.00000", "2012-06-30": "-2075.00000", "2011-06-30": "678.00000"}, "EBITDA": {"2020-06-30": "1013.00000", "2019-06-30": "1244.00000", "2018-06-30": "1071.00000", "2017-06-30": "882.00000", "2016-06-30": "684.00000", "2015-06-30": "945.00000", "2014-06-30": "963.00000", "2013-06-30": "688.00000", "2012-06-30": "782.00000", "2011-06-30": "1213.00000"}, "EBIT": {"2020-06-30": "369.00000", "2019-06-30": "585.00000", "2018-06-30": "599.00000", "2017-06-30": "433.00000", "2016-06-30": "179.00000", "2015-06-30": "447.00000", "2014-06-30": "411.00000", "2013-06-30": "140.00000", "2012-06-30": "299.00000", "2011-06-30": "783.00000"}, "Basic Shares Outstanding": {"2020-06-30": "587.90000", "2019-06-30": "584.70000", "2018-06-30": "582.70000", "2017-06-30": "581.40000", "2016-06-30": "580.60000", "2015-06-30": "581.00000", "2014-06-30": "579.00000", "2013-06-30": "578.80000", "2012-06-30": "578.80000", "2011-06-30": "579.48720"}, "Shares Outstanding": {"2020-06-30": "587.90000", "2019-06-30": "587.90000", "2018-06-30": "582.70000", "2017-06-30": "581.40000", "2016-06-30": "582.50000", "2015-06-30": "582.60000", "2014-06-30": "579.70000", "2013-06-30": "579.40000", "2012-06-30": "578.80000", "2011-06-30": "579.48720"}, "Basic EPS": {"2020-06-30": "-2.16000", "2019-06-30": "0.27000", "2018-06-30": "-2.60000", "2017-06-30": "-1.27000", "2016-06-30": "0.30000", "2015-06-30": "-0.26000", "2014-06-30": "0.41000", "2013-06-30": "0.87000", "2012-06-30": "-3.58000", "2011-06-30": "1.17000"}, "EPS - Earnings Per Share": {"2020-06-30": "-2.16000", "2019-06-30": "0.26000", "2018-06-30": "-2.60000", "2017-06-30": "-1.27000", "2016-06-30": "0.30000", "2015-06-30": "-0.26000", "2014-06-30": "0.41000", "2013-06-30": "0.87000", "2012-06-30": "-3.58000", "2011-06-30": "1.17000"}}, "income statement, quarterly": {"Revenue": {"2020-12-31": "2414.00000", "2020-09-30": "2117.00000", "2020-06-30": "1923.00000", "2020-03-31": "2266.00000", "2019-12-31": "2479.00000", "2019-09-30": "2340.00000", "2019-06-30": "2466.00000", "2019-03-31": "2457.00000", "2018-12-31": "2627.00000", "2018-09-30": "2524.00000", "2018-06-30": "2693.00000", "2018-03-31": "2093.00000", "2017-12-31": "2180.00000", "2017-09-30": "2058.00000", "2017-06-30": "2080.00000", "2017-03-31": "1978.00000", "2016-12-31": "2116.00000", "2016-09-30": "1965.00000", "2016-06-30": "2226.00000", "2016-03-31": "1891.00000", "2015-12-31": "2161.00000", "2015-09-30": "2014.00000", "2015-06-30": "2117.00000", "2015-03-31": "2041.00000", "2014-12-31": "2258.00000", "2014-09-30": "2108.00000", "2014-06-30": "2098.00000", "2014-03-31": "2078.00000", "2013-12-31": "2238.00000", "2013-09-30": "2072.00000", "2013-06-30": "2257.00000", "2013-03-31": "2180.00000", "2012-12-31": "2321.00000", "2012-09-30": "2133.00000", "2012-06-30": "", "2011-06-30": ""}, "Cost Of Goods Sold": {"2020-12-31": "1198.00000", "2020-09-30": "1164.00000", "2020-06-30": "1031.00000", "2020-03-31": "1281.00000", "2019-12-31": "1350.00000", "2019-09-30": "1338.00000", "2019-06-30": "1415.00000", "2019-03-31": "1400.00000", "2018-12-31": "1484.00000", "2018-09-30": "1340.00000", "2018-06-30": "1465.00000", "2018-03-31": "1151.00000", "2017-12-31": "1139.00000", "2017-09-30": "1149.00000", "2017-06-30": "1145.00000", "2017-03-31": "1101.00000", "2016-12-31": "1126.00000", "2016-09-30": "1157.00000", "2016-06-30": "1252.00000", "2016-03-31": "1084.00000", "2015-12-31": "1193.00000", "2015-09-30": "1199.00000", "2015-06-30": "1215.00000", "2015-03-31": "1204.00000", "2014-12-31": "1251.00000", "2014-09-30": "1282.00000", "2014-06-30": "1246.00000", "2014-03-31": "1259.00000", "2013-12-31": "1274.00000", "2013-09-30": "1295.00000", "2013-06-30": "1380.00000", "2013-03-31": "1354.00000", "2012-12-31": "1352.00000", "2012-09-30": "1334.00000", "2012-06-30": "", "2011-06-30": ""}, "Gross Profit": {"2020-12-31": "1216.00000", "2020-09-30": "953.00000", "2020-06-30": "892.00000", "2020-03-31": "985.00000", "2019-12-31": "1129.00000", "2019-09-30": "1002.00000", "2019-06-30": "1051.00000", "2019-03-31": "1057.00000", "2018-12-31": "1143.00000", "2018-09-30": "1184.00000", "2018-06-30": "1228.00000", "2018-03-31": "942.00000", "2017-12-31": "1041.00000", "2017-09-30": "909.00000", "2017-06-30": "935.00000", "2017-03-31": "877.00000", "2016-12-31": "990.00000", "2016-09-30": "808.00000", "2016-06-30": "974.00000", "2016-03-31": "807.00000", "2015-12-31": "968.00000", "2015-09-30": "815.00000", "2015-06-30": "902.00000", "2015-03-31": "837.00000", "2014-12-31": "1007.00000", "2014-09-30": "826.00000", "2014-06-30": "852.00000", "2014-03-31": "819.00000", "2013-12-31": "964.00000", "2013-09-30": "777.00000", "2013-06-30": "877.00000", "2013-03-31": "826.00000", "2012-12-31": "969.00000", "2012-09-30": "799.00000", "2012-06-30": "", "2011-06-30": ""}, "Research And Development Expenses": {"2020-12-31": "", "2020-09-30": "", "2020-06-30": "", "2020-03-31": "", "2019-12-31": "", "2019-09-30": "", "2019-06-30": "", "2019-03-31": "", "2018-12-31": "", "2018-09-30": "", "2018-06-30": "", "2018-03-31": "", "2017-12-31": "", "2017-09-30": "", "2017-06-30": "", "2017-03-31": "", "2016-12-31": "", "2016-09-30": "", "2016-06-30": "", "2016-03-31": "", "2015-12-31": "", "2015-09-30": "", "2015-06-30": "", "2015-03-31": "", "2014-12-31": "", "2014-09-30": "", "2014-06-30": "", "2014-03-31": "", "2013-12-31": "", "2013-09-30": "", "2013-06-30": "0.00000", "2013-03-31": "", "2012-12-31": "", "2012-09-30": "", "2012-06-30": "", "2011-06-30": ""}, "SG&A Expenses": {"2020-12-31": "719.00000", "2020-09-30": "685.00000", "2020-06-30": "697.00000", "2020-03-31": "743.00000", "2019-12-31": "774.00000", "2019-09-30": "781.00000", "2019-06-30": "782.00000", "2019-03-31": "810.00000", "2018-12-31": "773.00000", "2018-09-30": "826.00000", "2018-06-30": "914.00000", "2018-03-31": "761.00000", "2017-12-31": "713.00000", "2017-09-30": "661.00000", "2017-06-30": "723.00000", "2017-03-31": "662.00000", "2016-12-31": "665.00000", "2016-09-30": "678.00000", "2016-06-30": "735.00000", "2016-03-31": "649.00000", "2015-12-31": "688.00000", "2015-09-30": "650.00000", "2015-06-30": "687.00000", "2015-03-31": "653.00000", "2014-12-31": "655.00000", "2014-09-30": "632.00000", "2014-06-30": "532.00000", "2014-03-31": "644.00000", "2013-12-31": "637.00000", "2013-09-30": "636.00000", "2013-06-30": "747.00000", "2013-03-31": "657.00000", "2012-12-31": "669.00000", "2012-09-30": "710.00000", "2012-06-30": "", "2011-06-30": ""}, "Other Operating Income Or Expenses": {"2020-12-31": "", "2020-09-30": "", "2020-06-30": "", "2020-03-31": "", "2019-12-31": "", "2019-09-30": "", "2019-06-30": "", "2019-03-31": "", "2018-12-31": "", "2018-09-30": "", "2018-06-30": "", "2018-03-31": "", "2017-12-31": "", "2017-09-30": "", "2017-06-30": "", "2017-03-31": "", "2016-12-31": "", "2016-09-30": "", "2016-06-30": "122.00000", "2016-03-31": "-280.00000", "2015-12-31": "", "2015-09-30": "", "2015-06-30": "", "2015-03-31": "", "2014-12-31": "", "2014-09-30": "", "2014-06-30": "", "2014-03-31": "", "2013-12-31": "", "2013-09-30": "", "2013-06-30": "", "2013-03-31": "", "2012-12-31": "", "2012-09-30": "", "2012-06-30": "", "2011-06-30": ""}, "Operating Expenses": {"2020-12-31": "2084.00000", "2020-09-30": "2013.00000", "2020-06-30": "1888.00000", "2020-03-31": "2184.00000", "2019-12-31": "2286.00000", "2019-09-30": "2281.00000", "2019-06-30": "2362.00000", "2019-03-31": "2378.00000", "2018-12-31": "2420.00000", "2018-09-30": "2329.00000", "2018-06-30": "2554.00000", "2018-03-31": "2012.00000", "2017-12-31": "1952.00000", "2017-09-30": "1907.00000", "2017-06-30": "1968.00000", "2017-03-31": "1872.00000", "2016-12-31": "1911.00000", "2016-09-30": "1955.00000", "2016-06-30": "2000.00000", "2016-03-31": "2139.00000", "2015-12-31": "2004.00000", "2015-09-30": "1970.00000", "2015-06-30": "2025.00000", "2015-03-31": "1981.00000", "2014-12-31": "2033.00000", "2014-09-30": "2038.00000", "2014-06-30": "1909.00000", "2014-03-31": "2045.00000", "2013-12-31": "2049.00000", "2013-09-30": "2072.00000", "2013-06-30": "2277.00000", "2013-03-31": "2155.00000", "2012-12-31": "2150.00000", "2012-09-30": "2169.00000", "2012-06-30": "", "2011-06-30": ""}, "Operating Income": {"2020-12-31": "330.00000", "2020-09-30": "104.00000", "2020-06-30": "35.00000", "2020-03-31": "82.00000", "2019-12-31": "193.00000", "2019-09-30": "59.00000", "2019-06-30": "104.00000", "2019-03-31": "79.00000", "2018-12-31": "207.00000", "2018-09-30": "195.00000", "2018-06-30": "139.00000", "2018-03-31": "81.00000", "2017-12-31": "228.00000", "2017-09-30": "151.00000", "2017-06-30": "112.00000", "2017-03-31": "106.00000", "2016-12-31": "205.00000", "2016-09-30": "10.00000", "2016-06-30": "226.00000", "2016-03-31": "-248.00000", "2015-12-31": "157.00000", "2015-09-30": "44.00000", "2015-06-30": "92.00000", "2015-03-31": "60.00000", "2014-12-31": "225.00000", "2014-09-30": "70.00000", "2014-06-30": "189.00000", "2014-03-31": "33.00000", "2013-12-31": "189.00000", "2013-09-30": "", "2013-06-30": "-20.00000", "2013-03-31": "25.00000", "2012-12-31": "171.00000", "2012-09-30": "-36.00000", "2012-06-30": "", "2011-06-30": ""}, "Total Non-Operating Income/Expense": {"2020-12-31": "16.00000", "2020-09-30": "-32.00000", "2020-06-30": "-436.00000", "2020-03-31": "-1128.00000", "2019-12-31": "-38.00000", "2019-09-30": "-291.00000", "2019-06-30": "-132.00000", "2019-03-31": "-49.00000", "2018-12-31": "-33.00000", "2018-09-30": "-17.00000", "2018-06-30": "-431.00000", "2018-03-31": "-1188.00000", "2017-12-31": "-59.00000", "2017-09-30": "-10.00000", "2017-06-30": "-520.00000", "2017-03-31": "-61.00000", "2016-12-31": "-456.00000", "2016-09-30": "-11.00000", "2016-06-30": "-26.00000", "2016-03-31": "22.00000", "2015-12-31": "-2.00000", "2015-09-30": "8.00000", "2015-06-30": "-24.00000", "2015-03-31": "21.00000", "2014-12-31": "22.00000", "2014-09-30": "86.00000", "2014-06-30": "54.00000", "2014-03-31": "29.00000", "2013-12-31": "-234.00000", "2013-09-30": "-438.00000", "2013-06-30": "-1440.00000", "2013-03-31": "312.00000", "2012-12-31": "1236.00000", "2012-09-30": "-75.00000", "2012-06-30": "", "2011-06-30": ""}, "Pre-Tax Income": {"2020-12-31": "346.00000", "2020-09-30": "72.00000", "2020-06-30": "-401.00000", "2020-03-31": "-1046.00000", "2019-12-31": "155.00000", "2019-09-30": "-232.00000", "2019-06-30": "-28.00000", "2019-03-31": "30.00000", "2018-12-31": "174.00000", "2018-09-30": "178.00000", "2018-06-30": "-292.00000", "2018-03-31": "-1107.00000", "2017-12-31": "169.00000", "2017-09-30": "141.00000", "2017-06-30": "-408.00000", "2017-03-31": "45.00000", "2016-12-31": "-251.00000", "2016-09-30": "-1.00000", "2016-06-30": "200.00000", "2016-03-31": "-226.00000", "2015-12-31": "155.00000", "2015-09-30": "52.00000", "2015-06-30": "68.00000", "2015-03-31": "81.00000", "2014-12-31": "247.00000", "2014-09-30": "156.00000", "2014-06-30": "243.00000", "2014-03-31": "62.00000", "2013-12-31": "-45.00000", "2013-09-30": "-438.00000", "2013-06-30": "-1460.00000", "2013-03-31": "337.00000", "2012-12-31": "1407.00000", "2012-09-30": "-111.00000", "2012-06-30": "", "2011-06-30": ""}, "Income Taxes": {"2020-12-31": "85.00000", "2020-09-30": "25.00000", "2020-06-30": "", "2020-03-31": "-10.00000", "2019-12-31": "52.00000", "2019-09-30": "-21.00000", "2019-06-30": "14.00000", "2019-03-31": "7.00000", "2018-12-31": "55.00000", "2018-09-30": "50.00000", "2018-06-30": "63.00000", "2018-03-31": "3.00000", "2017-12-31": "235.00000", "2017-09-30": "54.00000", "2017-06-30": "16.00000", "2017-03-31": "45.00000", "2016-12-31": "-32.00000", "2016-09-30": "-1.00000", "2016-06-30": "86.00000", "2016-03-31": "-98.00000", "2015-12-31": "49.00000", "2015-09-30": "-91.00000", "2015-06-30": "48.00000", "2015-03-31": "25.00000", "2014-12-31": "65.00000", "2014-09-30": "47.00000", "2014-06-30": "72.00000", "2014-03-31": "1.00000", "2013-12-31": "-211.00000", "2013-09-30": "-476.00000", "2013-06-30": "-347.00000", "2013-03-31": "5.00000", "2012-12-31": "-4.00000", "2012-09-30": "-28.00000", "2012-06-30": "", "2011-06-30": ""}, "Income After Taxes": {"2020-12-31": "261.00000", "2020-09-30": "47.00000", "2020-06-30": "-401.00000", "2020-03-31": "-1036.00000", "2019-12-31": "103.00000", "2019-09-30": "-211.00000", "2019-06-30": "-42.00000", "2019-03-31": "23.00000", "2018-12-31": "119.00000", "2018-09-30": "128.00000", "2018-06-30": "-355.00000", "2018-03-31": "-1110.00000", "2017-12-31": "-66.00000", "2017-09-30": "87.00000", "2017-06-30": "-424.00000", "2017-03-31": "", "2016-12-31": "-219.00000", "2016-09-30": "", "2016-06-30": "114.00000", "2016-03-31": "-128.00000", "2015-12-31": "106.00000", "2015-09-30": "143.00000", "2015-06-30": "20.00000", "2015-03-31": "56.00000", "2014-12-31": "182.00000", "2014-09-30": "109.00000", "2014-06-30": "171.00000", "2014-03-31": "61.00000", "2013-12-31": "166.00000", "2013-09-30": "38.00000", "2013-06-30": "-1113.00000", "2013-03-31": "332.00000", "2012-12-31": "1411.00000", "2012-09-30": "-83.00000", "2012-06-30": "", "2011-06-30": ""}, "Other Income": {"2020-12-31": "", "2020-09-30": "", "2020-06-30": "", "2020-03-31": "", "2019-12-31": "", "2019-09-30": "", "2019-06-30": "", "2019-03-31": "", "2018-12-31": "", "2018-09-30": "", "2018-06-30": "", "2018-03-31": "", "2017-12-31": "", "2017-09-30": "", "2017-06-30": "", "2017-03-31": "", "2016-12-31": "", "2016-09-30": "", "2016-06-30": "", "2016-03-31": "", "2015-12-31": "", "2015-09-30": "", "2015-06-30": "", "2015-03-31": "", "2014-12-31": "", "2014-09-30": "", "2014-06-30": "", "2014-03-31": "", "2013-12-31": "", "2013-09-30": "", "2013-06-30": "0.00000", "2013-03-31": "", "2012-12-31": "", "2012-09-30": "", "2012-06-30": "", "2011-06-30": ""}, "Income From Continuous Operations": {"2020-12-31": "261.00000", "2020-09-30": "47.00000", "2020-06-30": "-401.00000", "2020-03-31": "-1036.00000", "2019-12-31": "103.00000", "2019-09-30": "-211.00000", "2019-06-30": "-42.00000", "2019-03-31": "23.00000", "2018-12-31": "119.00000", "2018-09-30": "128.00000", "2018-06-30": "-355.00000", "2018-03-31": "-1110.00000", "2017-12-31": "-66.00000", "2017-09-30": "87.00000", "2017-06-30": "-424.00000", "2017-03-31": "", "2016-12-31": "-219.00000", "2016-09-30": "", "2016-06-30": "114.00000", "2016-03-31": "-128.00000", "2015-12-31": "106.00000", "2015-09-30": "143.00000", "2015-06-30": "20.00000", "2015-03-31": "56.00000", "2014-12-31": "182.00000", "2014-09-30": "109.00000", "2014-06-30": "171.00000", "2014-03-31": "61.00000", "2013-12-31": "166.00000", "2013-09-30": "38.00000", "2013-06-30": "-1124.00000", "2013-03-31": "332.00000", "2012-12-31": "1411.00000", "2012-09-30": "-83.00000", "2012-06-30": "", "2011-06-30": ""}, "Income From Discontinued Operations": {"2020-12-31": "", "2020-09-30": "", "2020-06-30": "", "2020-03-31": "", "2019-12-31": "", "2019-09-30": "", "2019-06-30": "", "2019-03-31": "", "2018-12-31": "", "2018-09-30": "", "2018-06-30": "", "2018-03-31": "", "2017-12-31": "", "2017-09-30": "", "2017-06-30": "", "2017-03-31": "", "2016-12-31": "", "2016-09-30": "", "2016-06-30": "-5.00000", "2016-03-31": "-2.00000", "2015-12-31": "-24.00000", "2015-09-30": "46.00000", "2015-06-30": "-383.00000", "2015-03-31": "-22.00000", "2014-12-31": "-19.00000", "2014-09-30": "-21.00000", "2014-06-30": "", "2014-03-31": "", "2013-12-31": "", "2013-09-30": "", "2013-06-30": "0.00000", "2013-03-31": "", "2012-12-31": "", "2012-09-30": "", "2012-06-30": "", "2011-06-30": ""}, "Net Income": {"2020-12-31": "231.00000", "2020-09-30": "34.00000", "2020-06-30": "-397.00000", "2020-03-31": "-730.00000", "2019-12-31": "85.00000", "2019-09-30": "-227.00000", "2019-06-30": "-51.00000", "2019-03-31": "10.00000", "2018-12-31": "95.00000", "2018-09-30": "101.00000", "2018-06-30": "-372.00000", "2018-03-31": "-1128.00000", "2017-12-31": "-84.00000", "2017-09-30": "68.00000", "2017-06-30": "-430.00000", "2017-03-31": "-5.00000", "2016-12-31": "-290.00000", "2016-09-30": "-15.00000", "2016-06-30": "89.00000", "2016-03-31": "-149.00000", "2015-12-31": "62.00000", "2015-09-30": "175.00000", "2015-06-30": "-380.00000", "2015-03-31": "23.00000", "2014-12-31": "143.00000", "2014-09-30": "65.00000", "2014-06-30": "12.00000", "2014-03-31": "48.00000", "2013-12-31": "150.00000", "2013-09-30": "27.00000", "2013-06-30": "-1124.00000", "2013-03-31": "323.00000", "2012-12-31": "1399.00000", "2012-09-30": "-92.00000", "2012-06-30": "", "2011-06-30": ""}, "EBITDA": {"2020-12-31": "", "2020-09-30": "268.00000", "2020-06-30": "195.00000", "2020-03-31": "242.00000", "2019-12-31": "355.00000", "2019-09-30": "221.00000", "2019-06-30": "269.00000", "2019-03-31": "247.00000", "2018-12-31": "370.00000", "2018-09-30": "358.00000", "2018-06-30": "314.00000", "2018-03-31": "181.00000", "2017-12-31": "328.00000", "2017-09-30": "248.00000", "2017-06-30": "212.00000", "2017-03-31": "215.00000", "2016-12-31": "325.00000", "2016-09-30": "130.00000", "2016-06-30": "361.00000", "2016-03-31": "-122.00000", "2015-12-31": "280.00000", "2015-09-30": "165.00000", "2015-06-30": "215.00000", "2015-03-31": "184.00000", "2014-12-31": "352.00000", "2014-09-30": "194.00000", "2014-06-30": "320.00000", "2014-03-31": "175.00000", "2013-12-31": "327.00000", "2013-09-30": "141.00000", "2013-06-30": "130.00000", "2013-03-31": "169.00000", "2012-12-31": "300.00000", "2012-09-30": "89.00000", "2012-06-30": "", "2011-06-30": ""}, "EBIT": {"2020-12-31": "330.00000", "2020-09-30": "104.00000", "2020-06-30": "35.00000", "2020-03-31": "82.00000", "2019-12-31": "193.00000", "2019-09-30": "59.00000", "2019-06-30": "104.00000", "2019-03-31": "79.00000", "2018-12-31": "207.00000", "2018-09-30": "195.00000", "2018-06-30": "139.00000", "2018-03-31": "81.00000", "2017-12-31": "228.00000", "2017-09-30": "151.00000", "2017-06-30": "112.00000", "2017-03-31": "106.00000", "2016-12-31": "205.00000", "2016-09-30": "10.00000", "2016-06-30": "226.00000", "2016-03-31": "-248.00000", "2015-12-31": "157.00000", "2015-09-30": "44.00000", "2015-06-30": "92.00000", "2015-03-31": "60.00000", "2014-12-31": "225.00000", "2014-09-30": "70.00000", "2014-06-30": "189.00000", "2014-03-31": "33.00000", "2013-12-31": "189.00000", "2013-09-30": "", "2013-06-30": "-20.00000", "2013-03-31": "25.00000", "2012-12-31": "171.00000", "2012-09-30": "-36.00000", "2012-06-30": "", "2011-06-30": ""}, "Basic Shares Outstanding": {"2020-12-31": "591.00000", "2020-09-30": "589.50000", "2020-06-30": "587.90000", "2020-03-31": "588.30000", "2019-12-31": "588.20000", "2019-09-30": "586.70000", "2019-06-30": "584.70000", "2019-03-31": "585.00000", "2018-12-31": "584.90000", "2018-09-30": "583.90000", "2018-06-30": "582.70000", "2018-03-31": "582.80000", "2017-12-31": "582.70000", "2017-09-30": "582.30000", "2017-06-30": "581.40000", "2017-03-31": "581.60000", "2016-12-31": "581.40000", "2016-09-30": "580.80000", "2016-06-30": "580.60000", "2016-03-31": "580.20000", "2015-12-31": "581.20000", "2015-09-30": "581.00000", "2015-06-30": "581.00000", "2015-03-31": "581.80000", "2014-12-31": "580.20000", "2014-09-30": "579.50000", "2014-06-30": "579.00000", "2014-03-31": "579.00000", "2013-12-31": "578.90000", "2013-09-30": "578.80000", "2013-06-30": "579.38100", "2013-03-31": "578.80000", "2012-12-31": "578.80000", "2012-09-30": "579.00000", "2012-06-30": "", "2011-06-30": ""}, "Shares Outstanding": {"2020-12-31": "593.00000", "2020-09-30": "590.80000", "2020-06-30": "587.90000", "2020-03-31": "588.30000", "2019-12-31": "590.30000", "2019-09-30": "586.70000", "2019-06-30": "587.90000", "2019-03-31": "588.80000", "2018-12-31": "587.10000", "2018-09-30": "583.90000", "2018-06-30": "582.70000", "2018-03-31": "582.80000", "2017-12-31": "582.70000", "2017-09-30": "583.40000", "2017-06-30": "581.40000", "2017-03-31": "581.60000", "2016-12-31": "581.40000", "2016-09-30": "580.80000", "2016-06-30": "582.50000", "2016-03-31": "580.20000", "2015-12-31": "582.70000", "2015-09-30": "582.70000", "2015-06-30": "582.60000", "2015-03-31": "583.20000", "2014-12-31": "582.50000", "2014-09-30": "579.90000", "2014-06-30": "579.70000", "2014-03-31": "579.80000", "2013-12-31": "579.60000", "2013-09-30": "579.50000", "2013-06-30": "579.38100", "2013-03-31": "578.80000", "2012-12-31": "578.80000", "2012-09-30": "579.00000", "2012-06-30": "", "2011-06-30": ""}, "Basic EPS": {"2020-12-31": "0.39000", "2020-09-30": "0.06000", "2020-06-30": "-0.68000", "2020-03-31": "-1.24000", "2019-12-31": "0.15000", "2019-09-30": "-0.39000", "2019-06-30": "-0.08000", "2019-03-31": "0.02000", "2018-12-31": "0.16000", "2018-09-30": "0.17000", "2018-06-30": "-0.64000", "2018-03-31": "-1.94000", "2017-12-31": "-0.14000", "2017-09-30": "0.12000", "2017-06-30": "-0.73000", "2017-03-31": "-0.01000", "2016-12-31": "-0.50000", "2016-09-30": "-0.03000", "2016-06-30": "0.15000", "2016-03-31": "-0.26000", "2015-12-31": "0.11000", "2015-09-30": "0.30000", "2015-06-30": "-0.65000", "2015-03-31": "0.04000", "2014-12-31": "0.24000", "2014-09-30": "0.11000", "2014-06-30": "0.02000", "2014-03-31": "0.08000", "2013-12-31": "0.26000", "2013-09-30": "0.05000", "2013-06-30": "-1.94000", "2013-03-31": "0.56000", "2012-12-31": "2.42000", "2012-09-30": "-0.16000", "2012-06-30": "", "2011-06-30": ""}, "EPS - Earnings Per Share": {"2020-12-31": "0.39000", "2020-09-30": "0.06000", "2020-06-30": "-0.67000", "2020-03-31": "-1.24000", "2019-12-31": "0.14000", "2019-09-30": "-0.39000", "2019-06-30": "-0.09000", "2019-03-31": "0.02000", "2018-12-31": "0.16000", "2018-09-30": "0.17000", "2018-06-30": "-0.64000", "2018-03-31": "-1.94000", "2017-12-31": "-0.14000", "2017-09-30": "0.12000", "2017-06-30": "-0.73000", "2017-03-31": "-0.01000", "2016-12-31": "-0.50000", "2016-09-30": "-0.03000", "2016-06-30": "0.15000", "2016-03-31": "-0.26000", "2015-12-31": "0.11000", "2015-09-30": "0.30000", "2015-06-30": "-0.65000", "2015-03-31": "0.04000", "2014-12-31": "0.24000", "2014-09-30": "0.11000", "2014-06-30": "0.02000", "2014-03-31": "0.08000", "2013-12-31": "0.26000", "2013-09-30": "0.05000", "2013-06-30": "-1.94000", "2013-03-31": "0.56000", "2012-12-31": "2.42000", "2012-09-30": "-0.16000", "2012-06-30": "0.00000", "2011-06-30": "0.00000"}}, "balance sheet": {"Cash On Hand": {"2020-06-30": "1517.00000", "2019-06-30": "1643.00000", "2018-06-30": "2034.00000", "2017-06-30": "2016.00000", "2016-06-30": "2147.00000", "2015-06-30": "1951.00000", "2014-06-30": "3145.00000", "2013-06-30": "2381.00000", "2012-06-30": "1133.00000", "2011-06-30": ""}, "Receivables": {"2020-06-30": "1203.00000", "2019-06-30": "1544.00000", "2018-06-30": "1612.00000", "2017-06-30": "1276.00000", "2016-06-30": "1229.00000", "2015-06-30": "1283.00000", "2014-06-30": "1454.00000", "2013-06-30": "1582.00000", "2012-06-30": "1369.00000", "2011-06-30": ""}, "Inventory": {"2020-06-30": "348.00000", "2019-06-30": "348.00000", "2018-06-30": "376.00000", "2017-06-30": "208.00000", "2016-06-30": "", "2015-06-30": "", "2014-06-30": "", "2013-06-30": "", "2012-06-30": "", "2011-06-30": ""}, "Pre-Paid Expenses": {"2020-06-30": "", "2019-06-30": "", "2018-06-30": "", "2017-06-30": "", "2016-06-30": "", "2015-06-30": "", "2014-06-30": "", "2013-06-30": "", "2012-06-30": "", "2011-06-30": ""}, "Other Current Assets": {"2020-06-30": "393.00000", "2019-06-30": "515.00000", "2018-06-30": "372.00000", "2017-06-30": "315.00000", "2016-06-30": "513.00000", "2015-06-30": "780.00000", "2014-06-30": "671.00000", "2013-06-30": "680.00000", "2012-06-30": "613.00000", "2011-06-30": ""}, "Total Current Assets": {"2020-06-30": "3461.00000", "2019-06-30": "4050.00000", "2018-06-30": "4394.00000", "2017-06-30": "3815.00000", "2016-06-30": "3889.00000", "2015-06-30": "4014.00000", "2014-06-30": "5270.00000", "2013-06-30": "4643.00000", "2012-06-30": "3115.00000", "2011-06-30": ""}, "Property, Plant, And Equipment": {"2020-06-30": "2256.00000", "2019-06-30": "2554.00000", "2018-06-30": "2560.00000", "2017-06-30": "1624.00000", "2016-06-30": "2405.00000", "2015-06-30": "2690.00000", "2014-06-30": "3009.00000", "2013-06-30": "2992.00000", "2012-06-30": "3274.00000", "2011-06-30": ""}, "Long-Term Investments": {"2020-06-30": "297.00000", "2019-06-30": "335.00000", "2018-06-30": "393.00000", "2017-06-30": "2027.00000", "2016-06-30": "2270.00000", "2015-06-30": "2379.00000", "2014-06-30": "2609.00000", "2013-06-30": "2499.00000", "2012-06-30": "1126.00000", "2011-06-30": ""}, "Goodwill And Intangible Assets": {"2020-06-30": "5815.00000", "2019-06-30": "7573.00000", "2018-06-30": "7889.00000", "2017-06-30": "6119.00000", "2016-06-30": "5921.00000", "2015-06-30": "5266.00000", "2014-06-30": "4919.00000", "2013-06-30": "4911.00000", "2012-06-30": "5049.00000", "2011-06-30": "0.00000"}, "Other Long-Term Assets": {"2020-06-30": "1039.00000", "2019-06-30": "930.00000", "2018-06-30": "831.00000", "2017-06-30": "442.00000", "2016-06-30": "396.00000", "2015-06-30": "467.00000", "2014-06-30": "682.00000", "2013-06-30": "598.00000", "2012-06-30": "526.00000", "2011-06-30": ""}, "Total Long-Term Assets": {"2020-06-30": "10800.00000", "2019-06-30": "11661.00000", "2018-06-30": "11952.00000", "2017-06-30": "10737.00000", "2016-06-30": "11594.00000", "2015-06-30": "11021.00000", "2014-06-30": "11219.00000", "2013-06-30": "11000.00000", "2012-06-30": "9975.00000", "2011-06-30": ""}, "Total Assets": {"2020-06-30": "14261.00000", "2019-06-30": "15711.00000", "2018-06-30": "16346.00000", "2017-06-30": "14552.00000", "2016-06-30": "15483.00000", "2015-06-30": "15035.00000", "2014-06-30": "16489.00000", "2013-06-30": "15643.00000", "2012-06-30": "13090.00000", "2011-06-30": "0.00000"}, "Total Current Liabilities": {"2020-06-30": "2682.00000", "2019-06-30": "3340.00000", "2018-06-30": "3295.00000", "2017-06-30": "2452.00000", "2016-06-30": "2442.00000", "2015-06-30": "2110.00000", "2014-06-30": "2264.00000", "2013-06-30": "2171.00000", "2012-06-30": "2467.00000", "2011-06-30": ""}, "Long Term Debt": {"2020-06-30": "1183.00000", "2019-06-30": "1004.00000", "2018-06-30": "1490.00000", "2017-06-30": "276.00000", "2016-06-30": "369.00000", "2015-06-30": "", "2014-06-30": "", "2013-06-30": "", "2012-06-30": "", "2011-06-30": ""}, "Other Non-Current Liabilities": {"2020-06-30": "603.00000", "2019-06-30": "761.00000", "2018-06-30": "675.00000", "2017-06-30": "670.00000", "2016-06-30": "699.00000", "2015-06-30": "623.00000", "2014-06-30": "582.00000", "2013-06-30": "624.00000", "2012-06-30": "778.00000", "2011-06-30": ""}, "Total Long Term Liabilities": {"2020-06-30": "3190.00000", "2019-06-30": "2060.00000", "2018-06-30": "2574.00000", "2017-06-30": "1007.00000", "2016-06-30": "1239.00000", "2015-06-30": "789.00000", "2014-06-30": "806.00000", "2013-06-30": "776.00000", "2012-06-30": "1704.00000", "2011-06-30": ""}, "Total Liabilities": {"2020-06-30": "5872.00000", "2019-06-30": "5400.00000", "2018-06-30": "5869.00000", "2017-06-30": "3459.00000", "2016-06-30": "3681.00000", "2015-06-30": "2899.00000", "2014-06-30": "3070.00000", "2013-06-30": "2947.00000", "2012-06-30": "4171.00000", "2011-06-30": "0.00000"}, "Common Stock Net": {"2020-06-30": "6.00000", "2019-06-30": "6.00000", "2018-06-30": "6.00000", "2017-06-30": "6.00000", "2016-06-30": "6.00000", "2015-06-30": "6.00000", "2014-06-30": "6.00000", "2013-06-30": "6.00000", "2012-06-30": "", "2011-06-30": "0.00000"}, "Retained Earnings (Accumulated Deficit)": {"2020-06-30": "-3241.00000", "2019-06-30": "-1979.00000", "2018-06-30": "-2163.00000", "2017-06-30": "-648.00000", "2016-06-30": "150.00000", "2015-06-30": "88.00000", "2014-06-30": "237.00000", "2013-06-30": "", "2012-06-30": "", "2011-06-30": ""}, "Comprehensive Income": {"2020-06-30": "-1331.00000", "2019-06-30": "-1126.00000", "2018-06-30": "-874.00000", "2017-06-30": "-964.00000", "2016-06-30": "-1026.00000", "2015-06-30": "-582.00000", "2014-06-30": "610.00000", "2013-06-30": "271.00000", "2012-06-30": "1047.00000", "2011-06-30": ""}, "Other Share Holders Equity": {"2020-06-30": "", "2019-06-30": "", "2018-06-30": "", "2017-06-30": "", "2016-06-30": "", "2015-06-30": "", "2014-06-30": "", "2013-06-30": "", "2012-06-30": "", "2011-06-30": "0.00000"}, "Share Holder Equity": {"2020-06-30": "8389.00000", "2019-06-30": "10311.00000", "2018-06-30": "10477.00000", "2017-06-30": "11093.00000", "2016-06-30": "11802.00000", "2015-06-30": "12136.00000", "2014-06-30": "13419.00000", "2013-06-30": "12696.00000", "2012-06-30": "8919.00000", "2011-06-30": "0.00000"}, "Total Liabilities And Share Holders Equity": {"2020-06-30": "14261.00000", "2019-06-30": "15711.00000", "2018-06-30": "16346.00000", "2017-06-30": "14552.00000", "2016-06-30": "15483.00000", "2015-06-30": "15035.00000", "2014-06-30": "16489.00000", "2013-06-30": "15643.00000", "2012-06-30": "13090.00000", "2011-06-30": "0.00000"}}, "balance sheet, quarterly": {"Cash On Hand": {"2020-12-31": "1562.00000", "2020-09-30": "1539.00000", "2020-06-30": "1517.00000", "2020-03-31": "1388.00000", "2019-12-31": "1272.00000", "2019-09-30": "1441.00000", "2019-06-30": "1643.00000", "2019-03-31": "1648.00000", "2018-12-31": "1618.00000", "2018-09-30": "1886.00000", "2018-06-30": "2034.00000", "2018-03-31": "2112.00000", "2017-12-31": "1856.00000", "2017-09-30": "1877.00000", "2017-06-30": "2016.00000", "2017-03-31": "1850.00000", "2016-12-31": "1564.00000", "2016-09-30": "1499.00000", "2016-06-30": "2147.00000", "2016-03-31": "1972.00000", "2015-12-31": "1883.00000", "2015-09-30": "1898.00000", "2015-06-30": "1951.00000", "2015-03-31": "2027.00000", "2014-12-31": "1918.00000", "2014-09-30": "2735.00000", "2014-06-30": "3145.00000", "2014-03-31": "3207.00000", "2013-12-31": "2908.00000", "2013-09-30": "2688.00000", "2013-06-30": "2381.00000", "2013-03-31": "", "2012-12-31": "", "2012-09-30": "", "2012-06-30": "1133.00000", "2011-06-30": ""}, "Receivables": {"2020-12-31": "1444.00000", "2020-09-30": "1240.00000", "2020-06-30": "1203.00000", "2020-03-31": "1237.00000", "2019-12-31": "1570.00000", "2019-09-30": "1540.00000", "2019-06-30": "1544.00000", "2019-03-31": "1631.00000", "2018-12-31": "1853.00000", "2018-09-30": "1648.00000", "2018-06-30": "1612.00000", "2018-03-31": "1328.00000", "2017-12-31": "1379.00000", "2017-09-30": "1365.00000", "2017-06-30": "1276.00000", "2017-03-31": "1326.00000", "2016-12-31": "1528.00000", "2016-09-30": "1294.00000", "2016-06-30": "1229.00000", "2016-03-31": "1254.00000", "2015-12-31": "1409.00000", "2015-09-30": "1361.00000", "2015-06-30": "1283.00000", "2015-03-31": "1360.00000", "2014-12-31": "1505.00000", "2014-09-30": "1471.00000", "2014-06-30": "1454.00000", "2014-03-31": "1485.00000", "2013-12-31": "1628.00000", "2013-09-30": "2010.00000", "2013-06-30": "1582.00000", "2013-03-31": "", "2012-12-31": "", "2012-09-30": "", "2012-06-30": "1369.00000", "2011-06-30": ""}, "Inventory": {"2020-12-31": "203.00000", "2020-09-30": "203.00000", "2020-06-30": "348.00000", "2020-03-31": "363.00000", "2019-12-31": "358.00000", "2019-09-30": "402.00000", "2019-06-30": "348.00000", "2019-03-31": "404.00000", "2018-12-31": "400.00000", "2018-09-30": "388.00000", "2018-06-30": "376.00000", "2018-03-31": "", "2017-12-31": "", "2017-09-30": "", "2017-06-30": "208.00000", "2017-03-31": "", "2016-12-31": "", "2016-09-30": "", "2016-06-30": "", "2016-03-31": "", "2015-12-31": "", "2015-09-30": "", "2015-06-30": "", "2015-03-31": "", "2014-12-31": "", "2014-09-30": "", "2014-06-30": "", "2014-03-31": "", "2013-12-31": "", "2013-09-30": "", "2013-06-30": "", "2013-03-31": "", "2012-12-31": "", "2012-09-30": "", "2012-06-30": "", "2011-06-30": ""}, "Pre-Paid Expenses": {"2020-12-31": "", "2020-09-30": "", "2020-06-30": "", "2020-03-31": "", "2019-12-31": "", "2019-09-30": "", "2019-06-30": "", "2019-03-31": "", "2018-12-31": "", "2018-09-30": "", "2018-06-30": "", "2018-03-31": "", "2017-12-31": "", "2017-09-30": "", "2017-06-30": "", "2017-03-31": "", "2016-12-31": "", "2016-09-30": "", "2016-06-30": "", "2016-03-31": "", "2015-12-31": "", "2015-09-30": "", "2015-06-30": "", "2015-03-31": "", "2014-12-31": "", "2014-09-30": "", "2014-06-30": "", "2014-03-31": "", "2013-12-31": "", "2013-09-30": "", "2013-06-30": "", "2013-03-31": "", "2012-12-31": "", "2012-09-30": "", "2012-06-30": "", "2011-06-30": ""}, "Other Current Assets": {"2020-12-31": "387.00000", "2020-09-30": "453.00000", "2020-06-30": "393.00000", "2020-03-31": "753.00000", "2019-12-31": "518.00000", "2019-09-30": "416.00000", "2019-06-30": "515.00000", "2019-03-31": "564.00000", "2018-12-31": "558.00000", "2018-09-30": "547.00000", "2018-06-30": "372.00000", "2018-03-31": "546.00000", "2017-12-31": "483.00000", "2017-09-30": "526.00000", "2017-06-30": "315.00000", "2017-03-31": "586.00000", "2016-12-31": "499.00000", "2016-09-30": "535.00000", "2016-06-30": "513.00000", "2016-03-31": "679.00000", "2015-12-31": "503.00000", "2015-09-30": "630.00000", "2015-06-30": "780.00000", "2015-03-31": "701.00000", "2014-12-31": "629.00000", "2014-09-30": "659.00000", "2014-06-30": "671.00000", "2014-03-31": "678.00000", "2013-12-31": "576.00000", "2013-09-30": "532.00000", "2013-06-30": "680.00000", "2013-03-31": "", "2012-12-31": "", "2012-09-30": "", "2012-06-30": "613.00000", "2011-06-30": ""}, "Total Current Assets": {"2020-12-31": "3596.00000", "2020-09-30": "3435.00000", "2020-06-30": "3461.00000", "2020-03-31": "3741.00000", "2019-12-31": "3718.00000", "2019-09-30": "3799.00000", "2019-06-30": "4050.00000", "2019-03-31": "4247.00000", "2018-12-31": "4429.00000", "2018-09-30": "4469.00000", "2018-06-30": "4394.00000", "2018-03-31": "3986.00000", "2017-12-31": "3718.00000", "2017-09-30": "3768.00000", "2017-06-30": "3815.00000", "2017-03-31": "3762.00000", "2016-12-31": "3591.00000", "2016-09-30": "3328.00000", "2016-06-30": "3889.00000", "2016-03-31": "3905.00000", "2015-12-31": "3795.00000", "2015-09-30": "3889.00000", "2015-06-30": "4014.00000", "2015-03-31": "4088.00000", "2014-12-31": "4052.00000", "2014-09-30": "4865.00000", "2014-06-30": "5270.00000", "2014-03-31": "5370.00000", "2013-12-31": "5112.00000", "2013-09-30": "5230.00000", "2013-06-30": "4643.00000", "2013-03-31": "", "2012-12-31": "", "2012-09-30": "", "2012-06-30": "3115.00000", "2011-06-30": ""}, "Property, Plant, And Equipment": {"2020-12-31": "2315.00000", "2020-09-30": "2225.00000", "2020-06-30": "2256.00000", "2020-03-31": "2225.00000", "2019-12-31": "2476.00000", "2019-09-30": "2433.00000", "2019-06-30": "2554.00000", "2019-03-31": "2557.00000", "2018-12-31": "2517.00000", "2018-09-30": "2512.00000", "2018-06-30": "2560.00000", "2018-03-31": "1642.00000", "2017-12-31": "1631.00000", "2017-09-30": "1636.00000", "2017-06-30": "1624.00000", "2017-03-31": "1961.00000", "2016-12-31": "1981.00000", "2016-09-30": "2367.00000", "2016-06-30": "2405.00000", "2016-03-31": "2499.00000", "2015-12-31": "2554.00000", "2015-09-30": "2553.00000", "2015-06-30": "2690.00000", "2015-03-31": "2699.00000", "2014-12-31": "2809.00000", "2014-09-30": "2910.00000", "2014-06-30": "3009.00000", "2014-03-31": "2959.00000", "2013-12-31": "2927.00000", "2013-09-30": "3012.00000", "2013-06-30": "2992.00000", "2013-03-31": "", "2012-12-31": "", "2012-09-30": "", "2012-06-30": "", "2011-06-30": ""}, "Long-Term Investments": {"2020-12-31": "353.00000", "2020-09-30": "314.00000", "2020-06-30": "297.00000", "2020-03-31": "325.00000", "2019-12-31": "325.00000", "2019-09-30": "329.00000", "2019-06-30": "335.00000", "2019-03-31": "347.00000", "2018-12-31": "345.00000", "2018-09-30": "390.00000", "2018-06-30": "393.00000", "2018-03-31": "957.00000", "2017-12-31": "2019.00000", "2017-09-30": "2044.00000", "2017-06-30": "2027.00000", "2017-03-31": "2010.00000", "2016-12-31": "1932.00000", "2016-09-30": "2269.00000", "2016-06-30": "2270.00000", "2016-03-31": "2264.00000", "2015-12-31": "2288.00000", "2015-09-30": "2196.00000", "2015-06-30": "2379.00000", "2015-03-31": "2382.00000", "2014-12-31": "2466.00000", "2014-09-30": "2497.00000", "2014-06-30": "2609.00000", "2014-03-31": "2551.00000", "2013-12-31": "2431.00000", "2013-09-30": "2571.00000", "2013-06-30": "2499.00000", "2013-03-31": "", "2012-12-31": "", "2012-09-30": "", "2012-06-30": "1126.00000", "2011-06-30": ""}, "Goodwill And Intangible Assets": {"2020-12-31": "6226.00000", "2020-09-30": "5866.00000", "2020-06-30": "5815.00000", "2020-03-31": "5677.00000", "2019-12-31": "7233.00000", "2019-09-30": "7124.00000", "2019-06-30": "7573.00000", "2019-03-31": "7737.00000", "2018-12-31": "7796.00000", "2018-09-30": "7760.00000", "2018-06-30": "7889.00000", "2018-03-31": "5950.00000", "2017-12-31": "6198.00000", "2017-09-30": "6223.00000", "2017-06-30": "6119.00000", "2017-03-31": "6175.00000", "2016-12-31": "6089.00000", "2016-09-30": "6270.00000", "2016-06-30": "5921.00000", "2016-03-31": "5910.00000", "2015-12-31": "5254.00000", "2015-09-30": "5155.00000", "2015-06-30": "5266.00000", "2015-03-31": "5823.00000", "2014-12-31": "5926.00000", "2014-09-30": "5155.00000", "2014-06-30": "4919.00000", "2014-03-31": "4879.00000", "2013-12-31": "4848.00000", "2013-09-30": "4913.00000", "2013-06-30": "4911.00000", "2013-03-31": "0.00000", "2012-12-31": "0.00000", "2012-09-30": "0.00000", "2012-06-30": "5049.00000", "2011-06-30": "0.00000"}, "Other Long-Term Assets": {"2020-12-31": "1193.00000", "2020-09-30": "1175.00000", "2020-06-30": "1039.00000", "2020-03-31": "963.00000", "2019-12-31": "948.00000", "2019-09-30": "953.00000", "2019-06-30": "930.00000", "2019-03-31": "913.00000", "2018-12-31": "912.00000", "2018-09-30": "897.00000", "2018-06-30": "831.00000", "2018-03-31": "467.00000", "2017-12-31": "444.00000", "2017-09-30": "438.00000", "2017-06-30": "442.00000", "2017-03-31": "442.00000", "2016-12-31": "385.00000", "2016-09-30": "407.00000", "2016-06-30": "396.00000", "2016-03-31": "472.00000", "2015-12-31": "984.00000", "2015-09-30": "963.00000", "2015-06-30": "467.00000", "2015-03-31": "694.00000", "2014-12-31": "717.00000", "2014-09-30": "696.00000", "2014-06-30": "682.00000", "2014-03-31": "784.00000", "2013-12-31": "665.00000", "2013-09-30": "617.00000", "2013-06-30": "598.00000", "2013-03-31": "", "2012-12-31": "", "2012-09-30": "", "2012-06-30": "526.00000", "2011-06-30": ""}, "Total Long-Term Assets": {"2020-12-31": "11498.00000", "2020-09-30": "10965.00000", "2020-06-30": "10800.00000", "2020-03-31": "10687.00000", "2019-12-31": "12564.00000", "2019-09-30": "12434.00000", "2019-06-30": "11661.00000", "2019-03-31": "11811.00000", "2018-12-31": "11798.00000", "2018-09-30": "11819.00000", "2018-06-30": "11952.00000", "2018-03-31": "9386.00000", "2017-12-31": "10641.00000", "2017-09-30": "10894.00000", "2017-06-30": "10737.00000", "2017-03-31": "11124.00000", "2016-12-31": "10936.00000", "2016-09-30": "11941.00000", "2016-06-30": "11594.00000", "2016-03-31": "11811.00000", "2015-12-31": "11080.00000", "2015-09-30": "10867.00000", "2015-06-30": "11021.00000", "2015-03-31": "11598.00000", "2014-12-31": "11918.00000", "2014-09-30": "11258.00000", "2014-06-30": "11219.00000", "2014-03-31": "11173.00000", "2013-12-31": "10871.00000", "2013-09-30": "11113.00000", "2013-06-30": "11000.00000", "2013-03-31": "", "2012-12-31": "", "2012-09-30": "", "2012-06-30": "6701.00000", "2011-06-30": ""}, "Total Assets": {"2020-12-31": "15094.00000", "2020-09-30": "14400.00000", "2020-06-30": "14261.00000", "2020-03-31": "14428.00000", "2019-12-31": "16282.00000", "2019-09-30": "16233.00000", "2019-06-30": "15711.00000", "2019-03-31": "16058.00000", "2018-12-31": "16227.00000", "2018-09-30": "16288.00000", "2018-06-30": "16346.00000", "2018-03-31": "13372.00000", "2017-12-31": "14359.00000", "2017-09-30": "14662.00000", "2017-06-30": "14552.00000", "2017-03-31": "14886.00000", "2016-12-31": "14527.00000", "2016-09-30": "15269.00000", "2016-06-30": "15483.00000", "2016-03-31": "15716.00000", "2015-12-31": "14875.00000", "2015-09-30": "14756.00000", "2015-06-30": "15035.00000", "2015-03-31": "15686.00000", "2014-12-31": "15970.00000", "2014-09-30": "16123.00000", "2014-06-30": "16489.00000", "2014-03-31": "16543.00000", "2013-12-31": "15983.00000", "2013-09-30": "16343.00000", "2013-06-30": "15643.00000", "2013-03-31": "0.00000", "2012-12-31": "0.00000", "2012-09-30": "0.00000", "2012-06-30": "13090.00000", "2011-06-30": "0.00000"}, "Total Current Liabilities": {"2020-12-31": "2861.00000", "2020-09-30": "2738.00000", "2020-06-30": "2682.00000", "2020-03-31": "2689.00000", "2019-12-31": "2727.00000", "2019-09-30": "3492.00000", "2019-06-30": "3340.00000", "2019-03-31": "3679.00000", "2018-12-31": "3712.00000", "2018-09-30": "3545.00000", "2018-06-30": "3295.00000", "2018-03-31": "2467.00000", "2017-12-31": "2270.00000", "2017-09-30": "2417.00000", "2017-06-30": "2452.00000", "2017-03-31": "2461.00000", "2016-12-31": "2325.00000", "2016-09-30": "2287.00000", "2016-06-30": "2442.00000", "2016-03-31": "2648.00000", "2015-12-31": "2096.00000", "2015-09-30": "2166.00000", "2015-06-30": "2110.00000", "2015-03-31": "2273.00000", "2014-12-31": "2329.00000", "2014-09-30": "2293.00000", "2014-06-30": "2264.00000", "2014-03-31": "2498.00000", "2013-12-31": "2292.00000", "2013-09-30": "2645.00000", "2013-06-30": "2171.00000", "2013-03-31": "", "2012-12-31": "", "2012-09-30": "", "2012-06-30": "2467.00000", "2011-06-30": ""}, "Long Term Debt": {"2020-12-31": "1044.00000", "2020-09-30": "1206.00000", "2020-06-30": "1183.00000", "2020-03-31": "1115.00000", "2019-12-31": "1201.00000", "2019-09-30": "707.00000", "2019-06-30": "1004.00000", "2019-03-31": "868.00000", "2018-12-31": "936.00000", "2018-09-30": "1186.00000", "2018-06-30": "1490.00000", "2018-03-31": "184.00000", "2017-12-31": "187.00000", "2017-09-30": "281.00000", "2017-06-30": "276.00000", "2017-03-31": "273.00000", "2016-12-31": "268.00000", "2016-09-30": "377.00000", "2016-06-30": "369.00000", "2016-03-31": "369.00000", "2015-12-31": "", "2015-09-30": "", "2015-06-30": "", "2015-03-31": "", "2014-12-31": "", "2014-09-30": "", "2014-06-30": "", "2014-03-31": "", "2013-12-31": "", "2013-09-30": "", "2013-06-30": "", "2013-03-31": "", "2012-12-31": "", "2012-09-30": "", "2012-06-30": "", "2011-06-30": ""}, "Other Non-Current Liabilities": {"2020-12-31": "616.00000", "2020-09-30": "604.00000", "2020-06-30": "603.00000", "2020-03-31": "569.00000", "2019-12-31": "616.00000", "2019-09-30": "602.00000", "2019-06-30": "761.00000", "2019-03-31": "732.00000", "2018-12-31": "761.00000", "2018-09-30": "726.00000", "2018-06-30": "675.00000", "2018-03-31": "655.00000", "2017-12-31": "665.00000", "2017-09-30": "675.00000", "2017-06-30": "670.00000", "2017-03-31": "633.00000", "2016-12-31": "646.00000", "2016-09-30": "668.00000", "2016-06-30": "699.00000", "2016-03-31": "634.00000", "2015-12-31": "635.00000", "2015-09-30": "618.00000", "2015-06-30": "623.00000", "2015-03-31": "572.00000", "2014-12-31": "580.00000", "2014-09-30": "583.00000", "2014-06-30": "582.00000", "2014-03-31": "562.00000", "2013-12-31": "561.00000", "2013-09-30": "554.00000", "2013-06-30": "624.00000", "2013-03-31": "", "2012-12-31": "", "2012-09-30": "", "2012-06-30": "778.00000", "2011-06-30": ""}, "Total Long Term Liabilities": {"2020-12-31": "3159.00000", "2020-09-30": "3208.00000", "2020-06-30": "3190.00000", "2020-03-31": "3171.00000", "2019-12-31": "3428.00000", "2019-09-30": "2912.00000", "2019-06-30": "2060.00000", "2019-03-31": "1921.00000", "2018-12-31": "2081.00000", "2018-09-30": "2313.00000", "2018-06-30": "2574.00000", "2018-03-31": "894.00000", "2017-12-31": "931.00000", "2017-09-30": "1049.00000", "2017-06-30": "1007.00000", "2017-03-31": "1008.00000", "2016-12-31": "974.00000", "2016-09-30": "1236.00000", "2016-06-30": "1239.00000", "2016-03-31": "1223.00000", "2015-12-31": "800.00000", "2015-09-30": "809.00000", "2015-06-30": "789.00000", "2015-03-31": "867.00000", "2014-12-31": "854.00000", "2014-09-30": "828.00000", "2014-06-30": "806.00000", "2014-03-31": "857.00000", "2013-12-31": "800.00000", "2013-09-30": "739.00000", "2013-06-30": "776.00000", "2013-03-31": "", "2012-12-31": "", "2012-09-30": "", "2012-06-30": "1704.00000", "2011-06-30": ""}, "Total Liabilities": {"2020-12-31": "6020.00000", "2020-09-30": "5946.00000", "2020-06-30": "5872.00000", "2020-03-31": "5860.00000", "2019-12-31": "6155.00000", "2019-09-30": "6404.00000", "2019-06-30": "5400.00000", "2019-03-31": "5600.00000", "2018-12-31": "5793.00000", "2018-09-30": "5858.00000", "2018-06-30": "5869.00000", "2018-03-31": "3361.00000", "2017-12-31": "3201.00000", "2017-09-30": "3466.00000", "2017-06-30": "3459.00000", "2017-03-31": "3469.00000", "2016-12-31": "3299.00000", "2016-09-30": "3523.00000", "2016-06-30": "3681.00000", "2016-03-31": "3871.00000", "2015-12-31": "2896.00000", "2015-09-30": "2975.00000", "2015-06-30": "2899.00000", "2015-03-31": "3140.00000", "2014-12-31": "3183.00000", "2014-09-30": "3121.00000", "2014-06-30": "3070.00000", "2014-03-31": "3355.00000", "2013-12-31": "3092.00000", "2013-09-30": "3384.00000", "2013-06-30": "2947.00000", "2013-03-31": "0.00000", "2012-12-31": "0.00000", "2012-09-30": "0.00000", "2012-06-30": "4171.00000", "2011-06-30": "0.00000"}, "Common Stock Net": {"2020-12-31": "6.00000", "2020-09-30": "6.00000", "2020-06-30": "6.00000", "2020-03-31": "6.00000", "2019-12-31": "6.00000", "2019-09-30": "6.00000", "2019-06-30": "6.00000", "2019-03-31": "6.00000", "2018-12-31": "6.00000", "2018-09-30": "6.00000", "2018-06-30": "6.00000", "2018-03-31": "6.00000", "2017-12-31": "6.00000", "2017-09-30": "6.00000", "2017-06-30": "6.00000", "2017-03-31": "6.00000", "2016-12-31": "6.00000", "2016-09-30": "6.00000", "2016-06-30": "6.00000", "2016-03-31": "6.00000", "2015-12-31": "6.00000", "2015-09-30": "6.00000", "2015-06-30": "6.00000", "2015-03-31": "6.00000", "2014-12-31": "6.00000", "2014-09-30": "6.00000", "2014-06-30": "6.00000", "2014-03-31": "6.00000", "2013-12-31": "6.00000", "2013-09-30": "6.00000", "2013-06-30": "6.00000", "2013-03-31": "0.00000", "2012-12-31": "0.00000", "2012-09-30": "0.00000", "2012-06-30": "0.00000", "2011-06-30": "0.00000"}, "Retained Earnings (Accumulated Deficit)": {"2020-12-31": "-2976.00000", "2020-09-30": "-3207.00000", "2020-06-30": "-3241.00000", "2020-03-31": "-2845.00000", "2019-12-31": "-2114.00000", "2019-09-30": "-2200.00000", "2019-06-30": "-1979.00000", "2019-03-31": "-1927.00000", "2018-12-31": "-1937.00000", "2018-09-30": "-2032.00000", "2018-06-30": "-2163.00000", "2018-03-31": "-1792.00000", "2017-12-31": "-664.00000", "2017-09-30": "-581.00000", "2017-06-30": "-648.00000", "2017-03-31": "-219.00000", "2016-12-31": "-213.00000", "2016-09-30": "76.00000", "2016-06-30": "150.00000", "2016-03-31": "60.00000", "2015-12-31": "268.00000", "2015-09-30": "204.00000", "2015-06-30": "88.00000", "2015-03-31": "467.00000", "2014-12-31": "444.00000", "2014-09-30": "302.00000", "2014-06-30": "237.00000", "2014-03-31": "225.00000", "2013-12-31": "177.00000", "2013-09-30": "27.00000", "2013-06-30": "", "2013-03-31": "", "2012-12-31": "", "2012-09-30": "", "2012-06-30": "", "2011-06-30": ""}, "Comprehensive Income": {"2020-12-31": "-990.00000", "2020-09-30": "-1235.00000", "2020-06-30": "-1331.00000", "2020-03-31": "-1466.00000", "2019-12-31": "-1117.00000", "2019-09-30": "-1266.00000", "2019-06-30": "-1126.00000", "2019-03-31": "-1019.00000", "2018-12-31": "-1076.00000", "2018-09-30": "-970.00000", "2018-06-30": "-874.00000", "2018-03-31": "-829.00000", "2017-12-31": "-832.00000", "2017-09-30": "-852.00000", "2017-06-30": "-964.00000", "2017-03-31": "-1045.00000", "2016-12-31": "-1289.00000", "2016-09-30": "-986.00000", "2016-06-30": "-1026.00000", "2016-03-31": "-845.00000", "2015-12-31": "-923.00000", "2015-09-30": "-1025.00000", "2015-06-30": "-582.00000", "2015-03-31": "-554.00000", "2014-12-31": "-261.00000", "2014-09-30": "152.00000", "2014-06-30": "610.00000", "2014-03-31": "482.00000", "2013-12-31": "257.00000", "2013-09-30": "489.00000", "2013-06-30": "271.00000", "2013-03-31": "", "2012-12-31": "", "2012-09-30": "", "2012-06-30": "", "2011-06-30": ""}, "Other Share Holders Equity": {"2020-12-31": "", "2020-09-30": "", "2020-06-30": "", "2020-03-31": "", "2019-12-31": "", "2019-09-30": "", "2019-06-30": "", "2019-03-31": "", "2018-12-31": "", "2018-09-30": "", "2018-06-30": "", "2018-03-31": "", "2017-12-31": "", "2017-09-30": "", "2017-06-30": "", "2017-03-31": "", "2016-12-31": "", "2016-09-30": "", "2016-06-30": "", "2016-03-31": "", "2015-12-31": "", "2015-09-30": "", "2015-06-30": "", "2015-03-31": "", "2014-12-31": "", "2014-09-30": "", "2014-06-30": "", "2014-03-31": "", "2013-12-31": "", "2013-09-30": "", "2013-06-30": "", "2013-03-31": "0.00000", "2012-12-31": "0.00000", "2012-09-30": "0.00000", "2012-06-30": "8919.00000", "2011-06-30": "0.00000"}, "Share Holder Equity": {"2020-12-31": "9074.00000", "2020-09-30": "8454.00000", "2020-06-30": "8389.00000", "2020-03-31": "8568.00000", "2019-12-31": "10127.00000", "2019-09-30": "9829.00000", "2019-06-30": "10311.00000", "2019-03-31": "10458.00000", "2018-12-31": "10434.00000", "2018-09-30": "10430.00000", "2018-06-30": "10477.00000", "2018-03-31": "10011.00000", "2017-12-31": "11158.00000", "2017-09-30": "11196.00000", "2017-06-30": "11093.00000", "2017-03-31": "11417.00000", "2016-12-31": "11228.00000", "2016-09-30": "11746.00000", "2016-06-30": "11802.00000", "2016-03-31": "11845.00000", "2015-12-31": "11979.00000", "2015-09-30": "11781.00000", "2015-06-30": "12136.00000", "2015-03-31": "12546.00000", "2014-12-31": "12787.00000", "2014-09-30": "13002.00000", "2014-06-30": "13419.00000", "2014-03-31": "13188.00000", "2013-12-31": "12891.00000", "2013-09-30": "12959.00000", "2013-06-30": "12696.00000", "2013-03-31": "0.00000", "2012-12-31": "0.00000", "2012-09-30": "0.00000", "2012-06-30": "8919.00000", "2011-06-30": "0.00000"}, "Total Liabilities And Share Holders Equity": {"2020-12-31": "15094.00000", "2020-09-30": "14400.00000", "2020-06-30": "14261.00000", "2020-03-31": "14428.00000", "2019-12-31": "16282.00000", "2019-09-30": "16233.00000", "2019-06-30": "15711.00000", "2019-03-31": "16058.00000", "2018-12-31": "16227.00000", "2018-09-30": "16288.00000", "2018-06-30": "16346.00000", "2018-03-31": "13372.00000", "2017-12-31": "14359.00000", "2017-09-30": "14662.00000", "2017-06-30": "14552.00000", "2017-03-31": "14886.00000", "2016-12-31": "14527.00000", "2016-09-30": "15269.00000", "2016-06-30": "15483.00000", "2016-03-31": "15716.00000", "2015-12-31": "14875.00000", "2015-09-30": "14756.00000", "2015-06-30": "15035.00000", "2015-03-31": "15686.00000", "2014-12-31": "15970.00000", "2014-09-30": "16123.00000", "2014-06-30": "16489.00000", "2014-03-31": "16543.00000", "2013-12-31": "15983.00000", "2013-09-30": "16343.00000", "2013-06-30": "15643.00000", "2013-03-31": "0.00000", "2012-12-31": "0.00000", "2012-09-30": "0.00000", "2012-06-30": "13090.00000", "2011-06-30": "0.00000"}}, "cash flow statement": {"Net Income/Loss": {"2020-06-30": "-1545.00000", "2019-06-30": "228.00000", "2018-06-30": "-1444.00000", "2017-06-30": "-643.00000", "2016-06-30": "250.00000", "2015-06-30": "-78.00000", "2014-06-30": "294.00000", "2013-06-30": "547.00000", "2012-06-30": "-2040.00000", "2011-06-30": "704.00000"}, "Total Depreciation And Amortization - Cash Flow": {"2020-06-30": "644.00000", "2019-06-30": "659.00000", "2018-06-30": "472.00000", "2017-06-30": "449.00000", "2016-06-30": "505.00000", "2015-06-30": "498.00000", "2014-06-30": "552.00000", "2013-06-30": "548.00000", "2012-06-30": "483.00000", "2011-06-30": "430.00000"}, "Other Non-Cash Items": {"2020-06-30": "1846.00000", "2019-06-30": "113.00000", "2018-06-30": "1488.00000", "2017-06-30": "980.00000", "2016-06-30": "-266.00000", "2015-06-30": "289.00000", "2014-06-30": "175.00000", "2013-06-30": "885.00000", "2012-06-30": "2092.00000", "2011-06-30": "-21.00000"}, "Total Non-Cash Items": {"2020-06-30": "2490.00000", "2019-06-30": "772.00000", "2018-06-30": "1960.00000", "2017-06-30": "1429.00000", "2016-06-30": "239.00000", "2015-06-30": "787.00000", "2014-06-30": "727.00000", "2013-06-30": "1433.00000", "2012-06-30": "2575.00000", "2011-06-30": "409.00000"}, "Change In Accounts Receivable": {"2020-06-30": "-1470.00000", "2019-06-30": "134.00000", "2018-06-30": "-128.00000", "2017-06-30": "-58.00000", "2016-06-30": "22.00000", "2015-06-30": "29.00000", "2014-06-30": "-102.00000", "2013-06-30": "", "2012-06-30": "96.00000", "2011-06-30": "132.00000"}, "Change In Inventories": {"2020-06-30": "9.00000", "2019-06-30": "-58.00000", "2018-06-30": "-14.00000", "2017-06-30": "15.00000", "2016-06-30": "35.00000", "2015-06-30": "18.00000", "2014-06-30": "24.00000", "2013-06-30": "-15.00000", "2012-06-30": "-6.00000", "2011-06-30": "-13.00000"}, "Change In Accounts Payable": {"2020-06-30": "", "2019-06-30": "", "2018-06-30": "", "2017-06-30": "", "2016-06-30": "", "2015-06-30": "", "2014-06-30": "", "2013-06-30": "", "2012-06-30": "", "2011-06-30": ""}, "Change In Assets/Liabilities": {"2020-06-30": "", "2019-06-30": "", "2018-06-30": "", "2017-06-30": "-258.00000", "2016-06-30": "258.00000", "2015-06-30": "", "2014-06-30": "-103.00000", "2013-06-30": "-135.00000", "2012-06-30": "-16.00000", "2011-06-30": "-3.00000"}, "Total Change In Assets/Liabilities": {"2020-06-30": "-163.00000", "2019-06-30": "-71.00000", "2018-06-30": "-88.00000", "2017-06-30": "-161.00000", "2016-06-30": "373.00000", "2015-06-30": "59.00000", "2014-06-30": "-77.00000", "2013-06-30": "-106.00000", "2012-06-30": "72.00000", "2011-06-30": "106.00000"}, "Cash Flow From Operating Activities": {"2020-06-30": "780.00000", "2019-06-30": "928.00000", "2018-06-30": "757.00000", "2017-06-30": "494.00000", "2016-06-30": "878.00000", "2015-06-30": "831.00000", "2014-06-30": "1029.00000", "2013-06-30": "501.00000", "2012-06-30": "851.00000", "2011-06-30": "1331.00000"}, "Net Change In Property, Plant, And Equipment": {"2020-06-30": "-402.00000", "2019-06-30": "-469.00000", "2018-06-30": "-226.00000", "2017-06-30": "15.00000", "2016-06-30": "-215.00000", "2015-06-30": "-126.00000", "2014-06-30": "-156.00000", "2013-06-30": "494.00000", "2012-06-30": "-304.00000", "2011-06-30": "-475.00000"}, "Net Change In Intangible Assets": {"2020-06-30": "", "2019-06-30": "", "2018-06-30": "", "2017-06-30": "", "2016-06-30": "", "2015-06-30": "", "2014-06-30": "", "2013-06-30": "", "2012-06-30": "", "2011-06-30": ""}, "Net Acquisitions/Divestitures": {"2020-06-30": "-32.00000", "2019-06-30": "-188.00000", "2018-06-30": "-77.00000", "2017-06-30": "-347.00000", "2016-06-30": "-519.00000", "2015-06-30": "-1190.00000", "2014-06-30": "-45.00000", "2013-06-30": "-2156.00000", "2012-06-30": "-92.00000", "2011-06-30": "-397.00000"}, "Net Change In Short-term Investments": {"2020-06-30": "", "2019-06-30": "", "2018-06-30": "", "2017-06-30": "", "2016-06-30": "", "2015-06-30": "", "2014-06-30": "", "2013-06-30": "", "2012-06-30": "", "2011-06-30": ""}, "Net Change In Long-Term Investments": {"2020-06-30": "3.00000", "2019-06-30": "-38.00000", "2018-06-30": "-51.00000", "2017-06-30": "-98.00000", "2016-06-30": "-105.00000", "2015-06-30": "-370.00000", "2014-06-30": "-84.00000", "2013-06-30": "-12.00000", "2012-06-30": "-263.00000", "2011-06-30": "-9.00000"}, "Net Change In Investments - Total": {"2020-06-30": "3.00000", "2019-06-30": "-38.00000", "2018-06-30": "-51.00000", "2017-06-30": "-98.00000", "2016-06-30": "-105.00000", "2015-06-30": "-370.00000", "2014-06-30": "-84.00000", "2013-06-30": "-12.00000", "2012-06-30": "-263.00000", "2011-06-30": "-9.00000"}, "Investing Activities - Other": {"2020-06-30": "4.00000", "2019-06-30": "18.00000", "2018-06-30": "33.00000", "2017-06-30": "10.00000", "2016-06-30": "-272.00000", "2015-06-30": "-55.00000", "2014-06-30": "", "2013-06-30": "", "2012-06-30": "", "2011-06-30": ""}, "Cash Flow From Investing Activities": {"2020-06-30": "-427.00000", "2019-06-30": "-677.00000", "2018-06-30": "-321.00000", "2017-06-30": "-420.00000", "2016-06-30": "-1111.00000", "2015-06-30": "-1741.00000", "2014-06-30": "-285.00000", "2013-06-30": "-1674.00000", "2012-06-30": "-659.00000", "2011-06-30": "-881.00000"}, "Net Long-Term Debt": {"2020-06-30": "-300.00000", "2019-06-30": "-435.00000", "2018-06-30": "-118.00000", "2017-06-30": "-23.00000", "2016-06-30": "342.00000", "2015-06-30": "-129.00000", "2014-06-30": "", "2013-06-30": "-235.00000", "2012-06-30": "", "2011-06-30": ""}, "Net Current Debt": {"2020-06-30": "", "2019-06-30": "", "2018-06-30": "", "2017-06-30": "", "2016-06-30": "", "2015-06-30": "", "2014-06-30": "", "2013-06-30": "", "2012-06-30": "", "2011-06-30": ""}, "Debt Issuance/Retirement Net - Total": {"2020-06-30": "-300.00000", "2019-06-30": "-435.00000", "2018-06-30": "-118.00000", "2017-06-30": "-23.00000", "2016-06-30": "342.00000", "2015-06-30": "-129.00000", "2014-06-30": "", "2013-06-30": "-235.00000", "2012-06-30": "", "2011-06-30": ""}, "Net Common Equity Issued/Repurchased": {"2020-06-30": "", "2019-06-30": "", "2018-06-30": "", "2017-06-30": "", "2016-06-30": "-41.00000", "2015-06-30": "-30.00000", "2014-06-30": "", "2013-06-30": "", "2012-06-30": "", "2011-06-30": ""}, "Net Total Equity Issued/Repurchased": {"2020-06-30": "", "2019-06-30": "", "2018-06-30": "", "2017-06-30": "", "2016-06-30": "-41.00000", "2015-06-30": "-30.00000", "2014-06-30": "", "2013-06-30": "", "2012-06-30": "", "2011-06-30": ""}, "Total Common And Preferred Stock Dividends Paid": {"2020-06-30": "-158.00000", "2019-06-30": "-161.00000", "2018-06-30": "-158.00000", "2017-06-30": "-152.00000", "2016-06-30": "-147.00000", "2015-06-30": "-30.00000", "2014-06-30": "-24.00000", "2013-06-30": "-20.00000", "2012-06-30": "-13.00000", "2011-06-30": "-10.00000"}, "Financial Activities - Other": {"2020-06-30": "-14.00000", "2019-06-30": "-14.00000", "2018-06-30": "-122.00000", "2017-06-30": "-42.00000", "2016-06-30": "-4.00000", "2015-06-30": "-1.00000", "2014-06-30": "213.00000", "2013-06-30": "2741.00000", "2012-06-30": "-993.00000", "2011-06-30": "280.00000"}, "Cash Flow From Financial Activities": {"2020-06-30": "-472.00000", "2019-06-30": "-610.00000", "2018-06-30": "-398.00000", "2017-06-30": "-217.00000", "2016-06-30": "150.00000", "2015-06-30": "-190.00000", "2014-06-30": "189.00000", "2013-06-30": "2486.00000", "2012-06-30": "-1006.00000", "2011-06-30": "270.00000"}, "Net Cash Flow": {"2020-06-30": "-126.00000", "2019-06-30": "-391.00000", "2018-06-30": "18.00000", "2017-06-30": "-131.00000", "2016-06-30": "-119.00000", "2015-06-30": "-1194.00000", "2014-06-30": "764.00000", "2013-06-30": "1248.00000", "2012-06-30": "-889.00000", "2011-06-30": "942.00000"}, "Stock-Based Compensation": {"2020-06-30": "", "2019-06-30": "", "2018-06-30": "", "2017-06-30": "", "2016-06-30": "", "2015-06-30": "", "2014-06-30": "", "2013-06-30": "", "2012-06-30": "", "2011-06-30": ""}, "Common Stock Dividends Paid": {"2020-06-30": "-158.00000", "2019-06-30": "-161.00000", "2018-06-30": "-158.00000", "2017-06-30": "-152.00000", "2016-06-30": "-147.00000", "2015-06-30": "-30.00000", "2014-06-30": "-24.00000", "2013-06-30": "-20.00000", "2012-06-30": "-13.00000", "2011-06-30": "-10.00000"}}, "cash flow statement, quarterly": {"Net Income/Loss": {"2020-12-31": 261, "2020-09-30": "47.00000", "2020-06-30": -401, "2020-03-31": -1036, "2019-12-31": 103, "2019-09-30": "-211.00000", "2019-06-30": -42, "2019-03-31": 23, "2018-12-31": 119, "2018-09-30": "128.00000", "2018-06-30": -355, "2018-03-31": -1110, "2017-12-31": -66, "2017-09-30": "87.00000", "2017-06-30": -424, "2017-03-31": 0, "2016-12-31": -219, "2016-09-30": "0.00000", "2016-06-30": 109, "2016-03-31": -130, "2015-12-31": 82, "2015-09-30": "189.00000", "2015-06-30": -363, "2015-03-31": 34, "2014-12-31": 163, "2014-09-30": "88.00000", "2014-06-30": 29, "2014-03-31": 61, "2013-12-31": 166, "2013-09-30": "38.00000", "2013-06-30": -1113, "2013-03-31": 332, "2012-12-31": 1411, "2012-09-30": "-83.00000", "2012-06-30": -2744, "2011-06-30": 704}, "Total Depreciation And Amortization - Cash Flow": {"2020-12-31": 167, "2020-09-30": "164.00000", "2020-06-30": 160, "2020-03-31": 160, "2019-12-31": 162, "2019-09-30": "162.00000", "2019-06-30": 165, "2019-03-31": 168, "2018-12-31": 163, "2018-09-30": "163.00000", "2018-06-30": 175, "2018-03-31": 100, "2017-12-31": 100, "2017-09-30": "97.00000", "2017-06-30": 100, "2017-03-31": 109, "2016-12-31": 120, "2016-09-30": "120.00000", "2016-06-30": 135, "2016-03-31": 126, "2015-12-31": 123, "2015-09-30": "121.00000", "2015-06-30": 123, "2015-03-31": 124, "2014-12-31": 127, "2014-09-30": "124.00000", "2014-06-30": 131, "2014-03-31": 142, "2013-12-31": 138, "2013-09-30": "141.00000", "2013-06-30": 150, "2013-03-31": 144, "2012-12-31": 129, "2012-09-30": "125.00000", "2012-06-30": 53, "2011-06-30": 430}, "Other Non-Cash Items": {"2020-12-31": 46, "2020-09-30": "43.00000", "2020-06-30": 375, "2020-03-31": 1123, "2019-12-31": 75, "2019-09-30": "273.00000", "2019-06-30": 69, "2019-03-31": -5, "2018-12-31": 15, "2018-09-30": "34.00000", "2018-06-30": 79, "2018-03-31": 1181, "2017-12-31": 212, "2017-09-30": "16.00000", "2017-06-30": 464, "2017-03-31": 58, "2016-12-31": 481, "2016-09-30": "-23.00000", "2016-06-30": 62, "2016-03-31": -185, "2015-12-31": 20, "2015-09-30": "-163.00000", "2015-06-30": 214, "2015-03-31": 10, "2014-12-31": 38, "2014-09-30": "27.00000", "2014-06-30": 131, "2014-03-31": -31, "2013-12-31": 83, "2013-09-30": "-8.00000", "2013-06-30": 1063, "2013-03-31": -42, "2012-12-31": -53, "2012-09-30": "-83.00000", "2012-06-30": 0, "2011-06-30": 0}, "Total Non-Cash Items": {"2020-12-31": 213, "2020-09-30": "207.00000", "2020-06-30": 535, "2020-03-31": 1283, "2019-12-31": 237, "2019-09-30": "435.00000", "2019-06-30": 234, "2019-03-31": 163, "2018-12-31": 178, "2018-09-30": "197.00000", "2018-06-30": 254, "2018-03-31": 1281, "2017-12-31": 312, "2017-09-30": "113.00000", "2017-06-30": 564, "2017-03-31": 167, "2016-12-31": 601, "2016-09-30": "97.00000", "2016-06-30": 197, "2016-03-31": -59, "2015-12-31": 143, "2015-09-30": "-42.00000", "2015-06-30": 337, "2015-03-31": 134, "2014-12-31": 165, "2014-09-30": "151.00000", "2014-06-30": 262, "2014-03-31": 111, "2013-12-31": 221, "2013-09-30": "133.00000", "2013-06-30": 328, "2013-03-31": 102, "2012-12-31": 76, "2012-09-30": "42.00000", "2012-06-30": 53, "2011-06-30": 430}, "Change In Accounts Receivable": {"2020-12-31": -126, "2020-09-30": "-46.00000", "2020-06-30": 123, "2020-03-31": 68, "2019-12-31": -110, "2019-09-30": "-1551.00000", "2019-06-30": 97, "2019-03-31": 177, "2018-12-31": -119, "2018-09-30": "-21.00000", "2018-06-30": -42, "2018-03-31": -13, "2017-12-31": 0, "2017-09-30": "-73.00000", "2017-06-30": 68, "2017-03-31": 5, "2016-12-31": -67, "2016-09-30": "-64.00000", "2016-06-30": 34, "2016-03-31": 85, "2015-12-31": -3, "2015-09-30": "-94.00000", "2015-06-30": -22, "2015-03-31": 107, "2014-12-31": -73, "2014-09-30": "17.00000", "2014-06-30": 38, "2014-03-31": 104, "2013-12-31": -170, "2013-09-30": "-74.00000", "2013-06-30": 62, "2013-03-31": 126, "2012-12-31": -163, "2012-09-30": "-25.00000", "2012-06-30": 0, "2011-06-30": 0}, "Change In Inventories": {"2020-12-31": 25, "2020-09-30": "2.00000", "2020-06-30": 56, "2020-03-31": -50, "2019-12-31": 75, "2019-09-30": "-72.00000", "2019-06-30": 16, "2019-03-31": -31, "2018-12-31": -20, "2018-09-30": "-23.00000", "2018-06-30": 0, "2018-03-31": -6, "2017-12-31": 8, "2017-09-30": "-16.00000", "2017-06-30": 23, "2017-03-31": 1, "2016-12-31": 7, "2016-09-30": "-16.00000", "2016-06-30": 72, "2016-03-31": -109, "2015-12-31": 42, "2015-09-30": "30.00000", "2015-06-30": 61, "2015-03-31": -108, "2014-12-31": 24, "2014-09-30": "41.00000", "2014-06-30": 56, "2014-03-31": -83, "2013-12-31": 19, "2013-09-30": "32.00000", "2013-06-30": 64, "2013-03-31": -90, "2012-12-31": 32, "2012-09-30": "-21.00000", "2012-06-30": 0, "2011-06-30": 0}, "Change In Accounts Payable": {"2020-12-31": 0, "2020-09-30": "", "2020-06-30": 0, "2020-03-31": 0, "2019-12-31": 0, "2019-09-30": "", "2019-06-30": 0, "2019-03-31": 0, "2018-12-31": 0, "2018-09-30": "", "2018-06-30": 0, "2018-03-31": 0, "2017-12-31": 0, "2017-09-30": "", "2017-06-30": 0, "2017-03-31": 0, "2016-12-31": 0, "2016-09-30": "", "2016-06-30": 0, "2016-03-31": 0, "2015-12-31": 0, "2015-09-30": "", "2015-06-30": 0, "2015-03-31": 0, "2014-12-31": 0, "2014-09-30": "", "2014-06-30": 0, "2014-03-31": 0, "2013-12-31": 0, "2013-09-30": "", "2013-06-30": 0, "2013-03-31": 0, "2012-12-31": 0, "2012-09-30": "", "2012-06-30": 0, "2011-06-30": 0}, "Change In Assets/Liabilities": {"2020-12-31": 0, "2020-09-30": "", "2020-06-30": 0, "2020-03-31": 0, "2019-12-31": 0, "2019-09-30": "", "2019-06-30": 0, "2019-03-31": 0, "2018-12-31": 0, "2018-09-30": "", "2018-06-30": 0, "2018-03-31": 0, "2017-12-31": 0, "2017-09-30": "", "2017-06-30": -2, "2017-03-31": -6, "2016-12-31": 0, "2016-09-30": "-250.00000", "2016-06-30": 0, "2016-03-31": 258, "2015-12-31": 11, "2015-09-30": "-11.00000", "2015-06-30": 18, "2015-03-31": -6, "2014-12-31": -6, "2014-09-30": "-6.00000", "2014-06-30": -68, "2014-03-31": -14, "2013-12-31": -15, "2013-09-30": "-6.00000", "2013-06-30": -93, "2013-03-31": -44, "2012-12-31": 3, "2012-09-30": "-1.00000", "2012-06-30": 0, "2011-06-30": 0}, "Total Change In Assets/Liabilities": {"2020-12-31": -95, "2020-09-30": "-86.00000", "2020-06-30": 174, "2020-03-31": 34, "2019-12-31": -176, "2019-09-30": "-195.00000", "2019-06-30": 76, "2019-03-31": 117, "2018-12-31": -68, "2018-09-30": "-196.00000", "2018-06-30": 57, "2018-03-31": 119, "2017-12-31": -69, "2017-09-30": "-195.00000", "2017-06-30": 140, "2017-03-31": 37, "2016-12-31": 13, "2016-09-30": "-351.00000", "2016-06-30": 32, "2016-03-31": 398, "2015-12-31": -56, "2015-09-30": "-1.00000", "2015-06-30": -33, "2015-03-31": 125, "2014-12-31": -45, "2014-09-30": "12.00000", "2014-06-30": -151, "2014-03-31": 223, "2013-12-31": -79, "2013-09-30": "-70.00000", "2013-06-30": -96, "2013-03-31": 294, "2012-12-31": -245, "2012-09-30": "-59.00000", "2012-06-30": -34, "2011-06-30": 106}, "Cash Flow From Operating Activities": {"2020-12-31": 328, "2020-09-30": "155.00000", "2020-06-30": 318, "2020-03-31": 270, "2019-12-31": 165, "2019-09-30": "27.00000", "2019-06-30": 267, "2019-03-31": 303, "2018-12-31": 245, "2018-09-30": "113.00000", "2018-06-30": 292, "2018-03-31": 261, "2017-12-31": 208, "2017-09-30": "-4.00000", "2017-06-30": 275, "2017-03-31": 218, "2016-12-31": 272, "2016-09-30": "-271.00000", "2016-06-30": 355, "2016-03-31": 177, "2015-12-31": 205, "2015-09-30": "141.00000", "2015-06-30": 5, "2015-03-31": 282, "2014-12-31": 324, "2014-09-30": "220.00000", "2014-06-30": 226, "2014-03-31": 396, "2013-12-31": 348, "2013-09-30": "59.00000", "2013-06-30": 81, "2013-03-31": 415, "2012-12-31": 92, "2012-09-30": "-87.00000", "2012-06-30": -480, "2011-06-30": 1331}, "Net Change In Property, Plant, And Equipment": {"2020-12-31": -79, "2020-09-30": "-91.00000", "2020-06-30": -60, "2020-03-31": -115, "2019-12-31": -113, "2019-09-30": "-114.00000", "2019-06-30": -102, "2019-03-31": -135, "2018-12-31": -99, "2018-09-30": "-133.00000", "2018-06-30": -163, "2018-03-31": 50, "2017-12-31": -51, "2017-09-30": "-62.00000", "2017-06-30": -49, "2017-03-31": 113, "2016-12-31": -24, "2016-09-30": "-25.00000", "2016-06-30": -39, "2016-03-31": -58, "2015-12-31": -57, "2015-09-30": "-61.00000", "2015-06-30": -42, "2015-03-31": -48, "2014-12-31": -56, "2014-09-30": "20.00000", "2014-06-30": -21, "2014-03-31": -88, "2013-12-31": -76, "2013-09-30": "29.00000", "2013-06-30": 19, "2013-03-31": 590, "2012-12-31": -51, "2012-09-30": "-64.00000", "2012-06-30": 171, "2011-06-30": -475}, "Net Change In Intangible Assets": {"2020-12-31": 0, "2020-09-30": "", "2020-06-30": 0, "2020-03-31": 0, "2019-12-31": 0, "2019-09-30": "", "2019-06-30": 0, "2019-03-31": 0, "2018-12-31": 0, "2018-09-30": "", "2018-06-30": 0, "2018-03-31": 0, "2017-12-31": 0, "2017-09-30": "", "2017-06-30": 0, "2017-03-31": 0, "2016-12-31": 0, "2016-09-30": "", "2016-06-30": 0, "2016-03-31": 0, "2015-12-31": 0, "2015-09-30": "", "2015-06-30": 0, "2015-03-31": 0, "2014-12-31": 0, "2014-09-30": "", "2014-06-30": 0, "2014-03-31": 0, "2013-12-31": 0, "2013-09-30": "", "2013-06-30": 0, "2013-03-31": 0, "2012-12-31": 0, "2012-09-30": "", "2012-06-30": 0, "2011-06-30": 0}, "Net Acquisitions/Divestitures": {"2020-12-31": -89, "2020-09-30": "-1.00000", "2020-06-30": -40, "2020-03-31": 10, "2019-12-31": -2, "2019-09-30": "", "2019-06-30": -50, "2019-03-31": 42, "2018-12-31": -186, "2018-09-30": "6.00000", "2018-06-30": -15, "2018-03-31": -9, "2017-12-31": 1, "2017-09-30": "-54.00000", "2017-06-30": -2, "2017-03-31": -3, "2016-12-31": -59, "2016-09-30": "-283.00000", "2016-06-30": -33, "2016-03-31": -385, "2015-12-31": -85, "2015-09-30": "-16.00000", "2015-06-30": -2, "2015-03-31": -5, "2014-12-31": -769, "2014-09-30": "-414.00000", "2014-06-30": -6, "2014-03-31": -13, "2013-12-31": -24, "2013-09-30": "-2.00000", "2013-06-30": 1, "2013-03-31": -3, "2012-12-31": -1926, "2012-09-30": "-228.00000", "2012-06-30": 305, "2011-06-30": -397}, "Net Change In Short-term Investments": {"2020-12-31": 0, "2020-09-30": "", "2020-06-30": 0, "2020-03-31": 0, "2019-12-31": 0, "2019-09-30": "", "2019-06-30": 0, "2019-03-31": 0, "2018-12-31": 0, "2018-09-30": "", "2018-06-30": 0, "2018-03-31": 0, "2017-12-31": 0, "2017-09-30": "", "2017-06-30": 0, "2017-03-31": 0, "2016-12-31": 0, "2016-09-30": "", "2016-06-30": 0, "2016-03-31": 0, "2015-12-31": 0, "2015-09-30": "", "2015-06-30": 0, "2015-03-31": 0, "2014-12-31": 0, "2014-09-30": "", "2014-06-30": 0, "2014-03-31": 0, "2013-12-31": 0, "2013-09-30": "", "2013-06-30": 0, "2013-03-31": 0, "2012-12-31": 0, "2012-09-30": "", "2012-06-30": 0, "2011-06-30": 0}, "Net Change In Long-Term Investments": {"2020-12-31": -4, "2020-09-30": "-7.00000", "2020-06-30": -4, "2020-03-31": 15, "2019-12-31": -3, "2019-09-30": "-5.00000", "2019-06-30": -20, "2019-03-31": -5, "2018-12-31": -3, "2018-09-30": "-10.00000", "2018-06-30": -9, "2018-03-31": -9, "2017-12-31": -21, "2017-09-30": "-12.00000", "2017-06-30": -5, "2017-03-31": -54, "2016-12-31": -39, "2016-09-30": "", "2016-06-30": -64, "2016-03-31": -10, "2015-12-31": -17, "2015-09-30": "-14.00000", "2015-06-30": -113, "2015-03-31": -11, "2014-12-31": -131, "2014-09-30": "-115.00000", "2014-06-30": -72, "2014-03-31": -10, "2013-12-31": -2, "2013-09-30": "", "2013-06-30": -2, "2013-03-31": -7, "2012-12-31": -1, "2012-09-30": "-2.00000", "2012-06-30": 0, "2011-06-30": 0}, "Net Change In Investments - Total": {"2020-12-31": -4, "2020-09-30": "-7.00000", "2020-06-30": -4, "2020-03-31": 15, "2019-12-31": -3, "2019-09-30": "-5.00000", "2019-06-30": -20, "2019-03-31": -5, "2018-12-31": -3, "2018-09-30": "-10.00000", "2018-06-30": -9, "2018-03-31": -9, "2017-12-31": -21, "2017-09-30": "-12.00000", "2017-06-30": -5, "2017-03-31": -54, "2016-12-31": -39, "2016-09-30": "", "2016-06-30": -64, "2016-03-31": -10, "2015-12-31": -17, "2015-09-30": "-14.00000", "2015-06-30": -113, "2015-03-31": -11, "2014-12-31": -131, "2014-09-30": "-115.00000", "2014-06-30": -72, "2014-03-31": -10, "2013-12-31": -2, "2013-09-30": "", "2013-06-30": -2, "2013-03-31": -7, "2012-12-31": -1, "2012-09-30": "-2.00000", "2012-06-30": -254, "2011-06-30": -9}, "Investing Activities - Other": {"2020-12-31": -8, "2020-09-30": "3.00000", "2020-06-30": 4, "2020-03-31": -3, "2019-12-31": 2, "2019-09-30": "1.00000", "2019-06-30": 18, "2019-03-31": -16, "2018-12-31": 0, "2018-09-30": "16.00000", "2018-06-30": 10, "2018-03-31": 0, "2017-12-31": 16, "2017-09-30": "7.00000", "2017-06-30": -315, "2017-03-31": 13, "2016-12-31": 15, "2016-09-30": "297.00000", "2016-06-30": -287, "2016-03-31": 15, "2015-12-31": -5, "2015-09-30": "5.00000", "2015-06-30": -71, "2015-03-31": 16, "2014-12-31": 0, "2014-09-30": "", "2014-06-30": 0, "2014-03-31": 0, "2013-12-31": 0, "2013-09-30": "", "2013-06-30": 0, "2013-03-31": 0, "2012-12-31": 0, "2012-09-30": "", "2012-06-30": 0, "2011-06-30": 0}, "Cash Flow From Investing Activities": {"2020-12-31": -180, "2020-09-30": "-96.00000", "2020-06-30": -100, "2020-03-31": -93, "2019-12-31": -116, "2019-09-30": "-118.00000", "2019-06-30": -154, "2019-03-31": -114, "2018-12-31": -288, "2018-09-30": "-121.00000", "2018-06-30": -177, "2018-03-31": 32, "2017-12-31": -55, "2017-09-30": "-121.00000", "2017-06-30": -371, "2017-03-31": 69, "2016-12-31": -107, "2016-09-30": "-11.00000", "2016-06-30": -423, "2016-03-31": -438, "2015-12-31": -164, "2015-09-30": "-86.00000", "2015-06-30": -228, "2015-03-31": -48, "2014-12-31": -956, "2014-09-30": "-509.00000", "2014-06-30": -99, "2014-03-31": -111, "2013-12-31": -102, "2013-09-30": "27.00000", "2013-06-30": 18, "2013-03-31": 580, "2012-12-31": -1978, "2012-09-30": "-294.00000", "2012-06-30": 222, "2011-06-30": -881}, "Net Long-Term Debt": {"2020-12-31": -106, "2020-09-30": "4.00000", "2020-06-30": -64, "2020-03-31": 8, "2019-12-31": -153, "2019-09-30": "-91.00000", "2019-06-30": -84, "2019-03-31": -144, "2018-12-31": -146, "2018-09-30": "-61.00000", "2018-06-30": -25, "2018-03-31": 0, "2017-12-31": -93, "2017-09-30": "", "2017-06-30": 0, "2017-03-31": 0, "2016-12-31": 0, "2016-09-30": "-23.00000", "2016-06-30": 0, "2016-03-31": 342, "2015-12-31": 0, "2015-09-30": "", "2015-06-30": 0, "2015-03-31": 0, "2014-12-31": -129, "2014-09-30": "", "2014-06-30": 0, "2014-03-31": 0, "2013-12-31": 0, "2013-09-30": "", "2013-06-30": 0, "2013-03-31": 0, "2012-12-31": -235, "2012-09-30": "", "2012-06-30": 0, "2011-06-30": 0}, "Net Current Debt": {"2020-12-31": 0, "2020-09-30": "", "2020-06-30": 0, "2020-03-31": 0, "2019-12-31": 0, "2019-09-30": "", "2019-06-30": 0, "2019-03-31": 0, "2018-12-31": 0, "2018-09-30": "", "2018-06-30": 0, "2018-03-31": 0, "2017-12-31": 0, "2017-09-30": "", "2017-06-30": 0, "2017-03-31": 0, "2016-12-31": 0, "2016-09-30": "", "2016-06-30": 0, "2016-03-31": 0, "2015-12-31": 0, "2015-09-30": "", "2015-06-30": 0, "2015-03-31": 0, "2014-12-31": 0, "2014-09-30": "", "2014-06-30": 0, "2014-03-31": 0, "2013-12-31": 0, "2013-09-30": "", "2013-06-30": 0, "2013-03-31": 0, "2012-12-31": 0, "2012-09-30": "", "2012-06-30": 0, "2011-06-30": 0}, "Debt Issuance/Retirement Net - Total": {"2020-12-31": -106, "2020-09-30": "4.00000", "2020-06-30": -64, "2020-03-31": 8, "2019-12-31": -153, "2019-09-30": "-91.00000", "2019-06-30": -84, "2019-03-31": -144, "2018-12-31": -146, "2018-09-30": "-61.00000", "2018-06-30": -25, "2018-03-31": 0, "2017-12-31": -93, "2017-09-30": "", "2017-06-30": 0, "2017-03-31": 0, "2016-12-31": 0, "2016-09-30": "-23.00000", "2016-06-30": 0, "2016-03-31": 342, "2015-12-31": 0, "2015-09-30": "", "2015-06-30": 0, "2015-03-31": 0, "2014-12-31": -129, "2014-09-30": "", "2014-06-30": 0, "2014-03-31": 0, "2013-12-31": 0, "2013-09-30": "", "2013-06-30": 0, "2013-03-31": 0, "2012-12-31": -235, "2012-09-30": "", "2012-06-30": 0, "2011-06-30": 0}, "Net Common Equity Issued/Repurchased": {"2020-12-31": 0, "2020-09-30": "", "2020-06-30": 0, "2020-03-31": 0, "2019-12-31": 0, "2019-09-30": "", "2019-06-30": 0, "2019-03-31": 0, "2018-12-31": 0, "2018-09-30": "", "2018-06-30": 0, "2018-03-31": 0, "2017-12-31": 0, "2017-09-30": "", "2017-06-30": 0, "2017-03-31": 0, "2016-12-31": 0, "2016-09-30": "", "2016-06-30": 0, "2016-03-31": -23, "2015-12-31": -3, "2015-09-30": "-15.00000", "2015-06-30": -30, "2015-03-31": 0, "2014-12-31": 0, "2014-09-30": "", "2014-06-30": 0, "2014-03-31": 0, "2013-12-31": 0, "2013-09-30": "", "2013-06-30": 0, "2013-03-31": 0, "2012-12-31": 0, "2012-09-30": "", "2012-06-30": 0, "2011-06-30": 0}, "Net Total Equity Issued/Repurchased": {"2020-12-31": 0, "2020-09-30": "", "2020-06-30": 0, "2020-03-31": 0, "2019-12-31": 0, "2019-09-30": "", "2019-06-30": 0, "2019-03-31": 0, "2018-12-31": 0, "2018-09-30": "", "2018-06-30": 0, "2018-03-31": 0, "2017-12-31": 0, "2017-09-30": "", "2017-06-30": 0, "2017-03-31": 0, "2016-12-31": 0, "2016-09-30": "", "2016-06-30": 0, "2016-03-31": -23, "2015-12-31": -3, "2015-09-30": "-15.00000", "2015-06-30": -30, "2015-03-31": 0, "2014-12-31": 0, "2014-09-30": "", "2014-06-30": 0, "2014-03-31": 0, "2013-12-31": 0, "2013-09-30": "", "2013-06-30": 0, "2013-03-31": 0, "2012-12-31": 0, "2012-09-30": "", "2012-06-30": 0, "2011-06-30": 0}, "Total Common And Preferred Stock Dividends Paid": {"2020-12-31": -60, "2020-09-30": "-20.00000", "2020-06-30": -58, "2020-03-31": -19, "2019-12-31": -59, "2019-09-30": "-22.00000", "2019-06-30": -59, "2019-03-31": -21, "2018-12-31": -58, "2018-09-30": "-23.00000", "2018-06-30": -59, "2018-03-31": -19, "2017-12-31": -59, "2017-09-30": "-21.00000", "2017-06-30": -59, "2017-03-31": -16, "2016-12-31": -59, "2016-09-30": "-18.00000", "2016-06-30": -59, "2016-03-31": -14, "2015-12-31": -58, "2015-09-30": "-16.00000", "2015-06-30": -1, "2015-03-31": -12, "2014-12-31": 0, "2014-09-30": "-17.00000", "2014-06-30": -1, "2014-03-31": -10, "2013-12-31": -1, "2013-09-30": "-12.00000", "2013-06-30": 0, "2013-03-31": -9, "2012-12-31": 0, "2012-09-30": "-11.00000", "2012-06-30": -3, "2011-06-30": -10}, "Financial Activities - Other": {"2020-12-31": -3, "2020-09-30": "-34.00000", "2020-06-30": -9, "2020-03-31": -2, "2019-12-31": -21, "2019-09-30": "18.00000", "2019-06-30": 34, "2019-03-31": -3, "2018-12-31": -5, "2018-09-30": "-40.00000", "2018-06-30": -80, "2018-03-31": -13, "2017-12-31": -19, "2017-09-30": "-10.00000", "2017-06-30": -6, "2017-03-31": -15, "2016-12-31": -3, "2016-09-30": "-18.00000", "2016-06-30": 5, "2016-03-31": -2, "2015-12-31": -1, "2015-09-30": "-6.00000", "2015-06-30": 1, "2015-03-31": 8, "2014-12-31": -1, "2014-09-30": "-9.00000", "2014-06-30": -1, "2014-03-31": -3, "2013-12-31": 0, "2013-09-30": "217.00000", "2013-06-30": 823, "2013-03-31": -189, "2012-12-31": 1852, "2012-09-30": "255.00000", "2012-06-30": -1273, "2011-06-30": 280}, "Cash Flow From Financial Activities": {"2020-12-31": -169, "2020-09-30": "-50.00000", "2020-06-30": -131, "2020-03-31": -13, "2019-12-31": -233, "2019-09-30": "-95.00000", "2019-06-30": -109, "2019-03-31": -168, "2018-12-31": -209, "2018-09-30": "-124.00000", "2018-06-30": -164, "2018-03-31": -32, "2017-12-31": -171, "2017-09-30": "-31.00000", "2017-06-30": -65, "2017-03-31": -31, "2016-12-31": -62, "2016-09-30": "-59.00000", "2016-06-30": -54, "2016-03-31": 303, "2015-12-31": -62, "2015-09-30": "-37.00000", "2015-06-30": -30, "2015-03-31": -4, "2014-12-31": -130, "2014-09-30": "-26.00000", "2014-06-30": -2, "2014-03-31": -13, "2013-12-31": -1, "2013-09-30": "205.00000", "2013-06-30": 823, "2013-03-31": -198, "2012-12-31": 1617, "2012-09-30": "244.00000", "2012-06-30": -1276, "2011-06-30": 270}, "Net Cash Flow": {"2020-12-31": 23, "2020-09-30": "22.00000", "2020-06-30": 129, "2020-03-31": 116, "2019-12-31": -169, "2019-09-30": "-202.00000", "2019-06-30": -5, "2019-03-31": 30, "2018-12-31": -268, "2018-09-30": "-148.00000", "2018-06-30": -78, "2018-03-31": 256, "2017-12-31": -21, "2017-09-30": "-139.00000", "2017-06-30": -149, "2017-03-31": 286, "2016-12-31": 65, "2016-09-30": "-333.00000", "2016-06-30": -140, "2016-03-31": 89, "2015-12-31": -15, "2015-09-30": "-53.00000", "2015-06-30": -76, "2015-03-31": 109, "2014-12-31": -817, "2014-09-30": "-410.00000", "2014-06-30": -62, "2014-03-31": 299, "2013-12-31": 220, "2013-09-30": "307.00000", "2013-06-30": 842, "2013-03-31": 798, "2012-12-31": -269, "2012-09-30": "-123.00000", "2012-06-30": -1831, "2011-06-30": 942}, "Stock-Based Compensation": {"2020-12-31": 0, "2020-09-30": "", "2020-06-30": 0, "2020-03-31": 0, "2019-12-31": 0, "2019-09-30": "", "2019-06-30": 0, "2019-03-31": 0, "2018-12-31": 0, "2018-09-30": "", "2018-06-30": 0, "2018-03-31": 0, "2017-12-31": 0, "2017-09-30": "", "2017-06-30": 0, "2017-03-31": 0, "2016-12-31": 0, "2016-09-30": "", "2016-06-30": 0, "2016-03-31": 0, "2015-12-31": 0, "2015-09-30": "", "2015-06-30": 0, "2015-03-31": 0, "2014-12-31": 0, "2014-09-30": "", "2014-06-30": 0, "2014-03-31": 0, "2013-12-31": 0, "2013-09-30": "", "2013-06-30": 0, "2013-03-31": 0, "2012-12-31": 0, "2012-09-30": "", "2012-06-30": 0, "2011-06-30": 0}, "Common Stock Dividends Paid": {"2020-12-31": -60, "2020-09-30": "-20.00000", "2020-06-30": -58, "2020-03-31": -19, "2019-12-31": -59, "2019-09-30": "-22.00000", "2019-06-30": -59, "2019-03-31": -21, "2018-12-31": -58, "2018-09-30": "-23.00000", "2018-06-30": -59, "2018-03-31": -19, "2017-12-31": -59, "2017-09-30": "-21.00000", "2017-06-30": -59, "2017-03-31": -16, "2016-12-31": -59, "2016-09-30": "-18.00000", "2016-06-30": -59, "2016-03-31": -14, "2015-12-31": -58, "2015-09-30": "-16.00000", "2015-06-30": -1, "2015-03-31": -12, "2014-12-31": 0, "2014-09-30": "-17.00000", "2014-06-30": -1, "2014-03-31": -10, "2013-12-31": -1, "2013-09-30": "-12.00000", "2013-06-30": 0, "2013-03-31": -9, "2012-12-31": 0, "2012-09-30": "-11.00000", "2012-06-30": 0, "2011-06-30": 0}}, "financial ratios": {"Current Ratio": {"2020-06-30": "1.29050", "2019-06-30": "1.21260", "2018-06-30": "1.33350", "2017-06-30": "1.55590", "2016-06-30": "1.59250", "2015-06-30": "1.90240", "2014-06-30": "2.32770", "2013-06-30": "2.13860", "2012-06-30": "1.26270", "2011-06-30": ""}, "Long-term Debt / Capital": {"2020-06-30": "0.12360", "2019-06-30": "0.08870", "2018-06-30": "0.12450", "2017-06-30": "0.02430", "2016-06-30": "0.03030", "2015-06-30": "", "2014-06-30": "", "2013-06-30": "", "2012-06-30": "", "2011-06-30": ""}, "Debt/Equity Ratio": {"2020-06-30": "0.15010", "2019-06-30": "0.14090", "2018-06-30": "0.18630", "2017-06-30": "0.03420", "2016-06-30": "0.03130", "2015-06-30": "", "2014-06-30": "", "2013-06-30": "", "2012-06-30": "", "2011-06-30": ""}, "Gross Margin": {"2020-06-30": "44.49380", "2019-06-30": "44.02420", "2018-06-30": "45.65600", "2017-06-30": "44.35430", "2016-06-30": "42.98120", "2015-06-30": "41.90520", "2014-06-30": "40.20740", "2013-06-30": "39.03950", "2012-06-30": "40.81350", "2011-06-30": "42.45190"}, "Operating Margin": {"2020-06-30": "4.09640", "2019-06-30": "5.80700", "2018-06-30": "6.63790", "2017-06-30": "5.32010", "2016-06-30": "2.15870", "2015-06-30": "5.24400", "2014-06-30": "4.84330", "2013-06-30": "1.57460", "2012-06-30": "3.45510", "2011-06-30": "8.60910"}, "EBIT Margin": {"2020-06-30": "4.09640", "2019-06-30": "5.80700", "2018-06-30": "6.63790", "2017-06-30": "5.32010", "2016-06-30": "2.15870", "2015-06-30": "5.24400", "2014-06-30": "4.84330", "2013-06-30": "1.57460", "2012-06-30": "3.45510", "2011-06-30": "8.60910"}, "EBITDA Margin": {"2020-06-30": "11.24560", "2019-06-30": "12.34860", "2018-06-30": "11.86840", "2017-06-30": "10.83670", "2016-06-30": "8.24890", "2015-06-30": "11.08630", "2014-06-30": "11.34810", "2013-06-30": "7.73820", "2012-06-30": "9.03630", "2011-06-30": "13.33700"}, "Pre-Tax Profit Margin": {"2020-06-30": "-16.91830", "2019-06-30": "3.51400", "2018-06-30": "-12.06780", "2017-06-30": "-7.55620", "2016-06-30": "2.18280", "2015-06-30": "6.47580", "2014-06-30": "-2.09760", "2013-06-30": "1.94580", "2012-06-30": "-27.46710", "2011-06-30": "10.56630"}, "Net Profit Margin": {"2020-06-30": "-14.08750", "2019-06-30": "1.53860", "2018-06-30": "-16.79960", "2017-06-30": "-9.09200", "2016-06-30": "2.13460", "2015-06-30": "-1.74800", "2014-06-30": "2.79280", "2013-06-30": "5.69110", "2012-06-30": "-23.97740", "2011-06-30": "7.45460"}, "Asset Turnover": {"2020-06-30": "0.63170", "2019-06-30": "0.64120", "2018-06-30": "0.55210", "2017-06-30": "0.55930", "2016-06-30": "0.53560", "2015-06-30": "0.56690", "2014-06-30": "0.51460", "2013-06-30": "0.56840", "2012-06-30": "0.66110", "2011-06-30": ""}, "Inventory Turnover Ratio": {"2020-06-30": "14.36780", "2019-06-30": "16.20400", "2018-06-30": "13.04260", "2017-06-30": "21.77400", "2016-06-30": "", "2015-06-30": "", "2014-06-30": "", "2013-06-30": "", "2012-06-30": "", "2011-06-30": ""}, "Receiveable Turnover": {"2020-06-30": "7.48790", "2019-06-30": "6.52460", "2018-06-30": "5.59800", "2017-06-30": "6.37850", "2016-06-30": "6.74690", "2015-06-30": "6.64380", "2014-06-30": "5.83630", "2013-06-30": "5.62010", "2012-06-30": "6.32140", "2011-06-30": ""}, "Days Sales In Receivables": {"2020-06-30": "48.74500", "2019-06-30": "55.94200", "2018-06-30": "65.20170", "2017-06-30": "57.22330", "2016-06-30": "54.09850", "2015-06-30": "54.93840", "2014-06-30": "62.53950", "2013-06-30": "64.94550", "2012-06-30": "57.74040", "2011-06-30": ""}, "ROE - Return On Equity": {"2020-06-30": "-18.41700", "2019-06-30": "2.21120", "2018-06-30": "-13.78260", "2017-06-30": "-5.80690", "2016-06-30": "1.99460", "2015-06-30": "3.02910", "2014-06-30": "3.25400", "2013-06-30": "4.31520", "2012-06-30": "-22.87250", "2011-06-30": ""}, "Return On Tangible Equity": {"2020-06-30": "-60.02330", "2019-06-30": "8.32720", "2018-06-30": "-55.79600", "2017-06-30": "-12.92720", "2016-06-30": "3.99590", "2015-06-30": "5.34210", "2014-06-30": "5.12940", "2013-06-30": "7.02630", "2012-06-30": "-52.71320", "2011-06-30": ""}, "ROA - Return On Assets": {"2020-06-30": "-10.83370", "2019-06-30": "1.45120", "2018-06-30": "-8.83400", "2017-06-30": "-4.41860", "2016-06-30": "1.51780", "2015-06-30": "2.44100", "2014-06-30": "2.64420", "2013-06-30": "3.49680", "2012-06-30": "-15.58440", "2011-06-30": ""}, "ROI - Return On Investment": {"2020-06-30": "-16.14080", "2019-06-30": "2.01500", "2018-06-30": "-12.06650", "2017-06-30": "-5.65570", "2016-06-30": "1.93080", "2015-06-30": "3.02410", "2014-06-30": "3.24910", "2013-06-30": "4.30840", "2012-06-30": "-22.87250", "2011-06-30": ""}, "Book Value Per Share": {"2020-06-30": "14.25360", "2019-06-30": "17.61930", "2018-06-30": "17.97040", "2017-06-30": "19.06260", "2016-06-30": "20.34400", "2015-06-30": "20.86860", "2014-06-30": "23.17530", "2013-06-30": "21.93490", "2012-06-30": "", "2011-06-30": ""}, "Operating Cash Flow Per Share": {"2020-06-30": -0.2517, "2019-06-30": 0.2794, "2018-06-30": 0.4494, "2017-06-30": -0.6576, "2016-06-30": 0.0809, "2015-06-30": -0.3487, "2014-06-30": 0.9104, "2013-06-30": -0.6056, "2012-06-30": -0.8266, "2011-06-30": 2.2969}, "Free Cash Flow Per Share": {"2020-06-30": -0.1377, "2019-06-30": -0.1306, "2018-06-30": 0.0358, "2017-06-30": -0.2627, "2016-06-30": -0.0719, "2015-06-30": -0.2959, "2014-06-30": -0.2113, "2013-06-30": 0.7722, "2012-06-30": -0.5321, "2011-06-30": 1.4772}}, "financial ratios, quarterly": {"Current Ratio": {"2020-09-30": "1.25460", "2020-06-30": "1.29050", "2020-03-31": "1.39120", "2019-12-31": "1.36340", "2019-09-30": "1.08790", "2019-06-30": "1.21260", "2019-03-31": "1.15440", "2018-12-31": "1.19320", "2018-09-30": "1.26060", "2018-06-30": "1.33350", "2018-03-31": "1.61570", "2017-12-31": "1.63790", "2017-09-30": "1.55900", "2017-06-30": "1.55590", "2017-03-31": "1.52860", "2016-12-31": "1.54450", "2016-09-30": "1.45520", "2016-06-30": "1.59250", "2016-03-31": "1.47470", "2015-12-31": "1.81060", "2015-09-30": "1.79550", "2015-06-30": "1.90240", "2015-03-31": "1.79850", "2014-12-31": "1.73980", "2014-09-30": "2.12170", "2014-06-30": "2.32770", "2014-03-31": "2.14970", "2013-12-31": "2.23040", "2013-09-30": "1.97730", "2013-06-30": "2.13860", "2013-03-31": "", "2012-12-31": "", "2012-09-30": "", "2012-06-30": "", "2011-06-30": ""}, "Long-term Debt / Capital": {"2020-09-30": "0.12480", "2020-06-30": "0.12360", "2020-03-31": "0.11520", "2019-12-31": "0.10600", "2019-09-30": "0.06710", "2019-06-30": "0.08870", "2019-03-31": "0.07660", "2018-12-31": "0.08230", "2018-09-30": "0.10210", "2018-06-30": "0.12450", "2018-03-31": "0.01800", "2017-12-31": "0.01650", "2017-09-30": "0.02450", "2017-06-30": "0.02430", "2017-03-31": "0.02340", "2016-12-31": "0.02330", "2016-09-30": "0.03110", "2016-06-30": "0.03030", "2016-03-31": "0.03020", "2015-12-31": "", "2015-09-30": "", "2015-06-30": "", "2015-03-31": "", "2014-12-31": "", "2014-09-30": "", "2014-06-30": "", "2014-03-31": "", "2013-12-31": "", "2013-09-30": "", "2013-06-30": "", "2013-03-31": "", "2012-12-31": "", "2012-09-30": "", "2012-06-30": "", "2011-06-30": ""}, "Debt/Equity Ratio": {"2020-09-30": "0.15190", "2020-06-30": "0.15010", "2020-03-31": "0.13010", "2019-12-31": "0.11860", "2019-09-30": "0.13520", "2019-06-30": "0.14090", "2019-03-31": "0.14780", "2018-12-31": "0.16100", "2018-09-30": "0.17800", "2018-06-30": "0.18630", "2018-03-31": "0.01840", "2017-12-31": "0.01680", "2017-09-30": "0.02510", "2017-06-30": "0.03420", "2017-03-31": "0.02390", "2016-12-31": "0.02390", "2016-09-30": "0.03210", "2016-06-30": "0.03130", "2016-03-31": "0.03120", "2015-12-31": "", "2015-09-30": "", "2015-06-30": "", "2015-03-31": "", "2014-12-31": "", "2014-09-30": "", "2014-06-30": "", "2014-03-31": "", "2013-12-31": "", "2013-09-30": "", "2013-06-30": "", "2013-03-31": "", "2012-12-31": "", "2012-09-30": "", "2012-06-30": "", "2011-06-30": ""}, "Gross Margin": {"2020-09-30": "45.01650", "2020-06-30": "46.38590", "2020-03-31": "43.46870", "2019-12-31": "45.54260", "2019-09-30": "42.82050", "2019-06-30": "42.61960", "2019-03-31": "43.01990", "2018-12-31": "43.50970", "2018-09-30": "46.90970", "2018-06-30": "45.59970", "2018-03-31": "45.00720", "2017-12-31": "47.75230", "2017-09-30": "44.16910", "2017-06-30": "44.95190", "2017-03-31": "44.33770", "2016-12-31": "46.78640", "2016-09-30": "41.11960", "2016-06-30": "43.75560", "2016-03-31": "42.67580", "2015-12-31": "44.79410", "2015-09-30": "40.46670", "2015-06-30": "42.60750", "2015-03-31": "41.00930", "2014-12-31": "44.59700", "2014-09-30": "39.18410", "2014-06-30": "40.61010", "2014-03-31": "39.41290", "2013-12-31": "43.07420", "2013-09-30": "37.50000", "2013-06-30": "38.85690", "2013-03-31": "37.88990", "2012-12-31": "41.74920", "2012-09-30": "37.45900", "2012-06-30": "", "2011-06-30": ""}, "Operating Margin": {"2020-09-30": "4.91260", "2020-06-30": "1.82010", "2020-03-31": "3.61870", "2019-12-31": "7.78540", "2019-09-30": "2.52140", "2019-06-30": "4.21740", "2019-03-31": "3.21530", "2018-12-31": "7.87970", "2018-09-30": "7.72580", "2018-06-30": "5.16150", "2018-03-31": "3.87000", "2017-12-31": "10.45870", "2017-09-30": "7.33720", "2017-06-30": "5.38460", "2017-03-31": "5.35890", "2016-12-31": "9.68810", "2016-09-30": "0.50890", "2016-06-30": "10.15270", "2016-03-31": "-13.11480", "2015-12-31": "7.26520", "2015-09-30": "2.18470", "2015-06-30": "4.34580", "2015-03-31": "2.93970", "2014-12-31": "9.96460", "2014-09-30": "3.32070", "2014-06-30": "9.00860", "2014-03-31": "1.58810", "2013-12-31": "8.44500", "2013-09-30": "", "2013-06-30": "-0.88610", "2013-03-31": "1.14680", "2012-12-31": "7.36750", "2012-09-30": "-1.68780", "2012-06-30": "", "2011-06-30": ""}, "EBIT Margin": {"2020-09-30": "4.91260", "2020-06-30": "1.82010", "2020-03-31": "3.61870", "2019-12-31": "7.78540", "2019-09-30": "2.52140", "2019-06-30": "4.21740", "2019-03-31": "3.21530", "2018-12-31": "7.87970", "2018-09-30": "7.72580", "2018-06-30": "5.16150", "2018-03-31": "3.87000", "2017-12-31": "10.45870", "2017-09-30": "7.33720", "2017-06-30": "5.38460", "2017-03-31": "5.35890", "2016-12-31": "9.68810", "2016-09-30": "0.50890", "2016-06-30": "10.15270", "2016-03-31": "-13.11480", "2015-12-31": "7.26520", "2015-09-30": "2.18470", "2015-06-30": "4.34580", "2015-03-31": "2.93970", "2014-12-31": "9.96460", "2014-09-30": "3.32070", "2014-06-30": "9.00860", "2014-03-31": "1.58810", "2013-12-31": "8.44500", "2013-09-30": "", "2013-06-30": "-0.88610", "2013-03-31": "1.14680", "2012-12-31": "7.36750", "2012-09-30": "-1.68780", "2012-06-30": "", "2011-06-30": ""}, "EBITDA Margin": {"2020-09-30": "", "2020-06-30": "", "2020-03-31": "", "2019-12-31": "", "2019-09-30": "", "2019-06-30": "", "2019-03-31": "", "2018-12-31": "", "2018-09-30": "", "2018-06-30": "", "2018-03-31": "", "2017-12-31": "", "2017-09-30": "", "2017-06-30": "", "2017-03-31": "", "2016-12-31": "", "2016-09-30": "", "2016-06-30": "", "2016-03-31": "", "2015-12-31": "", "2015-09-30": "", "2015-06-30": "", "2015-03-31": "", "2014-12-31": "", "2014-09-30": "", "2014-06-30": "", "2014-03-31": "", "2013-12-31": "", "2013-09-30": "", "2013-06-30": "", "2013-03-31": "", "2012-12-31": "", "2012-09-30": "", "2012-06-30": "", "2011-06-30": ""}, "Pre-Tax Profit Margin": {"2020-09-30": "3.40100", "2020-06-30": "-20.85280", "2020-03-31": "-46.16060", "2019-12-31": "6.25250", "2019-09-30": "-9.91450", "2019-06-30": "-1.13540", "2019-03-31": "1.22100", "2018-12-31": "6.62350", "2018-09-30": "7.05230", "2018-06-30": "-10.84290", "2018-03-31": "-52.89060", "2017-12-31": "7.75230", "2017-09-30": "6.85130", "2017-06-30": "-19.61540", "2017-03-31": "2.27500", "2016-12-31": "-11.86200", "2016-09-30": "-0.05090", "2016-06-30": "8.98470", "2016-03-31": "-11.95140", "2015-12-31": "7.17260", "2015-09-30": "2.58190", "2015-06-30": "3.21210", "2015-03-31": "3.96860", "2014-12-31": "10.93890", "2014-09-30": "7.40040", "2014-06-30": "11.58250", "2014-03-31": "2.98360", "2013-12-31": "-2.01070", "2013-09-30": "-21.13900", "2013-06-30": "-64.68760", "2013-03-31": "15.45870", "2012-12-31": "60.62040", "2012-09-30": "-5.20390", "2012-06-30": "", "2011-06-30": ""}, "Net Profit Margin": {"2020-09-30": "1.60600", "2020-06-30": "-20.64480", "2020-03-31": "-32.21540", "2019-12-31": "3.42880", "2019-09-30": "-9.70090", "2019-06-30": "-2.06810", "2019-03-31": "0.40700", "2018-12-31": "3.61630", "2018-09-30": "4.00160", "2018-06-30": "-13.81360", "2018-03-31": "-53.89390", "2017-12-31": "-3.85320", "2017-09-30": "3.30420", "2017-06-30": "-20.67310", "2017-03-31": "-0.25280", "2016-12-31": "-13.70510", "2016-09-30": "-0.76340", "2016-06-30": "3.99820", "2016-03-31": "-7.87940", "2015-12-31": "2.86900", "2015-09-30": "8.68920", "2015-06-30": "-17.94990", "2015-03-31": "1.12690", "2014-12-31": "6.33300", "2014-09-30": "3.08350", "2014-06-30": "0.57200", "2014-03-31": "2.30990", "2013-12-31": "6.70240", "2013-09-30": "1.30310", "2013-06-30": "-49.80060", "2013-03-31": "14.81650", "2012-12-31": "60.27580", "2012-09-30": "-4.31320", "2012-06-30": "", "2011-06-30": ""}, "Asset Turnover": {"2020-09-30": "0.14700", "2020-06-30": "0.13480", "2020-03-31": "0.15710", "2019-12-31": "0.15230", "2019-09-30": "0.14420", "2019-06-30": "0.15700", "2019-03-31": "0.15300", "2018-12-31": "0.16190", "2018-09-30": "0.15500", "2018-06-30": "0.16470", "2018-03-31": "0.15650", "2017-12-31": "0.15180", "2017-09-30": "0.14040", "2017-06-30": "0.14290", "2017-03-31": "0.13290", "2016-12-31": "0.14570", "2016-09-30": "0.12870", "2016-06-30": "0.14380", "2016-03-31": "0.12030", "2015-12-31": "0.14530", "2015-09-30": "0.13650", "2015-06-30": "0.14080", "2015-03-31": "0.13010", "2014-12-31": "0.14140", "2014-09-30": "0.13070", "2014-06-30": "0.12720", "2014-03-31": "0.12560", "2013-12-31": "0.14000", "2013-09-30": "0.12680", "2013-06-30": "0.14430", "2013-03-31": "", "2012-12-31": "", "2012-09-30": "", "2012-06-30": "", "2011-06-30": ""}, "Inventory Turnover Ratio": {"2020-09-30": "5.73400", "2020-06-30": "2.96260", "2020-03-31": "3.52890", "2019-12-31": "3.77100", "2019-09-30": "3.32840", "2019-06-30": "4.06610", "2019-03-31": "3.46530", "2018-12-31": "3.71000", "2018-09-30": "3.45360", "2018-06-30": "3.89630", "2018-03-31": "", "2017-12-31": "", "2017-09-30": "", "2017-06-30": "5.50480", "2017-03-31": "", "2016-12-31": "", "2016-09-30": "", "2016-06-30": "", "2016-03-31": "", "2015-12-31": "", "2015-09-30": "", "2015-06-30": "", "2015-03-31": "", "2014-12-31": "", "2014-09-30": "", "2014-06-30": "", "2014-03-31": "", "2013-12-31": "", "2013-09-30": "", "2013-06-30": "", "2013-03-31": "", "2012-12-31": "", "2012-09-30": "", "2012-06-30": "", "2011-06-30": ""}, "Receiveable Turnover": {"2020-09-30": "1.70730", "2020-06-30": "1.59850", "2020-03-31": "1.83190", "2019-12-31": "1.57900", "2019-09-30": "1.51950", "2019-06-30": "1.59720", "2019-03-31": "1.50640", "2018-12-31": "1.41770", "2018-09-30": "1.53160", "2018-06-30": "1.67060", "2018-03-31": "1.57610", "2017-12-31": "1.58090", "2017-09-30": "1.50770", "2017-06-30": "1.63010", "2017-03-31": "1.49170", "2016-12-31": "1.38480", "2016-09-30": "1.51850", "2016-06-30": "1.81120", "2016-03-31": "1.50800", "2015-12-31": "1.53370", "2015-09-30": "1.47980", "2015-06-30": "1.65000", "2015-03-31": "1.50070", "2014-12-31": "1.50030", "2014-09-30": "1.43300", "2014-06-30": "1.44290", "2014-03-31": "1.39930", "2013-12-31": "1.37470", "2013-09-30": "1.03080", "2013-06-30": "1.42670", "2013-03-31": "", "2012-12-31": "", "2012-09-30": "", "2012-06-30": "", "2011-06-30": ""}, "Days Sales In Receivables": {"2020-09-30": "52.71610", "2020-06-30": "56.30270", "2020-03-31": "49.13060", "2019-12-31": "56.99880", "2019-09-30": "59.23080", "2019-06-30": "56.35040", "2019-03-31": "59.74360", "2018-12-31": "63.48310", "2018-09-30": "58.76390", "2018-06-30": "53.87300", "2018-03-31": "57.10460", "2017-12-31": "56.93120", "2017-09-30": "59.69390", "2017-06-30": "55.21150", "2017-03-31": "60.33370", "2016-12-31": "64.99060", "2016-09-30": "59.26720", "2016-06-30": "49.69000", "2016-03-31": "59.68270", "2015-12-31": "58.68120", "2015-09-30": "60.81930", "2015-06-30": "54.54420", "2015-03-31": "59.97060", "2014-12-31": "59.98670", "2014-09-30": "62.80360", "2014-06-30": "62.37370", "2014-03-31": "64.31670", "2013-12-31": "65.46920", "2013-09-30": "87.30700", "2013-06-30": "63.08370", "2013-03-31": "", "2012-12-31": "", "2012-09-30": "", "2012-06-30": "", "2011-06-30": ""}, "ROE - Return On Equity": {"2020-09-30": "0.55590", "2020-06-30": "-4.78010", "2020-03-31": "-12.09150", "2019-12-31": "1.01710", "2019-09-30": "-2.14670", "2019-06-30": "-0.40730", "2019-03-31": "0.21990", "2018-12-31": "1.14050", "2018-09-30": "1.22720", "2018-06-30": "-3.38840", "2018-03-31": "-11.11000", "2017-12-31": "-0.59150", "2017-09-30": "0.77710", "2017-06-30": "-3.82910", "2017-03-31": "", "2016-12-31": "-1.95050", "2016-09-30": "", "2016-06-30": "0.96760", "2016-03-31": "-1.08060", "2015-12-31": "0.88490", "2015-09-30": "1.21380", "2015-06-30": "0.16510", "2015-03-31": "0.44710", "2014-12-31": "1.42560", "2014-09-30": "0.83960", "2014-06-30": "1.27620", "2014-03-31": "0.46320", "2013-12-31": "1.28970", "2013-09-30": "0.29370", "2013-06-30": "-8.86720", "2013-03-31": "", "2012-12-31": "", "2012-09-30": "", "2012-06-30": "", "2011-06-30": ""}, "Return On Tangible Equity": {"2020-09-30": "1.81610", "2020-06-30": "-15.57890", "2020-03-31": "-35.83540", "2019-12-31": "3.55910", "2019-09-30": "-7.80040", "2019-06-30": "-1.53400", "2019-03-31": "0.84530", "2018-12-31": "4.51100", "2018-09-30": "4.79400", "2018-06-30": "-13.71720", "2018-03-31": "-27.33320", "2017-12-31": "-1.33060", "2017-09-30": "1.74940", "2017-06-30": "-8.52430", "2017-03-31": "", "2016-12-31": "-4.26150", "2016-09-30": "", "2016-06-30": "1.93840", "2016-03-31": "-2.15670", "2015-12-31": "1.57620", "2015-09-30": "2.15820", "2015-06-30": "0.29110", "2015-03-31": "0.83300", "2014-12-31": "2.65270", "2014-09-30": "1.38910", "2014-06-30": "2.01180", "2014-03-31": "0.73410", "2013-12-31": "2.06390", "2013-09-30": "0.47230", "2013-06-30": "-14.43800", "2013-03-31": "", "2012-12-31": "", "2012-09-30": "", "2012-06-30": "", "2011-06-30": ""}, "ROA - Return On Assets": {"2020-09-30": "0.32640", "2020-06-30": "-2.81190", "2020-03-31": "-7.18050", "2019-12-31": "0.63260", "2019-09-30": "-1.29980", "2019-06-30": "-0.26730", "2019-03-31": "0.14320", "2018-12-31": "0.73330", "2018-09-30": "0.78590", "2018-06-30": "-2.17180", "2018-03-31": "-8.30090", "2017-12-31": "-0.45960", "2017-09-30": "0.59340", "2017-06-30": "-2.91370", "2017-03-31": "", "2016-12-31": "-1.50750", "2016-09-30": "", "2016-06-30": "0.73630", "2016-03-31": "-0.81450", "2015-12-31": "0.71260", "2015-09-30": "0.96910", "2015-06-30": "0.13300", "2015-03-31": "0.35700", "2014-12-31": "1.13960", "2014-09-30": "0.67610", "2014-06-30": "1.03710", "2014-03-31": "0.36870", "2013-12-31": "1.03860", "2013-09-30": "0.23250", "2013-06-30": "-7.18530", "2013-03-31": "", "2012-12-31": "", "2012-09-30": "", "2012-06-30": "", "2011-06-30": ""}, "ROI - Return On Investment": {"2020-09-30": "0.48650", "2020-06-30": "-4.18930", "2020-03-31": "-10.69920", "2019-12-31": "0.90930", "2019-09-30": "-2.00270", "2019-06-30": "-0.37120", "2019-03-31": "0.20310", "2018-12-31": "1.04660", "2018-09-30": "1.10190", "2018-06-30": "-2.96650", "2018-03-31": "-10.88770", "2017-12-31": "-0.58180", "2017-09-30": "0.75800", "2017-06-30": "-3.72940", "2017-03-31": "", "2016-12-31": "-1.90500", "2016-09-30": "", "2016-06-30": "0.93670", "2016-03-31": "-1.04800", "2015-12-31": "0.88490", "2015-09-30": "1.21380", "2015-06-30": "0.16480", "2015-03-31": "0.44640", "2014-12-31": "1.42330", "2014-09-30": "0.83830", "2014-06-30": "1.27430", "2014-03-31": "0.46250", "2013-12-31": "1.28770", "2013-09-30": "0.29320", "2013-06-30": "-8.85320", "2013-03-31": "", "2012-12-31": "", "2012-09-30": "", "2012-06-30": "", "2011-06-30": ""}, "Book Value Per Share": {"2020-09-30": "14.31460", "2020-06-30": "14.25360", "2020-03-31": "14.55970", "2019-12-31": "17.21600", "2019-09-30": "16.71250", "2019-06-30": "17.61930", "2019-03-31": "17.87460", "2018-12-31": "17.83930", "2018-09-30": "17.83420", "2018-06-30": "17.97040", "2018-03-31": "17.17480", "2017-12-31": "19.14820", "2017-09-30": "19.21710", "2017-06-30": "19.06260", "2017-03-31": "19.62620", "2016-12-31": "19.31180", "2016-09-30": "20.20590", "2016-06-30": "20.34400", "2016-03-31": "20.42530", "2015-12-31": "20.60890", "2015-09-30": "20.26310", "2015-06-30": "20.86860", "2015-03-31": "21.51870", "2014-12-31": "22.02380", "2014-09-30": "22.41450", "2014-06-30": "23.17530", "2014-03-31": "22.77630", "2013-12-31": "22.26720", "2013-09-30": "22.38810", "2013-06-30": "21.93490", "2013-03-31": "", "2012-12-31": "", "2012-09-30": "", "2012-06-30": "", "2011-06-30": ""}, "Operating Cash Flow Per Share": {"2020-09-30": "0.26240", "2020-06-30": 0.5415, "2020-03-31": 0.46, "2019-12-31": 0.2793, "2019-09-30": "0.04600", "2019-06-30": 0.4559, "2019-03-31": 0.5128, "2018-12-31": 0.4163, "2018-09-30": "0.19350", "2018-06-30": 0.5012, "2018-03-31": 0.4478, "2017-12-31": 0.357, "2017-09-30": "-0.00690", "2017-06-30": 0.4732, "2017-03-31": 0.3748, "2016-12-31": 0.4683, "2016-09-30": "-0.46660", "2016-06-30": 0.6059, "2016-03-31": 0.3076, "2015-12-31": 0.3518, "2015-09-30": "0.24200", "2015-06-30": 0.0101, "2015-03-31": 0.4824, "2014-12-31": 0.5545, "2014-09-30": "0.37940", "2014-06-30": 0.3901, "2014-03-31": 0.6828, "2013-12-31": 0.6004, "2013-09-30": "0.10180", "2013-06-30": 0.1391, "2013-03-31": 0.717, "2012-12-31": 0.1589, "2012-09-30": "-0.15030", "2012-06-30": 0, "2011-06-30": 0}, "Free Cash Flow Per Share": {"2020-09-30": "0.10830", "2020-06-30": 0.439, "2020-03-31": 0.2633, "2019-12-31": 0.089, "2019-09-30": "-0.14830", "2019-06-30": 0.2814, "2019-03-31": 0.2847, "2018-12-31": 0.2489, "2018-09-30": "-0.03430", "2018-06-30": 0.2215, "2018-03-31": 0.5336, "2017-12-31": 0.2693, "2017-09-30": "-0.11310", "2017-06-30": 0.3889, "2017-03-31": 0.5692, "2016-12-31": 0.427, "2016-09-30": "-0.50960", "2016-06-30": 0.5401, "2016-03-31": 0.2068, "2015-12-31": 0.254, "2015-09-30": "0.13730", "2015-06-30": -0.0622, "2015-03-31": 0.4002, "2014-12-31": 0.4582, "2014-09-30": "0.41390", "2014-06-30": 0.3539, "2014-03-31": 0.531, "2013-12-31": 0.4692, "2013-09-30": "0.15190", "2013-06-30": 0.1711, "2013-03-31": 1.7363, "2012-12-31": 0.0708, "2012-09-30": "-0.26080", "2012-06-30": 0, "2011-06-30": 0}}, "revenue": {"News Annual Revenue (Millions of US $)": {"2020": "$9,008", "2019": "$10,074", "2018": "$9,024", "2017": "$8,139", "2016": "$8,292", "2015": "$8,524", "2014": "$8,486", "2013": "$8,891", "2012": "$8,654", "2011": "$9,095"}, "News Quarterly Revenue (Millions of US $)": {"2020-12-31": "$2,414", "2020-09-30": "$2,117", "2020-06-30": "$1,923", "2020-03-31": "$2,266", "2019-12-31": "$2,479", "2019-09-30": "$2,340", "2019-06-30": "$2,466", "2019-03-31": "$2,457", "2018-12-31": "$2,627", "2018-09-30": "$2,524", "2018-06-30": "$2,693", "2018-03-31": "$2,093", "2017-12-31": "$2,180", "2017-09-30": "$2,058", "2017-06-30": "$2,080", "2017-03-31": "$1,978", "2016-12-31": "$2,116", "2016-09-30": "$1,965", "2016-06-30": "$2,226", "2016-03-31": "$1,891", "2015-12-31": "$2,161", "2015-09-30": "$2,014", "2015-06-30": "$2,117", "2015-03-31": "$2,041", "2014-12-31": "$2,258", "2014-09-30": "$2,108", "2014-06-30": "$2,098", "2014-03-31": "$2,078", "2013-12-31": "$2,238", "2013-09-30": "$2,072", "2013-06-30": "$2,257", "2013-03-31": "$2,180", "2012-12-31": "$2,321", "2012-09-30": "$2,133", "2012-06-30": "", "2011-06-30": ""}}, "gross-profit": {"News Annual Gross Profit (Millions of US $)": {"2020": "$4,008", "2019": "$4,435", "2018": "$4,120", "2017": "$3,610", "2016": "$3,564", "2015": "$3,572", "2014": "$3,412", "2013": "$3,471", "2012": "$3,532", "2011": "$3,861"}, "News Quarterly Gross Profit (Millions of US $)": {"2020-12-31": "$1,216", "2020-09-30": "$953", "2020-06-30": "$892", "2020-03-31": "$985", "2019-12-31": "$1,129", "2019-09-30": "$1,002", "2019-06-30": "$1,051", "2019-03-31": "$1,057", "2018-12-31": "$1,143", "2018-09-30": "$1,184", "2018-06-30": "$1,228", "2018-03-31": "$942", "2017-12-31": "$1,041", "2017-09-30": "$909", "2017-06-30": "$935", "2017-03-31": "$877", "2016-12-31": "$990", "2016-09-30": "$808", "2016-06-30": "$974", "2016-03-31": "$807", "2015-12-31": "$968", "2015-09-30": "$815", "2015-06-30": "$902", "2015-03-31": "$837", "2014-12-31": "$1,007", "2014-09-30": "$826", "2014-06-30": "$852", "2014-03-31": "$819", "2013-12-31": "$964", "2013-09-30": "$777", "2013-06-30": "$877", "2013-03-31": "$826", "2012-12-31": "$969", "2012-09-30": "$799", "2012-06-30": "", "2011-06-30": ""}}, "operating-income": {"News Annual Operating Income (Millions of US $)": {"2020": "$369", "2019": "$585", "2018": "$599", "2017": "$433", "2016": "$179", "2015": "$447", "2014": "$411", "2013": "$140", "2012": "$299", "2011": "$783"}, "News Quarterly Operating Income (Millions of US $)": {"2020-12-31": "$330", "2020-09-30": "$104", "2020-06-30": "$35", "2020-03-31": "$82", "2019-12-31": "$193", "2019-09-30": "$59", "2019-06-30": "$104", "2019-03-31": "$79", "2018-12-31": "$207", "2018-09-30": "$195", "2018-06-30": "$139", "2018-03-31": "$81", "2017-12-31": "$228", "2017-09-30": "$151", "2017-06-30": "$112", "2017-03-31": "$106", "2016-12-31": "$205", "2016-09-30": "$10", "2016-06-30": "$226", "2016-03-31": "$-248", "2015-12-31": "$157", "2015-09-30": "$44", "2015-06-30": "$92", "2015-03-31": "$60", "2014-12-31": "$225", "2014-09-30": "$70", "2014-06-30": "$189", "2014-03-31": "$33", "2013-12-31": "$189", "2013-09-30": "", "2013-06-30": "$-20", "2013-03-31": "$25", "2012-12-31": "$171", "2012-09-30": "$-36", "2012-06-30": "", "2011-06-30": ""}}, "ebitda": {"News Annual EBITDA (Millions of US $)": {"2020": "$1,013", "2019": "$1,244", "2018": "$1,071", "2017": "$882", "2016": "$684", "2015": "$945", "2014": "$963", "2013": "$688", "2012": "$782", "2011": "$1,213"}, "News Quarterly EBITDA (Millions of US $)": {"2020-09-30": "$268", "2020-06-30": "$195", "2020-03-31": "$242", "2019-12-31": "$355", "2019-09-30": "$221", "2019-06-30": "$269", "2019-03-31": "$247", "2018-12-31": "$370", "2018-09-30": "$358", "2018-06-30": "$314", "2018-03-31": "$181", "2017-12-31": "$328", "2017-09-30": "$248", "2017-06-30": "$212", "2017-03-31": "$215", "2016-12-31": "$325", "2016-09-30": "$130", "2016-06-30": "$361", "2016-03-31": "$-122", "2015-12-31": "$280", "2015-09-30": "$165", "2015-06-30": "$215", "2015-03-31": "$184", "2014-12-31": "$352", "2014-09-30": "$194", "2014-06-30": "$320", "2014-03-31": "$175", "2013-12-31": "$327", "2013-09-30": "$141", "2013-06-30": "$130", "2013-03-31": "$169", "2012-12-31": "$300", "2012-09-30": "$89", "2012-06-30": "", "2011-06-30": ""}}, "net-income": {"News Annual Net Income (Millions of US $)": {"2020": "$-1,269", "2019": "$155", "2018": "$-1,516", "2017": "$-740", "2016": "$177", "2015": "$-149", "2014": "$237", "2013": "$506", "2012": "$-2,075", "2011": "$678"}, "News Quarterly Net Income (Millions of US $)": {"2020-12-31": "$231", "2020-09-30": "$34", "2020-06-30": "$-397", "2020-03-31": "$-730", "2019-12-31": "$85", "2019-09-30": "$-227", "2019-06-30": "$-51", "2019-03-31": "$10", "2018-12-31": "$95", "2018-09-30": "$101", "2018-06-30": "$-372", "2018-03-31": "$-1,128", "2017-12-31": "$-84", "2017-09-30": "$68", "2017-06-30": "$-430", "2017-03-31": "$-5", "2016-12-31": "$-290", "2016-09-30": "$-15", "2016-06-30": "$89", "2016-03-31": "$-149", "2015-12-31": "$62", "2015-09-30": "$175", "2015-06-30": "$-380", "2015-03-31": "$23", "2014-12-31": "$143", "2014-09-30": "$65", "2014-06-30": "$12", "2014-03-31": "$48", "2013-12-31": "$150", "2013-09-30": "$27", "2013-06-30": "$-1,124", "2013-03-31": "$323", "2012-12-31": "$1,399", "2012-09-30": "$-92", "2012-06-30": "", "2011-06-30": ""}}, "eps-earnings-per-share-diluted": {"News Annual EPS": {"2020": "$-2.16", "2019": "$0.26", "2018": "$-2.60", "2017": "$-1.27", "2016": "$0.30", "2015": "$-0.26", "2014": "$0.41", "2013": "$0.87", "2012": "$-3.58", "2011": "$1.17"}, "News Quarterly EPS": {"2020-12-31": "$0.39", "2020-09-30": "$0.06", "2020-06-30": "$-0.67", "2020-03-31": "$-1.24", "2019-12-31": "$0.14", "2019-09-30": "$-0.39", "2019-06-30": "$-0.09", "2019-03-31": "$0.02", "2018-12-31": "$0.16", "2018-09-30": "$0.17", "2018-06-30": "$-0.64", "2018-03-31": "$-1.94", "2017-12-31": "$-0.14", "2017-09-30": "$0.12", "2017-06-30": "$-0.73", "2017-03-31": "$-0.01", "2016-12-31": "$-0.50", "2016-09-30": "$-0.03", "2016-06-30": "$0.15", "2016-03-31": "$-0.26", "2015-12-31": "$0.11", "2015-09-30": "$0.30", "2015-06-30": "$-0.65", "2015-03-31": "$0.04", "2014-12-31": "$0.24", "2014-09-30": "$0.11", "2014-06-30": "$0.02", "2014-03-31": "$0.08", "2013-12-31": "$0.26", "2013-09-30": "$0.05", "2013-06-30": "$-1.94", "2013-03-31": "$0.56", "2012-12-31": "$2.42", "2012-09-30": "$-0.16", "2012-06-30": "$0.00", "2011-06-30": "$0.00"}}, "shares-outstanding": {"News Annual Shares Outstanding (Millions of Shares)": {"2020": "588", "2019": "588", "2018": "583", "2017": "581", "2016": "583", "2015": "583", "2014": "580", "2013": "579", "2012": "579", "2011": "579"}, "News Quarterly Shares Outstanding (Millions of Shares)": {"2020-12-31": "593", "2020-09-30": "591", "2020-06-30": "588", "2020-03-31": "588", "2019-12-31": "590", "2019-09-30": "587", "2019-06-30": "588", "2019-03-31": "589", "2018-12-31": "587", "2018-09-30": "584", "2018-06-30": "583", "2018-03-31": "583", "2017-12-31": "583", "2017-09-30": "583", "2017-06-30": "581", "2017-03-31": "582", "2016-12-31": "581", "2016-09-30": "581", "2016-06-30": "583", "2016-03-31": "580", "2015-12-31": "583", "2015-09-30": "583", "2015-06-30": "583", "2015-03-31": "583", "2014-12-31": "583", "2014-09-30": "580", "2014-06-30": "580", "2014-03-31": "580", "2013-12-31": "580", "2013-09-30": "580", "2013-06-30": "579", "2013-03-31": "579", "2012-12-31": "579", "2012-09-30": "579", "2012-06-30": "", "2011-06-30": ""}}, "total-assets": {"News Annual Total Assets (Millions of US $)": {"2020": "$14,261", "2019": "$15,711", "2018": "$16,346", "2017": "$14,552", "2016": "$15,483", "2015": "$15,035", "2014": "$16,489", "2013": "$15,643", "2012": "$13,090", "2011": "$0"}, "News Quarterly Total Assets (Millions of US $)": {"2020-09-30": "$14,400", "2020-06-30": "$14,261", "2020-03-31": "$14,428", "2019-12-31": "$16,282", "2019-09-30": "$16,233", "2019-06-30": "$15,711", "2019-03-31": "$16,058", "2018-12-31": "$16,227", "2018-09-30": "$16,288", "2018-06-30": "$16,346", "2018-03-31": "$13,372", "2017-12-31": "$14,359", "2017-09-30": "$14,662", "2017-06-30": "$14,552", "2017-03-31": "$14,886", "2016-12-31": "$14,527", "2016-09-30": "$15,269", "2016-06-30": "$15,483", "2016-03-31": "$15,716", "2015-12-31": "$14,875", "2015-09-30": "$14,756", "2015-06-30": "$15,035", "2015-03-31": "$15,686", "2014-12-31": "$15,970", "2014-09-30": "$16,123", "2014-06-30": "$16,489", "2014-03-31": "$16,543", "2013-12-31": "$15,983", "2013-09-30": "$16,343", "2013-06-30": "$15,643", "2013-03-31": "$0", "2012-12-31": "$0", "2012-09-30": "$0", "2012-06-30": "$13,090", "2011-06-30": "$0"}}, "cash-on-hand": {"News Annual Cash on Hand (Millions of US $)": {"2020": "$1,517", "2019": "$1,643", "2018": "$2,034", "2017": "$2,016", "2016": "$2,147", "2015": "$1,951", "2014": "$3,145", "2013": "$2,381", "2012": "$1,133", "2011": "$"}, "News Quarterly Cash on Hand (Millions of US $)": {"2020-09-30": "$1,539", "2020-06-30": "$1,517", "2020-03-31": "$1,388", "2019-12-31": "$1,272", "2019-09-30": "$1,441", "2019-06-30": "$1,643", "2019-03-31": "$1,648", "2018-12-31": "$1,618", "2018-09-30": "$1,886", "2018-06-30": "$2,034", "2018-03-31": "$2,112", "2017-12-31": "$1,856", "2017-09-30": "$1,877", "2017-06-30": "$2,016", "2017-03-31": "$1,850", "2016-12-31": "$1,564", "2016-09-30": "$1,499", "2016-06-30": "$2,147", "2016-03-31": "$1,972", "2015-12-31": "$1,883", "2015-09-30": "$1,898", "2015-06-30": "$1,951", "2015-03-31": "$2,027", "2014-12-31": "$1,918", "2014-09-30": "$2,735", "2014-06-30": "$3,145", "2014-03-31": "$3,207", "2013-12-31": "$2,908", "2013-09-30": "$2,688", "2013-06-30": "$2,381", "2013-03-31": "", "2012-12-31": "", "2012-09-30": "", "2012-06-30": "$1,133", "2011-06-30": ""}}, "long-term-debt": {"News Annual Long Term Debt (Millions of US $)": {"2020": "$1,183", "2019": "$1,004", "2018": "$1,490", "2017": "$276", "2016": "$369", "2015": "$", "2014": "$", "2013": "$", "2012": "$", "2011": "$"}, "News Quarterly Long Term Debt (Millions of US $)": {"2020-09-30": "$1,206", "2020-06-30": "$1,183", "2020-03-31": "$1,115", "2019-12-31": "$1,201", "2019-09-30": "$707", "2019-06-30": "$1,004", "2019-03-31": "$868", "2018-12-31": "$936", "2018-09-30": "$1,186", "2018-06-30": "$1,490", "2018-03-31": "$184", "2017-12-31": "$187", "2017-09-30": "$281", "2017-06-30": "$276", "2017-03-31": "$273", "2016-12-31": "$268", "2016-09-30": "$377", "2016-06-30": "$369", "2016-03-31": "$369", "2015-12-31": "", "2015-09-30": "", "2015-06-30": "", "2015-03-31": "", "2014-12-31": "", "2014-09-30": "", "2014-06-30": "", "2014-03-31": "", "2013-12-31": "", "2013-09-30": "", "2013-06-30": "", "2013-03-31": "", "2012-12-31": "", "2012-09-30": "", "2012-06-30": "", "2011-06-30": ""}}, "total-liabilities": {"News Annual Total Liabilities (Millions of US $)": {"2020": "$5,872", "2019": "$5,400", "2018": "$5,869", "2017": "$3,459", "2016": "$3,681", "2015": "$2,899", "2014": "$3,070", "2013": "$2,947", "2012": "$4,171", "2011": "$0"}, "News Quarterly Total Liabilities (Millions of US $)": {"2020-09-30": "$5,946", "2020-06-30": "$5,872", "2020-03-31": "$5,860", "2019-12-31": "$6,155", "2019-09-30": "$6,404", "2019-06-30": "$5,400", "2019-03-31": "$5,600", "2018-12-31": "$5,793", "2018-09-30": "$5,858", "2018-06-30": "$5,869", "2018-03-31": "$3,361", "2017-12-31": "$3,201", "2017-09-30": "$3,466", "2017-06-30": "$3,459", "2017-03-31": "$3,469", "2016-12-31": "$3,299", "2016-09-30": "$3,523", "2016-06-30": "$3,681", "2016-03-31": "$3,871", "2015-12-31": "$2,896", "2015-09-30": "$2,975", "2015-06-30": "$2,899", "2015-03-31": "$3,140", "2014-12-31": "$3,183", "2014-09-30": "$3,121", "2014-06-30": "$3,070", "2014-03-31": "$3,355", "2013-12-31": "$3,092", "2013-09-30": "$3,384", "2013-06-30": "$2,947", "2013-03-31": "$0", "2012-12-31": "$0", "2012-09-30": "$0", "2012-06-30": "$4,171", "2011-06-30": "$0"}}, "total-share-holder-equity": {"News Annual Share Holder Equity (Millions of US $)": {"2020": "$8,389", "2019": "$10,311", "2018": "$10,477", "2017": "$11,093", "2016": "$11,802", "2015": "$12,136", "2014": "$13,419", "2013": "$12,696", "2012": "$8,919", "2011": "$0"}, "News Quarterly Share Holder Equity (Millions of US $)": {"2020-09-30": "$8,454", "2020-06-30": "$8,389", "2020-03-31": "$8,568", "2019-12-31": "$10,127", "2019-09-30": "$9,829", "2019-06-30": "$10,311", "2019-03-31": "$10,458", "2018-12-31": "$10,434", "2018-09-30": "$10,430", "2018-06-30": "$10,477", "2018-03-31": "$10,011", "2017-12-31": "$11,158", "2017-09-30": "$11,196", "2017-06-30": "$11,093", "2017-03-31": "$11,417", "2016-12-31": "$11,228", "2016-09-30": "$11,746", "2016-06-30": "$11,802", "2016-03-31": "$11,845", "2015-12-31": "$11,979", "2015-09-30": "$11,781", "2015-06-30": "$12,136", "2015-03-31": "$12,546", "2014-12-31": "$12,787", "2014-09-30": "$13,002", "2014-06-30": "$13,419", "2014-03-31": "$13,188", "2013-12-31": "$12,891", "2013-09-30": "$12,959", "2013-06-30": "$12,696", "2013-03-31": "$0", "2012-12-31": "$0", "2012-09-30": "$0", "2012-06-30": "$8,919", "2011-06-30": "$0"}}, "profit-margins": {"current": "-9.89%"}, "gross margin": {"2020-12-31": "46.40%", "2020-09-30": "45.07%", "2020-06-30": "44.49%", "2020-03-31": "43.63%", "2019-12-31": "43.51%", "2019-09-30": "43.00%", "2019-06-30": "44.02%", "2019-03-31": "44.77%", "2018-12-31": "45.26%", "2018-09-30": "46.31%", "2018-06-30": "45.66%", "2018-03-31": "45.50%", "2017-12-31": "45.35%", "2017-09-30": "45.08%", "2017-06-30": "44.35%", "2017-03-31": "44.04%", "2016-12-31": "43.66%", "2016-09-30": "43.15%", "2016-06-30": "42.98%", "2016-03-31": "42.67%", "2015-12-31": "42.27%", "2015-09-30": "42.24%", "2015-06-30": "41.91%", "2015-03-31": "41.41%", "2014-12-31": "41.02%", "2014-09-30": "40.61%", "2014-06-30": "40.21%", "2014-03-31": "39.76%", "2013-12-31": "39.37%", "2013-09-30": "39.06%", "2013-06-30": "39.04%"}, "operating margin": {"2020-12-31": "6.32%", "2020-09-30": "4.71%", "2020-06-30": "4.10%", "2020-03-31": "4.59%", "2019-12-31": "4.47%", "2019-09-30": "4.54%", "2019-06-30": "5.81%", "2019-03-31": "6.02%", "2018-12-31": "6.26%", "2018-09-30": "6.78%", "2018-06-30": "6.64%", "2018-03-31": "6.80%", "2017-12-31": "7.20%", "2017-09-30": "6.97%", "2017-06-30": "5.32%", "2017-03-31": "6.60%", "2016-12-31": "2.35%", "2016-09-30": "1.76%", "2016-06-30": "2.16%", "2016-03-31": "0.55%", "2015-12-31": "4.24%", "2015-09-30": "4.99%", "2015-06-30": "5.24%", "2015-03-31": "6.40%", "2014-12-31": "6.05%", "2014-09-30": "5.64%", "2014-06-30": "4.84%", "2014-03-31": "2.34%", "2013-12-31": "2.22%", "2013-09-30": "1.99%", "2013-06-30": "1.57%"}, "ebitda margin": {"2020-09-30": "12.07%", "2020-06-30": "11.25%", "2020-03-31": "11.38%", "2019-12-31": "11.21%", "2019-09-30": "11.19%", "2019-06-30": "12.35%", "2019-03-31": "12.51%", "2018-12-31": "12.31%", "2018-09-30": "12.44%", "2018-06-30": "11.87%", "2018-03-31": "11.52%", "2017-12-31": "12.09%", "2017-09-30": "12.15%", "2017-06-30": "10.84%", "2017-03-31": "12.44%", "2016-12-31": "8.47%", "2016-09-30": "7.87%", "2016-06-30": "8.25%", "2016-03-31": "6.57%", "2015-12-31": "10.13%", "2015-09-30": "10.87%", "2015-06-30": "11.09%", "2015-03-31": "12.35%", "2014-12-31": "12.19%", "2014-09-30": "11.92%", "2014-06-30": "11.35%", "2014-03-31": "8.94%", "2013-12-31": "8.77%", "2013-09-30": "8.38%", "2013-06-30": "7.74%"}, "pre tax profit margin": {"2020-12-31": "-11.80%", "2020-09-30": "-13.89%", "2020-06-30": "-16.92%", "2020-03-31": "-12.05%", "2019-12-31": "-0.77%", "2019-09-30": "-0.57%", "2019-06-30": "3.51%", "2019-03-31": "0.87%", "2018-12-31": "-10.54%", "2018-09-30": "-11.09%", "2018-06-30": "-12.07%", "2018-03-31": "-14.33%", "2017-12-31": "-0.64%", "2017-09-30": "-5.75%", "2017-06-30": "-7.56%", "2017-03-31": "-0.08%", "2016-12-31": "-3.39%", "2016-09-30": "1.55%", "2016-06-30": "2.18%", "2016-03-31": "0.60%", "2015-12-31": "4.27%", "2015-09-30": "5.31%", "2015-06-30": "6.48%", "2015-03-31": "8.55%", "2014-12-31": "8.29%", "2014-09-30": "4.88%", "2014-06-30": "-2.10%", "2014-03-31": "-21.76%", "2013-12-31": "-18.36%", "2013-09-30": "-1.74%", "2013-06-30": "1.95%"}, "net profit margin": {"2020-12-31": "-9.89%", "2020-09-30": "-11.47%", "2020-06-30": "-14.09%", "2020-03-31": "-9.66%", "2019-12-31": "-1.88%", "2019-09-30": "-1.75%", "2019-06-30": "1.54%", "2019-03-31": "-1.61%", "2018-12-31": "-13.12%", "2018-09-30": "-15.63%", "2018-06-30": "-16.80%", "2018-03-31": "-18.71%", "2017-12-31": "-5.44%", "2017-09-30": "-7.98%", "2017-06-30": "-9.09%", "2017-03-31": "-2.67%", "2016-12-31": "-4.45%", "2016-09-30": "-0.16%", "2016-06-30": "2.13%", "2016-03-31": "-3.57%", "2015-12-31": "-1.44%", "2015-09-30": "-0.46%", "2015-06-30": "-1.75%", "2015-03-31": "2.86%", "2014-12-31": "3.14%", "2014-09-30": "3.23%", "2014-06-30": "2.79%", "2014-03-31": "-10.40%", "2013-12-31": "-7.13%", "2013-09-30": "7.08%", "2013-06-30": "5.69%"}, "pe ratio": {"current": "50.52", "2021-02-05": "0.00", "2020-12-31": "0.00", "2020-09-30": "0.00", "2020-06-30": "0.00", "2020-03-31": "0.00", "2019-12-31": "0.00", "2019-09-30": "0.00", "2019-06-30": "50.73", "2019-03-31": "0.00", "2018-12-31": "0.00", "2018-09-30": "0.00", "2018-06-30": "0.00", "2018-03-31": "0.00", "2017-12-31": "0.00", "2017-09-30": "0.00", "2017-06-30": "0.00", "2017-03-31": "0.00", "2016-12-31": "0.00", "2016-09-30": "0.00", "2016-06-30": "35.65", "2016-03-31": "0.00", "2015-12-31": "0.00", "2015-09-30": "0.00", "2015-06-30": "0.00", "2015-03-31": "36.19", "2014-12-31": "32.31", "2014-09-30": "32.24", "2014-06-30": "40.55", "2014-03-31": "0.00"}, "price sales": {"2021-02-05": "1.44", "2020-12-31": "1.22", "2020-09-30": "0.94", "2020-06-30": "0.77", "2020-03-31": "0.55", "2019-12-31": "0.84", "2019-09-30": "0.81", "2019-06-30": "0.77", "2019-03-31": "0.69", "2018-12-31": "0.65", "2018-09-30": "0.79", "2018-06-30": "0.97", "2018-03-31": "1.06", "2017-12-31": "1.10", "2017-09-30": "0.90", "2017-06-30": "0.94", "2017-03-31": "0.87", "2016-12-31": "0.77", "2016-09-30": "0.94", "2016-06-30": "0.75", "2016-03-31": "0.86", "2015-12-31": "0.87", "2015-09-30": "0.81", "2015-06-30": "0.92", "2015-03-31": "1.01", "2014-12-31": "0.99", "2014-09-30": "1.03", "2014-06-30": "1.14", "2014-03-31": "1.07"}, "price book": {"current": "1.48", "2021-02-05": "1.48", "2020-09-30": "0.98", "2020-06-30": "0.83", "2020-03-31": "0.61", "2019-12-31": "0.81", "2019-09-30": "0.82", "2019-06-30": "0.75", "2019-03-31": "0.68", "2018-12-31": "0.62", "2018-09-30": "0.72", "2018-06-30": "0.84", "2018-03-31": "0.89", "2017-12-31": "0.82", "2017-09-30": "0.67", "2017-06-30": "0.69", "2017-03-31": "0.63", "2016-12-31": "0.56", "2016-09-30": "0.66", "2016-06-30": "0.53", "2016-03-31": "0.59", "2015-12-31": "0.61", "2015-09-30": "0.58", "2015-06-30": "0.65", "2015-03-31": "0.69", "2014-12-31": "0.66", "2014-09-30": "0.68", "2014-06-30": "0.72", "2014-03-31": "0.70", "2013-12-31": "0.75", "2013-09-30": "0.66", "2013-06-30": "0.64"}, "price fcf": {"2021-02-05": "", "2020-09-30": "$0.90", "2020-06-30": "$0.64", "2020-03-31": "$0.49", "2019-12-31": "$0.51", "2019-09-30": "$0.67", "2019-06-30": "$0.78", "2019-03-31": "$0.72", "2018-12-31": "$0.97", "2018-09-30": "$0.99", "2018-06-30": "$0.91", "2018-03-31": "$1.08", "2017-12-31": "$1.11", "2017-09-30": "$1.27", "2017-06-30": "$0.88", "2017-03-31": "$1.03", "2016-12-31": "$0.66", "2016-09-30": "$0.49", "2016-06-30": "$1.14", "2016-03-31": "$0.54", "2015-12-31": "$0.73", "2015-09-30": "$0.93", "2015-06-30": "$1.21", "2015-03-31": "$1.63", "2014-12-31": "$1.76", "2014-09-30": "$1.77", "2014-06-30": "$1.51", "2014-03-31": "$2.87"}, "net worth": {"value": "$12.53B"}, "current ratio": {"2020-12-31": "1.26", "2020-09-30": "1.26", "2020-06-30": "1.29", "2020-03-31": "1.39", "2019-12-31": "1.36", "2019-09-30": "1.09", "2019-06-30": "1.21", "2019-03-31": "1.15", "2018-12-31": "1.19", "2018-09-30": "1.26", "2018-06-30": "1.33", "2018-03-31": "1.62", "2017-12-31": "1.64", "2017-09-30": "1.56", "2017-06-30": "1.56", "2017-03-31": "1.53", "2016-12-31": "1.55", "2016-09-30": "1.46", "2016-06-30": "1.59", "2016-03-31": "1.48", "2015-12-31": "1.81", "2015-09-30": "1.80", "2015-06-30": "1.90", "2015-03-31": "1.80", "2014-12-31": "1.74", "2014-09-30": "2.12", "2014-06-30": "2.33", "2014-03-31": "2.15", "2013-12-31": "2.23", "2013-09-30": "1.98", "2013-06-30": "2.14", "2013-03-31": "0.00", "2012-12-31": "0.00", "2012-09-30": "0.00", "2012-06-30": "1.26", "2011-06-30": "0.00"}, "quick ratio": {"2020-12-31": "1.19", "2020-09-30": "1.18", "2020-06-30": "1.16", "2020-03-31": "1.26", "2019-12-31": "1.23", "2019-09-30": "0.97", "2019-06-30": "1.11", "2019-03-31": "1.05", "2018-12-31": "1.09", "2018-09-30": "1.15", "2018-06-30": "1.22", "2018-03-31": "0.00", "2017-12-31": "0.00", "2017-09-30": "0.00", "2017-06-30": "1.47", "2017-03-31": "0.00", "2016-12-31": "0.00", "2016-09-30": "0.00", "2016-06-30": "0.00", "2016-03-31": "0.00", "2015-12-31": "0.00", "2015-09-30": "0.00", "2015-06-30": "0.00", "2015-03-31": "0.00", "2014-12-31": "0.00", "2014-09-30": "0.00", "2014-06-30": "0.00", "2014-03-31": "0.00", "2013-12-31": "0.00", "2013-09-30": "0.00", "2013-06-30": "0.00", "2013-03-31": "0.00", "2012-12-31": "0.00", "2012-09-30": "0.00", "2012-06-30": "0.00", "2011-06-30": "0.00"}, "debt equity ratio": {"current": "0.14", "2020-12-31": "0.66", "2020-09-30": "0.70", "2020-06-30": "0.70", "2020-03-31": "0.68", "2019-12-31": "0.61", "2019-09-30": "0.65", "2019-06-30": "0.52", "2019-03-31": "0.54", "2018-12-31": "0.56", "2018-09-30": "0.56", "2018-06-30": "0.56", "2018-03-31": "0.34", "2017-12-31": "0.29", "2017-09-30": "0.31", "2017-06-30": "0.31", "2017-03-31": "0.30", "2016-12-31": "0.29", "2016-09-30": "0.30", "2016-06-30": "0.31", "2016-03-31": "0.33", "2015-12-31": "0.24", "2015-09-30": "0.25", "2015-06-30": "0.24", "2015-03-31": "0.25", "2014-12-31": "0.25", "2014-09-30": "0.24", "2014-06-30": "0.23", "2014-03-31": "0.25", "2013-12-31": "0.24", "2013-09-30": "0.26", "2013-06-30": "0.23", "2013-03-31": "0.00", "2012-12-31": "0.00", "2012-09-30": "0.00", "2012-06-30": "0.47", "2011-06-30": "0.00"}, "return on equity": {"2020-12-31": "-10.00%", "2020-09-30": "-11.35%", "2020-06-30": "-13.75%", "2020-03-31": "-9.51%", "2019-12-31": "-1.80%", "2019-09-30": "-1.69%", "2019-06-30": "1.49%", "2019-03-31": "-1.59%", "2018-12-31": "-12.61%", "2018-09-30": "-14.10%", "2018-06-30": "-14.15%", "2018-03-31": "-14.49%", "2017-12-31": "-4.02%", "2017-09-30": "-5.85%", "2017-06-30": "-6.51%", "2017-03-31": "-1.91%", "2016-12-31": "-3.13%", "2016-09-30": "-0.11%", "2016-06-30": "1.49%", "2016-03-31": "-2.45%", "2015-12-31": "-0.99%", "2015-09-30": "-0.32%", "2015-06-30": "-1.18%", "2015-03-31": "1.88%", "2014-12-31": "2.05%", "2014-09-30": "2.10%", "2014-06-30": "1.81%", "2014-03-31": "-6.95%", "2013-12-31": "-6.48%", "2013-09-30": "9.74%", "2013-06-30": "15.94%"}, "return on assets": {"2020-12-31": "-5.93%", "2020-09-30": "-6.79%", "2020-06-30": "-8.29%", "2020-03-31": "-5.89%", "2019-12-31": "-1.14%", "2019-09-30": "-1.08%", "2019-06-30": "0.96%", "2019-03-31": "-1.02%", "2018-12-31": "-8.38%", "2018-09-30": "-9.83%", "2018-06-30": "-10.32%", "2018-03-31": "-11.06%", "2017-12-31": "-3.09%", "2017-09-30": "-4.48%", "2017-06-30": "-5.00%", "2017-03-31": "-1.47%", "2016-12-31": "-2.39%", "2016-09-30": "-0.08%", "2016-06-30": "1.16%", "2016-03-31": "-1.93%", "2015-12-31": "-0.80%", "2015-09-30": "-0.25%", "2015-06-30": "-0.95%", "2015-03-31": "1.51%", "2014-12-31": "1.65%", "2014-09-30": "1.69%", "2014-06-30": "1.45%", "2014-03-31": "-5.57%", "2013-12-31": "-5.20%", "2013-09-30": "7.82%", "2013-06-30": "12.94%"}, "return on investments": {"2020-12-31": "5.65%", "2020-09-30": "4.12%", "2020-06-30": "3.59%", "2020-03-31": "4.09%", "2019-12-31": "3.91%", "2019-09-30": "4.03%", "2019-06-30": "5.13%", "2019-03-31": "5.36%", "2018-12-31": "5.51%", "2018-09-30": "5.70%", "2018-06-30": "5.33%", "2018-03-31": "5.15%", "2017-12-31": "5.20%", "2017-09-30": "4.99%", "2017-06-30": "3.71%", "2017-03-31": "4.61%", "2016-12-31": "1.61%", "2016-09-30": "1.59%", "2016-06-30": "2.94%", "2016-03-31": "1.47%", "2015-12-31": "inf%", "2015-09-30": "inf%", "2015-06-30": "inf%", "2015-03-31": "inf%", "2014-12-31": "inf%", "2014-09-30": "inf%", "2014-03-31": "inf%", "2013-12-31": "inf%", "2013-06-30": "inf%"}, "return on tangible equity": {"2020-09-30": "-36.83%", "2020-06-30": "-45.88%", "2020-03-31": "-32.88%", "2019-12-31": "-6.62%", "2019-09-30": "-6.41%", "2019-06-30": "5.76%", "2019-03-31": "-6.25%", "2018-12-31": "-43.62%", "2018-09-30": "-41.54%", "2018-06-30": "-36.57%", "2018-03-31": "-33.19%", "2017-12-31": "-8.95%", "2017-09-30": "-12.93%", "2017-06-30": "-14.21%", "2017-03-31": "-4.07%", "2016-12-31": "-6.51%", "2016-09-30": "-0.22%", "2016-06-30": "2.81%", "2016-03-31": "-4.47%", "2015-12-31": "-1.78%", "2015-09-30": "-0.58%", "2015-06-30": "-2.11%", "2015-03-31": "3.25%", "2014-12-31": "3.40%", "2014-09-30": "3.36%", "2014-06-30": "2.88%", "2014-03-31": "-11.17%", "2013-12-31": "-10.45%", "2013-09-30": "15.79%", "2013-06-30": "26.00%"}, "dividend yield history": {"last payout": "$0.20", "last yield": "0.94%"}}