{"ticker": "NEE", "price": {"title": "NextEra Energy Historical Annual Stock Price Data", "value": 83.6, "historical": {"2021": {"Average Stock Price": "81.5988", "Year Open": "74.2200", "Year High": "86.8700", "Year Low": "74.2200", "Year Close": "83.6000", "Annual % Change": "8.36%"}, "2020": {"Average Stock Price": "66.6951", "Year Open": "59.6550", "Year High": "77.7500", "Year Low": "45.4150", "Year Close": "77.1500", "Annual % Change": "27.44%"}, "2019": {"Average Stock Price": "51.9403", "Year Open": "42.4575", "Year High": "60.6775", "Year Low": "42.3525", "Year Close": "60.5400", "Annual % Change": "39.32%"}, "2018": {"Average Stock Price": "41.3281", "Year Open": "38.7725", "Year High": "45.7450", "Year Low": "36.3225", "Year Close": "43.4550", "Annual % Change": "11.29%"}, "2017": {"Average Stock Price": "35.2292", "Year Open": "29.6800", "Year High": "39.8125", "Year Low": "29.5875", "Year Close": "39.0475", "Annual % Change": "30.75%"}, "2016": {"Average Stock Price": "29.8894", "Year Open": "25.8925", "Year High": "32.7225", "Year Low": "25.8925", "Year Close": "29.8650", "Annual % Change": "14.99%"}, "2015": {"Average Stock Price": "25.6222", "Year Open": "26.6725", "Year High": "27.9150", "Year Low": "23.6550", "Year Close": "25.9725", "Annual % Change": "-2.26%"}, "2014": {"Average Stock Price": "24.1103", "Year Open": "21.0625", "Year High": "27.6250", "Year Low": "21.0625", "Year Close": "26.5725", "Annual % Change": "24.14%"}, "2013": {"Average Stock Price": "19.9722", "Year Open": "17.6300", "Year High": "22.2650", "Year Low": "17.6300", "Year Close": "21.4050", "Annual % Change": "23.75%"}, "2012": {"Average Stock Price": "16.4491", "Year Open": "14.7375", "Year High": "18.0125", "Year Low": "14.6975", "Year Close": "17.2975", "Annual % Change": "13.65%"}, "2011": {"Average Stock Price": "13.8855", "Year Open": "13.0575", "Year High": "15.2700", "Year Low": "12.5425", "Year Close": "15.2200", "Annual % Change": "17.10%"}, "2010": {"Average Stock Price": "12.8284", "Year Open": "13.3125", "Year High": "14.0075", "Year Low": "11.3925", "Year Close": "12.9975", "Annual % Change": "-1.57%"}, "2009": {"Average Stock Price": "13.2885", "Year Open": "12.9150", "Year High": "15.0125", "Year Low": "10.4450", "Year Close": "13.2050", "Annual % Change": "4.95%"}, "2008": {"Average Stock Price": "14.7308", "Year Open": "16.5875", "Year High": "18.0075", "Year Low": "9.2700", "Year Close": "12.5825", "Annual % Change": "-25.75%"}, "2007": {"Average Stock Price": "15.4062", "Year Open": "13.7750", "Year High": "18.1400", "Year Low": "13.4625", "Year Close": "16.9450", "Annual % Change": "24.55%"}, "2006": {"Average Stock Price": "10.9950", "Year Open": "10.5150", "Year High": "13.7750", "Year Low": "9.5075", "Year Close": "13.6050", "Annual % Change": "30.94%"}, "2005": {"Average Stock Price": "10.3924", "Year Open": "9.2375", "Year High": "11.9600", "Year Low": "9.0075", "Year Close": "10.3900", "Annual % Change": "11.20%"}, "2004": {"Average Stock Price": "8.3647", "Year Open": "8.1288", "Year High": "9.4938", "Year Low": "7.6213", "Year Close": "9.3438", "Annual % Change": "14.26%"}, "2003": {"Average Stock Price": "7.7406", "Year Open": "7.6663", "Year High": "8.4788", "Year Low": "6.7750", "Year Close": "8.1775", "Annual % Change": "8.80%"}, "2002": {"Average Stock Price": "7.1451", "Year Open": "7.1188", "Year High": "8.1138", "Year Low": "5.7875", "Year Close": "7.5163", "Annual % Change": "6.61%"}, "2001": {"Average Stock Price": "7.2293", "Year Open": "8.7813", "Year High": "8.7813", "Year Low": "6.4875", "Year Close": "7.0500", "Annual % Change": "-21.39%"}, "2000": {"Average Stock Price": "6.5887", "Year Open": "5.1563", "Year High": "9.0625", "Year Low": "4.6013", "Year Close": "8.9688", "Annual % Change": "67.60%"}, "1999": {"Average Stock Price": "6.6224", "Year Open": "7.6488", "Year High": "7.6488", "Year Low": "5.2350", "Year Close": "5.3513", "Annual % Change": "-30.54%"}, "1998": {"Average Stock Price": "7.8065", "Year Open": "7.3988", "Year High": "9.0000", "Year Low": "7.0550", "Year Close": "7.7038", "Annual % Change": "4.12%"}, "1997": {"Average Stock Price": "6.0186", "Year Open": "5.7038", "Year High": "7.4688", "Year Low": "5.3750", "Year Close": "7.3988", "Annual % Change": "28.67%"}, "1996": {"Average Stock Price": "5.6088", "Year Open": "5.7350", "Year High": "6.0000", "Year Low": "5.2344", "Year Close": "5.7500", "Annual % Change": "-0.82%"}, "1995": {"Average Stock Price": "4.8375", "Year Open": "4.3750", "Year High": "5.7975", "Year Low": "4.2813", "Year Close": "5.7975", "Annual % Change": "32.02%"}, "1994": {"Average Stock Price": "4.1196", "Year Open": "4.8288", "Year High": "4.8288", "Year Low": "3.4375", "Year Close": "4.3913", "Annual % Change": "-10.22%"}, "1993": {"Average Stock Price": "4.7870", "Year Open": "4.5313", "Year High": "5.1100", "Year Low": "4.4850", "Year Close": "4.8913", "Annual % Change": "7.94%"}, "1992": {"Average Stock Price": "4.4195", "Year Open": "4.5625", "Year High": "4.7813", "Year Low": "4.1100", "Year Close": "4.5313", "Annual % Change": "-2.03%"}, "1991": {"Average Stock Price": "3.9628", "Year Open": "3.6413", "Year High": "4.6563", "Year Low": "3.5163", "Year Close": "4.6250", "Annual % Change": "27.59%"}, "1990": {"Average Stock Price": "3.8144", "Year Open": "4.5625", "Year High": "4.5625", "Year Low": "3.3125", "Year Close": "3.6250", "Annual % Change": "-20.29%"}, "1989": {"Average Stock Price": "3.9710", "Year Open": "3.8275", "Year High": "4.5938", "Year Low": "3.6400", "Year Close": "4.5475", "Annual % Change": "16.90%"}, "1988": {"Average Stock Price": "3.7910", "Year Open": "3.6563", "Year High": "4.0000", "Year Low": "3.4688", "Year Close": "3.8900", "Annual % Change": "8.74%"}, "1987": {"Average Stock Price": "3.8919", "Year Open": "4.0000", "Year High": "4.2975", "Year Low": "3.2963", "Year Close": "3.5775", "Annual % Change": "-9.49%"}, "1986": {"Average Stock Price": "3.9706", "Year Open": "3.5150", "Year High": "4.7350", "Year Low": "3.3588", "Year Close": "3.9525", "Annual % Change": "11.93%"}, "1985": {"Average Stock Price": "3.0326", "Year Open": "2.8050", "Year High": "3.6250", "Year Low": "2.5775", "Year Close": "3.5313", "Annual % Change": "26.26%"}, "1984": {"Average Stock Price": "2.4641", "Year Open": "2.5156", "Year High": "2.8363", "Year Low": "2.2188", "Year Close": "2.7969", "Annual % Change": "11.18%"}}}, "market cap": {"value": "$163.78B"}, "income statement": {"Revenue": {"2020-12-31": "17997.00000", "2019-12-31": "19204.00000", "2018-12-31": "16727.00000", "2017-12-31": "17173.00000", "2016-12-31": "16138.00000", "2015-12-31": "17486.00000", "2014-12-31": "17021.00000", "2013-12-31": "15136.00000", "2012-12-31": "14256.00000", "2011-12-31": "15341.00000", "2010-12-31": "15317.00000", "2009-12-31": "15643.00000", "2008-12-31": "16410.00000", "2007-12-31": "15263.00000", "2006-12-31": "15710.00000", "2005-12-31": "11846.00000"}, "Cost Of Goods Sold": {"2020-12-31": "3539.00000", "2019-12-31": "4363.00000", "2018-12-31": "3732.00000", "2017-12-31": "4071.00000", "2016-12-31": "3992.00000", "2015-12-31": "5327.00000", "2014-12-31": "5602.00000", "2013-12-31": "4958.00000", "2012-12-31": "5121.00000", "2011-12-31": "6256.00000", "2010-12-31": "6242.00000", "2009-12-31": "7405.00000", "2008-12-31": "8412.00000", "2007-12-31": "8192.00000", "2006-12-31": "8943.00000", "2005-12-31": "6171.00000"}, "Gross Profit": {"2020-12-31": "14458.00000", "2019-12-31": "14841.00000", "2018-12-31": "12995.00000", "2017-12-31": "13102.00000", "2016-12-31": "12146.00000", "2015-12-31": "12159.00000", "2014-12-31": "11419.00000", "2013-12-31": "10178.00000", "2012-12-31": "9135.00000", "2011-12-31": "9085.00000", "2010-12-31": "9075.00000", "2009-12-31": "8238.00000", "2008-12-31": "7998.00000", "2007-12-31": "7071.00000", "2006-12-31": "6767.00000", "2005-12-31": "5675.00000"}, "Research And Development Expenses": {"2020-12-31": "", "2019-12-31": "", "2018-12-31": "", "2017-12-31": "", "2016-12-31": "", "2015-12-31": "", "2014-12-31": "", "2013-12-31": "", "2012-12-31": "", "2011-12-31": "", "2010-12-31": "", "2009-12-31": "", "2008-12-31": "", "2007-12-31": "", "2006-12-31": "", "2005-12-31": ""}, "SG&A Expenses": {"2020-12-31": "5460.00000", "2019-12-31": "5337.00000", "2018-12-31": "4838.00000", "2017-12-31": "4913.00000", "2016-12-31": "4872.00000", "2015-12-31": "4664.00000", "2014-12-31": "4511.00000", "2013-12-31": "4474.00000", "2012-12-31": "4341.00000", "2011-12-31": "4206.00000", "2010-12-31": "4041.00000", "2009-12-31": "3879.00000", "2008-12-31": "3731.00000", "2007-12-31": "3453.00000", "2006-12-31": "3154.00000", "2005-12-31": "2745.00000"}, "Other Operating Income Or Expenses": {"2020-12-31": "170.00000", "2019-12-31": "100.00000", "2018-12-31": "66.00000", "2017-12-31": "-590.00000", "2016-12-31": "440.00000", "2015-12-31": "-6.00000", "2014-12-31": "27.00000", "2013-12-31": "-300.00000", "2012-12-31": "0.00000", "2011-12-31": "-51.00000", "2010-12-31": "-19.00000", "2009-12-31": "", "2008-12-31": "", "2007-12-31": "", "2006-12-31": "-157.00000", "2005-12-31": ""}, "Operating Expenses": {"2020-12-31": "12881.00000", "2019-12-31": "13851.00000", "2018-12-31": "12447.00000", "2017-12-31": "12000.00000", "2016-12-31": "11679.00000", "2015-12-31": "12854.00000", "2014-12-31": "12637.00000", "2013-12-31": "11895.00000", "2012-12-31": "10980.00000", "2011-12-31": "12080.00000", "2010-12-31": "12090.00000", "2009-12-31": "13049.00000", "2008-12-31": "13585.00000", "2007-12-31": "12980.00000", "2006-12-31": "13613.00000", "2005-12-31": "10356.00000"}, "Operating Income": {"2020-12-31": "5116.00000", "2019-12-31": "5353.00000", "2018-12-31": "4280.00000", "2017-12-31": "5173.00000", "2016-12-31": "4459.00000", "2015-12-31": "4632.00000", "2014-12-31": "4384.00000", "2013-12-31": "3241.00000", "2012-12-31": "3276.00000", "2011-12-31": "3261.00000", "2010-12-31": "3227.00000", "2009-12-31": "2594.00000", "2008-12-31": "2825.00000", "2007-12-31": "2283.00000", "2006-12-31": "2097.00000", "2005-12-31": "1490.00000"}, "Total Non-Operating Income/Expense": {"2020-12-31": "-2703.00000", "2019-12-31": "-1517.00000", "2018-12-31": "3072.00000", "2017-12-31": "-510.00000", "2016-12-31": "-81.00000", "2015-12-31": "-642.00000", "2014-12-31": "-739.00000", "2013-12-31": "-787.00000", "2012-12-31": "-673.00000", "2011-12-31": "-809.00000", "2010-12-31": "-738.00000", "2009-12-31": "-652.00000", "2008-12-31": "-736.00000", "2007-12-31": "-603.00000", "2006-12-31": "-419.00000", "2005-12-31": "-307.00000"}, "Pre-Tax Income": {"2020-12-31": "2413.00000", "2019-12-31": "3836.00000", "2018-12-31": "7352.00000", "2017-12-31": "4663.00000", "2016-12-31": "4378.00000", "2015-12-31": "3990.00000", "2014-12-31": "3645.00000", "2013-12-31": "2454.00000", "2012-12-31": "2603.00000", "2011-12-31": "2452.00000", "2010-12-31": "2489.00000", "2009-12-31": "1942.00000", "2008-12-31": "2089.00000", "2007-12-31": "1680.00000", "2006-12-31": "1678.00000", "2005-12-31": "1183.00000"}, "Income Taxes": {"2020-12-31": "44.00000", "2019-12-31": "448.00000", "2018-12-31": "1576.00000", "2017-12-31": "-660.00000", "2016-12-31": "1379.00000", "2015-12-31": "1228.00000", "2014-12-31": "1176.00000", "2013-12-31": "777.00000", "2012-12-31": "692.00000", "2011-12-31": "529.00000", "2010-12-31": "532.00000", "2009-12-31": "327.00000", "2008-12-31": "450.00000", "2007-12-31": "368.00000", "2006-12-31": "397.00000", "2005-12-31": "282.00000"}, "Income After Taxes": {"2020-12-31": "2369.00000", "2019-12-31": "3388.00000", "2018-12-31": "5776.00000", "2017-12-31": "5323.00000", "2016-12-31": "2999.00000", "2015-12-31": "2762.00000", "2014-12-31": "2469.00000", "2013-12-31": "1677.00000", "2012-12-31": "1911.00000", "2011-12-31": "1923.00000", "2010-12-31": "1957.00000", "2009-12-31": "1615.00000", "2008-12-31": "1639.00000", "2007-12-31": "1312.00000", "2006-12-31": "1281.00000", "2005-12-31": "901.00000"}, "Other Income": {"2020-12-31": "", "2019-12-31": "", "2018-12-31": "", "2017-12-31": "", "2016-12-31": "", "2015-12-31": "", "2014-12-31": "", "2013-12-31": "", "2012-12-31": "", "2011-12-31": "", "2010-12-31": "", "2009-12-31": "", "2008-12-31": "", "2007-12-31": "", "2006-12-31": "", "2005-12-31": ""}, "Income From Continuous Operations": {"2020-12-31": "2369.00000", "2019-12-31": "3388.00000", "2018-12-31": "5776.00000", "2017-12-31": "5323.00000", "2016-12-31": "2999.00000", "2015-12-31": "2762.00000", "2014-12-31": "2469.00000", "2013-12-31": "1677.00000", "2012-12-31": "1911.00000", "2011-12-31": "1923.00000", "2010-12-31": "1957.00000", "2009-12-31": "1615.00000", "2008-12-31": "1639.00000", "2007-12-31": "1312.00000", "2006-12-31": "1281.00000", "2005-12-31": "901.00000"}, "Income From Discontinued Operations": {"2020-12-31": "", "2019-12-31": "", "2018-12-31": "", "2017-12-31": "", "2016-12-31": "", "2015-12-31": "", "2014-12-31": "", "2013-12-31": "231.00000", "2012-12-31": "", "2011-12-31": "0.00000", "2010-12-31": "", "2009-12-31": "", "2008-12-31": "", "2007-12-31": "", "2006-12-31": "", "2005-12-31": ""}, "Net Income": {"2020-12-31": "2919.00000", "2019-12-31": "3769.00000", "2018-12-31": "6638.00000", "2017-12-31": "5380.00000", "2016-12-31": "2906.00000", "2015-12-31": "2752.00000", "2014-12-31": "2465.00000", "2013-12-31": "1908.00000", "2012-12-31": "1911.00000", "2011-12-31": "1923.00000", "2010-12-31": "1957.00000", "2009-12-31": "1615.00000", "2008-12-31": "1639.00000", "2007-12-31": "1312.00000", "2006-12-31": "1281.00000", "2005-12-31": "901.00000"}, "EBITDA": {"2020-12-31": "9431.00000", "2019-12-31": "9831.00000", "2018-12-31": "8427.00000", "2017-12-31": "7811.00000", "2016-12-31": "7887.00000", "2015-12-31": "7835.00000", "2014-12-31": "7280.00000", "2013-12-31": "5762.00000", "2012-12-31": "5053.00000", "2011-12-31": "5110.00000", "2010-12-31": "5300.00000", "2009-12-31": "4598.00000", "2008-12-31": "4468.00000", "2007-12-31": "3762.00000", "2006-12-31": "3518.00000", "2005-12-31": "2986.00000"}, "EBIT": {"2020-12-31": "5116.00000", "2019-12-31": "5353.00000", "2018-12-31": "4280.00000", "2017-12-31": "5173.00000", "2016-12-31": "4459.00000", "2015-12-31": "4632.00000", "2014-12-31": "4384.00000", "2013-12-31": "3241.00000", "2012-12-31": "3276.00000", "2011-12-31": "3261.00000", "2010-12-31": "3227.00000", "2009-12-31": "2594.00000", "2008-12-31": "2825.00000", "2007-12-31": "2283.00000", "2006-12-31": "2097.00000", "2005-12-31": "1490.00000"}, "Basic Shares Outstanding": {"2020-12-31": "", "2019-12-31": "1928.00000", "2018-12-31": "1892.80000", "2017-12-31": "1875.20000", "2016-12-31": "1852.40000", "2015-12-31": "1802.00000", "2014-12-31": "1737.60000", "2013-12-31": "1696.80000", "2012-12-31": "1666.80000", "2011-12-31": "1666.40000", "2010-12-31": "1641.20000", "2009-12-31": "1617.60000", "2008-12-31": "1600.40000", "2007-12-31": "1590.80000", "2006-12-31": "1574.00000", "2005-12-31": "1520.40000"}, "Shares Outstanding": {"2020-12-31": "1969.00000", "2019-12-31": "1942.00000", "2018-12-31": "1908.00000", "2017-12-31": "1890.00000", "2016-12-31": "1863.20000", "2015-12-31": "1816.00000", "2014-12-31": "1760.40000", "2013-12-31": "1708.00000", "2012-12-31": "1676.80000", "2011-12-31": "1676.00000", "2010-12-31": "1652.00000", "2009-12-31": "1628.80000", "2008-12-31": "1610.80000", "2007-12-31": "1602.40000", "2006-12-31": "1586.00000", "2005-12-31": "1542.80000"}, "Basic EPS": {"2020-12-31": "", "2019-12-31": "1.95500", "2018-12-31": "3.50750", "2017-12-31": "2.87000", "2016-12-31": "1.56750", "2015-12-31": "1.52750", "2014-12-31": "1.41750", "2013-12-31": "1.12500", "2012-12-31": "1.14750", "2011-12-31": "1.15500", "2010-12-31": "1.19250", "2009-12-31": "0.99750", "2008-12-31": "1.02500", "2007-12-31": "0.82500", "2006-12-31": "0.81250", "2005-12-31": "0.59250"}, "EPS - Earnings Per Share": {"2020-12-31": "2.31000", "2019-12-31": "1.94000", "2018-12-31": "3.47000", "2017-12-31": "2.84750", "2016-12-31": "1.56000", "2015-12-31": "1.51500", "2014-12-31": "1.40000", "2013-12-31": "1.11750", "2012-12-31": "1.14000", "2011-12-31": "1.14750", "2010-12-31": "1.18500", "2009-12-31": "0.99250", "2008-12-31": "1.01750", "2007-12-31": "0.81750", "2006-12-31": "0.80750", "2005-12-31": "0.58500"}}, "income statement, quarterly": {"Revenue": {"2020-12-31": "4395.00000", "2020-09-30": "4785.00000", "2020-06-30": "4204.00000", "2020-03-31": "4613.00000", "2019-12-31": "4587.00000", "2019-09-30": "5572.00000", "2019-06-30": "4970.00000", "2019-03-31": "4075.00000", "2018-12-31": "4391.00000", "2018-09-30": "4416.00000", "2018-06-30": "4063.00000", "2018-03-31": "3857.00000", "2017-12-31": "3989.00000", "2017-09-30": "4808.00000", "2017-06-30": "4404.00000", "2017-03-31": "3972.00000", "2016-12-31": "3681.00000", "2016-09-30": "4805.00000", "2016-06-30": "3817.00000", "2016-03-31": "3835.00000", "2015-12-31": "4070.00000", "2015-09-30": "4954.00000", "2015-06-30": "4358.00000", "2015-03-31": "4104.00000", "2014-12-31": "4664.00000", "2014-09-30": "4654.00000", "2014-06-30": "4029.00000", "2014-03-31": "3674.00000", "2013-12-31": "3630.00000", "2013-09-30": "4394.00000", "2013-06-30": "3833.00000", "2013-03-31": "3279.00000", "2012-12-31": "3375.00000", "2012-09-30": "3843.00000", "2012-06-30": "3667.00000", "2012-03-31": "3371.00000", "2011-12-31": "3864.00000", "2011-09-30": "4382.00000", "2011-06-30": "3961.00000", "2011-03-31": "3134.00000", "2010-12-31": "3413.00000", "2010-09-30": "4691.00000", "2010-06-30": "3591.00000", "2010-03-31": "3622.00000", "2009-12-31": "3654.00000", "2009-09-30": "4473.00000", "2009-06-30": "3811.00000", "2009-03-31": "3705.00000", "2008-12-31": "4004.00000", "2008-09-30": "5387.00000", "2008-06-30": "3585.00000", "2008-03-31": "3434.00000", "2007-12-31": "3684.00000", "2007-09-30": "4575.00000", "2007-06-30": "3929.00000", "2007-03-31": "3075.00000", "2006-12-31": "3623.00000", "2006-09-30": "4694.00000", "2006-06-30": "3809.00000", "2006-03-31": "3584.00000", "2005-12-31": "3164.00000", "2005-09-30": "3504.00000", "2005-06-30": "2741.00000", "2005-03-31": "2437.00000"}, "Cost Of Goods Sold": {"2020-12-31": "876.00000", "2020-09-30": "1111.00000", "2020-06-30": "731.00000", "2020-03-31": "821.00000", "2019-12-31": "1056.00000", "2019-09-30": "1266.00000", "2019-06-30": "1074.00000", "2019-03-31": "967.00000", "2018-12-31": "936.00000", "2018-09-30": "1083.00000", "2018-06-30": "894.00000", "2018-03-31": "819.00000", "2017-12-31": "978.00000", "2017-09-30": "1176.00000", "2017-06-30": "1018.00000", "2017-03-31": "899.00000", "2016-12-31": "887.00000", "2016-09-30": "1217.00000", "2016-06-30": "960.00000", "2016-03-31": "928.00000", "2015-12-31": "1176.00000", "2015-09-30": "1472.00000", "2015-06-30": "1316.00000", "2015-03-31": "1363.00000", "2014-12-31": "1266.00000", "2014-09-30": "1566.00000", "2014-06-30": "1373.00000", "2014-03-31": "1397.00000", "2013-12-31": "1193.00000", "2013-09-30": "1438.00000", "2013-06-30": "1262.00000", "2013-03-31": "1065.00000", "2012-12-31": "1177.00000", "2012-09-30": "1526.00000", "2012-06-30": "1236.00000", "2012-03-31": "1182.00000", "2011-12-31": "1384.00000", "2011-09-30": "1911.00000", "2011-06-30": "1557.00000", "2011-03-31": "1404.00000", "2010-12-31": "1447.00000", "2010-09-30": "1991.00000", "2010-06-30": "1455.00000", "2010-03-31": "1349.00000", "2009-12-31": "1633.00000", "2009-09-30": "2164.00000", "2009-06-30": "1797.00000", "2009-03-31": "1811.00000", "2008-12-31": "1994.00000", "2008-09-30": "2728.00000", "2008-06-30": "1964.00000", "2008-03-31": "1726.00000", "2007-12-31": "1971.00000", "2007-09-30": "2443.00000", "2007-06-30": "2106.00000", "2007-03-31": "1672.00000", "2006-12-31": "2060.00000", "2006-09-30": "2656.00000", "2006-06-30": "2174.00000", "2006-03-31": "2053.00000", "2005-12-31": "1714.00000", "2005-09-30": "1826.00000", "2005-06-30": "1393.00000", "2005-03-31": "1238.00000"}, "Gross Profit": {"2020-12-31": "3519.00000", "2020-09-30": "3674.00000", "2020-06-30": "3473.00000", "2020-03-31": "3792.00000", "2019-12-31": "3531.00000", "2019-09-30": "4306.00000", "2019-06-30": "3896.00000", "2019-03-31": "3108.00000", "2018-12-31": "3455.00000", "2018-09-30": "3333.00000", "2018-06-30": "3169.00000", "2018-03-31": "3038.00000", "2017-12-31": "3011.00000", "2017-09-30": "3632.00000", "2017-06-30": "3386.00000", "2017-03-31": "3073.00000", "2016-12-31": "2794.00000", "2016-09-30": "3588.00000", "2016-06-30": "2857.00000", "2016-03-31": "2907.00000", "2015-12-31": "2894.00000", "2015-09-30": "3482.00000", "2015-06-30": "3042.00000", "2015-03-31": "2741.00000", "2014-12-31": "3398.00000", "2014-09-30": "3088.00000", "2014-06-30": "2656.00000", "2014-03-31": "2277.00000", "2013-12-31": "2437.00000", "2013-09-30": "2956.00000", "2013-06-30": "2571.00000", "2013-03-31": "2214.00000", "2012-12-31": "2198.00000", "2012-09-30": "2317.00000", "2012-06-30": "2431.00000", "2012-03-31": "2189.00000", "2011-12-31": "2480.00000", "2011-09-30": "2471.00000", "2011-06-30": "2404.00000", "2011-03-31": "1730.00000", "2010-12-31": "1966.00000", "2010-09-30": "2700.00000", "2010-06-30": "2136.00000", "2010-03-31": "2273.00000", "2009-12-31": "2021.00000", "2009-09-30": "2309.00000", "2009-06-30": "2014.00000", "2009-03-31": "1894.00000", "2008-12-31": "2010.00000", "2008-09-30": "2659.00000", "2008-06-30": "1621.00000", "2008-03-31": "1708.00000", "2007-12-31": "1713.00000", "2007-09-30": "2132.00000", "2007-06-30": "1823.00000", "2007-03-31": "1403.00000", "2006-12-31": "1563.00000", "2006-09-30": "2038.00000", "2006-06-30": "1635.00000", "2006-03-31": "1531.00000", "2005-12-31": "1450.00000", "2005-09-30": "1678.00000", "2005-06-30": "1348.00000", "2005-03-31": "1199.00000"}, "Research And Development Expenses": {"2020-12-31": "", "2020-09-30": "", "2020-06-30": "", "2020-03-31": "", "2019-12-31": "", "2019-09-30": "", "2019-06-30": "", "2019-03-31": "", "2018-12-31": "", "2018-09-30": "", "2018-06-30": "", "2018-03-31": "", "2017-12-31": "", "2017-09-30": "", "2017-06-30": "", "2017-03-31": "", "2016-12-31": "", "2016-09-30": "", "2016-06-30": "", "2016-03-31": "", "2015-12-31": "", "2015-09-30": "", "2015-06-30": "", "2015-03-31": "", "2014-12-31": "", "2014-09-30": "", "2014-06-30": "", "2014-03-31": "", "2013-12-31": "", "2013-09-30": "", "2013-06-30": "", "2013-03-31": "", "2012-12-31": "", "2012-09-30": "", "2012-06-30": "", "2012-03-31": "", "2011-12-31": "", "2011-09-30": "", "2011-06-30": "", "2011-03-31": "", "2010-12-31": "", "2010-09-30": "", "2010-06-30": "", "2010-03-31": "", "2009-12-31": "", "2009-09-30": "", "2009-06-30": "", "2009-03-31": "", "2008-12-31": "", "2008-09-30": "", "2008-06-30": "", "2008-03-31": "", "2007-12-31": "", "2007-09-30": "", "2007-06-30": "", "2007-03-31": "", "2006-12-31": "", "2006-09-30": "", "2006-06-30": "", "2006-03-31": "", "2005-12-31": "", "2005-09-30": "", "2005-06-30": "", "2005-03-31": ""}, "SG&A Expenses": {"2020-12-31": "1501.00000", "2020-09-30": "1376.00000", "2020-06-30": "1323.00000", "2020-03-31": "1236.00000", "2019-12-31": "1372.00000", "2019-09-30": "1416.00000", "2019-06-30": "1322.00000", "2019-03-31": "1227.00000", "2018-12-31": "1243.00000", "2018-09-30": "1239.00000", "2018-06-30": "1219.00000", "2018-03-31": "1137.00000", "2017-12-31": "1286.00000", "2017-09-30": "1214.00000", "2017-06-30": "1221.00000", "2017-03-31": "1192.00000", "2016-12-31": "1335.00000", "2016-09-30": "1207.00000", "2016-06-30": "1198.00000", "2016-03-31": "1132.00000", "2015-12-31": "1257.00000", "2015-09-30": "1196.00000", "2015-06-30": "1150.00000", "2015-03-31": "1061.00000", "2014-12-31": "1201.00000", "2014-09-30": "1143.00000", "2014-06-30": "1091.00000", "2014-03-31": "1076.00000", "2013-12-31": "1157.00000", "2013-09-30": "1166.00000", "2013-06-30": "1090.00000", "2013-03-31": "1061.00000", "2012-12-31": "1071.00000", "2012-09-30": "1108.00000", "2012-06-30": "1096.00000", "2012-03-31": "1066.00000", "2011-12-31": "1133.00000", "2011-09-30": "1064.00000", "2011-06-30": "1038.00000", "2011-03-31": "971.00000", "2010-12-31": "1036.00000", "2010-09-30": "1044.00000", "2010-06-30": "1041.00000", "2010-03-31": "920.00000", "2009-12-31": "976.00000", "2009-09-30": "1027.00000", "2009-06-30": "974.00000", "2009-03-31": "902.00000", "2008-12-31": "886.00000", "2008-09-30": "975.00000", "2008-06-30": "949.00000", "2008-03-31": "921.00000", "2007-12-31": "931.00000", "2007-09-30": "903.00000", "2007-06-30": "832.00000", "2007-03-31": "787.00000", "2006-12-31": "796.00000", "2006-09-30": "814.00000", "2006-06-30": "809.00000", "2006-03-31": "735.00000", "2005-12-31": "704.00000", "2005-09-30": "732.00000", "2005-06-30": "670.00000", "2005-03-31": "639.00000"}, "Other Operating Income Or Expenses": {"2020-12-31": "-133.00000", "2020-09-30": "-11.00000", "2020-06-30": "17.00000", "2020-03-31": "273.00000", "2019-12-31": "-278.00000", "2019-09-30": "-2.00000", "2019-06-30": "354.00000", "2019-03-31": "26.00000", "2018-12-31": "18.00000", "2018-09-30": "6.00000", "2018-06-30": "28.00000", "2018-03-31": "14.00000", "2017-12-31": "-1696.00000", "2017-09-30": "5.00000", "2017-06-30": "1.00000", "2017-03-31": "1100.00000", "2016-12-31": "182.00000", "2016-09-30": "4.00000", "2016-06-30": "254.00000", "2016-03-31": "", "2015-12-31": "", "2015-09-30": "", "2015-06-30": "", "2015-03-31": "", "2014-12-31": "", "2014-09-30": "", "2014-06-30": "", "2014-03-31": "", "2013-12-31": "", "2013-09-30": "", "2013-06-30": "", "2013-03-31": "-300.00000", "2012-12-31": "", "2012-09-30": "", "2012-06-30": "", "2012-03-31": "", "2011-12-31": "", "2011-09-30": "", "2011-06-30": "-51.00000", "2011-03-31": "", "2010-12-31": "", "2010-09-30": "", "2010-06-30": "", "2010-03-31": "", "2009-12-31": "", "2009-09-30": "", "2009-06-30": "", "2009-03-31": "", "2008-12-31": "", "2008-09-30": "", "2008-06-30": "", "2008-03-31": "-11.00000", "2007-12-31": "", "2007-09-30": "", "2007-06-30": "", "2007-03-31": "", "2006-12-31": "-103.00000", "2006-09-30": "", "2006-06-30": "-54.00000", "2006-03-31": "", "2005-12-31": "", "2005-09-30": "", "2005-06-30": "", "2005-03-31": ""}, "Operating Expenses": {"2020-12-31": "3454.00000", "2020-09-30": "3777.00000", "2020-06-30": "3018.00000", "2020-03-31": "2632.00000", "2019-12-31": "3709.00000", "2019-09-30": "3979.00000", "2019-06-30": "3223.00000", "2019-03-31": "2940.00000", "2018-12-31": "3284.00000", "2018-09-30": "3448.00000", "2018-06-30": "2917.00000", "2018-03-31": "2798.00000", "2017-12-31": "3805.00000", "2017-09-30": "3457.00000", "2017-06-30": "3128.00000", "2017-03-31": "1610.00000", "2016-12-31": "2904.00000", "2016-09-30": "3526.00000", "2016-06-30": "2648.00000", "2016-03-31": "2601.00000", "2015-12-31": "3194.00000", "2015-09-30": "3473.00000", "2015-06-30": "3212.00000", "2015-03-31": "2975.00000", "2014-12-31": "3132.00000", "2014-09-30": "3491.00000", "2014-06-30": "3078.00000", "2014-03-31": "2936.00000", "2013-12-31": "2989.00000", "2013-09-30": "3209.00000", "2013-06-30": "2852.00000", "2013-03-31": "2845.00000", "2012-12-31": "2644.00000", "2012-09-30": "3101.00000", "2012-06-30": "2667.00000", "2012-03-31": "2568.00000", "2011-12-31": "2849.00000", "2011-09-30": "3471.00000", "2011-06-30": "3054.00000", "2011-03-31": "2706.00000", "2010-12-31": "2959.00000", "2010-09-30": "3566.00000", "2010-06-30": "2882.00000", "2010-03-31": "2683.00000", "2009-12-31": "3097.00000", "2009-09-30": "3624.00000", "2009-06-30": "3206.00000", "2009-03-31": "3122.00000", "2008-12-31": "3251.00000", "2008-09-30": "4071.00000", "2008-06-30": "3272.00000", "2008-03-31": "2991.00000", "2007-12-31": "3263.00000", "2007-09-30": "3675.00000", "2007-06-30": "3265.00000", "2007-03-31": "2777.00000", "2006-12-31": "3306.00000", "2006-09-30": "3822.00000", "2006-06-30": "3374.00000", "2006-03-31": "3111.00000", "2005-12-31": "2787.00000", "2005-09-30": "2945.00000", "2005-06-30": "2421.00000", "2005-03-31": "2203.00000"}, "Operating Income": {"2020-12-31": "941.00000", "2020-09-30": "1008.00000", "2020-06-30": "1186.00000", "2020-03-31": "1981.00000", "2019-12-31": "878.00000", "2019-09-30": "1593.00000", "2019-06-30": "1747.00000", "2019-03-31": "1135.00000", "2018-12-31": "1107.00000", "2018-09-30": "968.00000", "2018-06-30": "1146.00000", "2018-03-31": "1059.00000", "2017-12-31": "184.00000", "2017-09-30": "1351.00000", "2017-06-30": "1276.00000", "2017-03-31": "2362.00000", "2016-12-31": "777.00000", "2016-09-30": "1279.00000", "2016-06-30": "1169.00000", "2016-03-31": "1234.00000", "2015-12-31": "876.00000", "2015-09-30": "1481.00000", "2015-06-30": "1146.00000", "2015-03-31": "1129.00000", "2014-12-31": "1532.00000", "2014-09-30": "1163.00000", "2014-06-30": "951.00000", "2014-03-31": "738.00000", "2013-12-31": "641.00000", "2013-09-30": "1185.00000", "2013-06-30": "981.00000", "2013-03-31": "434.00000", "2012-12-31": "731.00000", "2012-09-30": "742.00000", "2012-06-30": "1000.00000", "2012-03-31": "803.00000", "2011-12-31": "1015.00000", "2011-09-30": "911.00000", "2011-06-30": "907.00000", "2011-03-31": "428.00000", "2010-12-31": "454.00000", "2010-09-30": "1125.00000", "2010-06-30": "709.00000", "2010-03-31": "939.00000", "2009-12-31": "557.00000", "2009-09-30": "849.00000", "2009-06-30": "605.00000", "2009-03-31": "583.00000", "2008-12-31": "753.00000", "2008-09-30": "1316.00000", "2008-06-30": "313.00000", "2008-03-31": "443.00000", "2007-12-31": "421.00000", "2007-09-30": "900.00000", "2007-06-30": "664.00000", "2007-03-31": "298.00000", "2006-12-31": "317.00000", "2006-09-30": "872.00000", "2006-06-30": "435.00000", "2006-03-31": "473.00000", "2005-12-31": "377.00000", "2005-09-30": "559.00000", "2005-06-30": "320.00000", "2005-03-31": "234.00000"}, "Total Non-Operating Income/Expense": {"2020-12-31": "-1166.00000", "2020-09-30": "244.00000", "2020-06-30": "128.00000", "2020-03-31": "-1908.00000", "2019-12-31": "159.00000", "2019-09-30": "-737.00000", "2019-06-30": "-484.00000", "2019-03-31": "-455.00000", "2018-12-31": "-818.00000", "2018-09-30": "98.00000", "2018-06-30": "-233.00000", "2018-03-31": "4025.00000", "2017-12-31": "-100.00000", "2017-09-30": "-131.00000", "2017-06-30": "-183.00000", "2017-03-31": "-96.00000", "2016-12-31": "735.00000", "2016-09-30": "-72.00000", "2016-06-30": "-406.00000", "2016-03-31": "-338.00000", "2015-12-31": "-118.00000", "2015-09-30": "-179.00000", "2015-06-30": "-152.00000", "2015-03-31": "-193.00000", "2014-12-31": "-197.00000", "2014-09-30": "-220.00000", "2014-06-30": "-167.00000", "2014-03-31": "-155.00000", "2013-12-31": "-188.00000", "2013-09-30": "-190.00000", "2013-06-30": "-160.00000", "2013-03-31": "-249.00000", "2012-12-31": "-165.00000", "2012-09-30": "-173.00000", "2012-06-30": "-150.00000", "2012-03-31": "-185.00000", "2011-12-31": "-91.00000", "2011-09-30": "-346.00000", "2011-06-30": "-180.00000", "2011-03-31": "-192.00000", "2010-12-31": "-189.00000", "2010-09-30": "-165.00000", "2010-06-30": "-215.00000", "2010-03-31": "-169.00000", "2009-12-31": "-154.00000", "2009-09-30": "-134.00000", "2009-06-30": "-164.00000", "2009-03-31": "-200.00000", "2008-12-31": "-238.00000", "2008-09-30": "-181.00000", "2008-06-30": "-153.00000", "2008-03-31": "-164.00000", "2007-12-31": "-189.00000", "2007-09-30": "-140.00000", "2007-06-30": "-132.00000", "2007-03-31": "-142.00000", "2006-12-31": "-36.00000", "2006-09-30": "-114.00000", "2006-06-30": "-124.00000", "2006-03-31": "-145.00000", "2005-12-31": "-102.00000", "2005-09-30": "-67.00000", "2005-06-30": "-63.00000", "2005-03-31": "-75.00000"}, "Pre-Tax Income": {"2020-12-31": "-225.00000", "2020-09-30": "1252.00000", "2020-06-30": "1314.00000", "2020-03-31": "73.00000", "2019-12-31": "1037.00000", "2019-09-30": "856.00000", "2019-06-30": "1263.00000", "2019-03-31": "680.00000", "2018-12-31": "289.00000", "2018-09-30": "1066.00000", "2018-06-30": "913.00000", "2018-03-31": "5084.00000", "2017-12-31": "84.00000", "2017-09-30": "1220.00000", "2017-06-30": "1093.00000", "2017-03-31": "2266.00000", "2016-12-31": "1512.00000", "2016-09-30": "1207.00000", "2016-06-30": "763.00000", "2016-03-31": "896.00000", "2015-12-31": "758.00000", "2015-09-30": "1302.00000", "2015-06-30": "994.00000", "2015-03-31": "936.00000", "2014-12-31": "1335.00000", "2014-09-30": "943.00000", "2014-06-30": "784.00000", "2014-03-31": "583.00000", "2013-12-31": "453.00000", "2013-09-30": "995.00000", "2013-06-30": "821.00000", "2013-03-31": "185.00000", "2012-12-31": "566.00000", "2012-09-30": "569.00000", "2012-06-30": "850.00000", "2012-03-31": "618.00000", "2011-12-31": "924.00000", "2011-09-30": "565.00000", "2011-06-30": "727.00000", "2011-03-31": "236.00000", "2010-12-31": "265.00000", "2010-09-30": "960.00000", "2010-06-30": "494.00000", "2010-03-31": "770.00000", "2009-12-31": "403.00000", "2009-09-30": "715.00000", "2009-06-30": "441.00000", "2009-03-31": "383.00000", "2008-12-31": "515.00000", "2008-09-30": "1135.00000", "2008-06-30": "160.00000", "2008-03-31": "279.00000", "2007-12-31": "232.00000", "2007-09-30": "760.00000", "2007-06-30": "532.00000", "2007-03-31": "156.00000", "2006-12-31": "281.00000", "2006-09-30": "758.00000", "2006-06-30": "311.00000", "2006-03-31": "328.00000", "2005-12-31": "275.00000", "2005-09-30": "492.00000", "2005-06-30": "257.00000", "2005-03-31": "159.00000"}, "Income Taxes": {"2020-12-31": "-34.00000", "2020-09-30": "129.00000", "2020-06-30": "185.00000", "2020-03-31": "-235.00000", "2019-12-31": "192.00000", "2019-09-30": "58.00000", "2019-06-30": "124.00000", "2019-03-31": "74.00000", "2018-12-31": "-25.00000", "2018-09-30": "125.00000", "2018-06-30": "226.00000", "2018-03-31": "1250.00000", "2017-12-31": "-1988.00000", "2017-09-30": "364.00000", "2017-06-30": "289.00000", "2017-03-31": "675.00000", "2016-12-31": "500.00000", "2016-09-30": "418.00000", "2016-06-30": "219.00000", "2016-03-31": "242.00000", "2015-12-31": "247.00000", "2015-09-30": "421.00000", "2015-06-30": "274.00000", "2015-03-31": "286.00000", "2014-12-31": "452.00000", "2014-09-30": "279.00000", "2014-06-30": "292.00000", "2014-03-31": "153.00000", "2013-12-31": "125.00000", "2013-09-30": "297.00000", "2013-06-30": "211.00000", "2013-03-31": "144.00000", "2012-12-31": "138.00000", "2012-09-30": "154.00000", "2012-06-30": "243.00000", "2012-03-31": "157.00000", "2011-12-31": "256.00000", "2011-09-30": "158.00000", "2011-06-30": "147.00000", "2011-03-31": "-32.00000", "2010-12-31": "1.00000", "2010-09-30": "240.00000", "2010-06-30": "77.00000", "2010-03-31": "214.00000", "2009-12-31": "55.00000", "2009-09-30": "182.00000", "2009-06-30": "71.00000", "2009-03-31": "19.00000", "2008-12-31": "108.00000", "2008-09-30": "361.00000", "2008-06-30": "-49.00000", "2008-03-31": "30.00000", "2007-12-31": "8.00000", "2007-09-30": "227.00000", "2007-06-30": "127.00000", "2007-03-31": "6.00000", "2006-12-31": "14.00000", "2006-09-30": "231.00000", "2006-06-30": "75.00000", "2006-03-31": "77.00000", "2005-12-31": "53.00000", "2005-09-30": "153.00000", "2005-06-30": "54.00000", "2005-03-31": "22.00000"}, "Income After Taxes": {"2020-12-31": "-191.00000", "2020-09-30": "1123.00000", "2020-06-30": "1129.00000", "2020-03-31": "308.00000", "2019-12-31": "845.00000", "2019-09-30": "798.00000", "2019-06-30": "1139.00000", "2019-03-31": "606.00000", "2018-12-31": "314.00000", "2018-09-30": "941.00000", "2018-06-30": "687.00000", "2018-03-31": "3834.00000", "2017-12-31": "2072.00000", "2017-09-30": "856.00000", "2017-06-30": "804.00000", "2017-03-31": "1591.00000", "2016-12-31": "1012.00000", "2016-09-30": "789.00000", "2016-06-30": "544.00000", "2016-03-31": "654.00000", "2015-12-31": "511.00000", "2015-09-30": "881.00000", "2015-06-30": "720.00000", "2015-03-31": "650.00000", "2014-12-31": "883.00000", "2014-09-30": "664.00000", "2014-06-30": "492.00000", "2014-03-31": "430.00000", "2013-12-31": "328.00000", "2013-09-30": "698.00000", "2013-06-30": "610.00000", "2013-03-31": "41.00000", "2012-12-31": "428.00000", "2012-09-30": "415.00000", "2012-06-30": "607.00000", "2012-03-31": "461.00000", "2011-12-31": "668.00000", "2011-09-30": "407.00000", "2011-06-30": "580.00000", "2011-03-31": "268.00000", "2010-12-31": "264.00000", "2010-09-30": "720.00000", "2010-06-30": "417.00000", "2010-03-31": "556.00000", "2009-12-31": "348.00000", "2009-09-30": "533.00000", "2009-06-30": "370.00000", "2009-03-31": "364.00000", "2008-12-31": "407.00000", "2008-09-30": "774.00000", "2008-06-30": "209.00000", "2008-03-31": "249.00000", "2007-12-31": "224.00000", "2007-09-30": "533.00000", "2007-06-30": "405.00000", "2007-03-31": "150.00000", "2006-12-31": "267.00000", "2006-09-30": "527.00000", "2006-06-30": "236.00000", "2006-03-31": "251.00000", "2005-12-31": "222.00000", "2005-09-30": "339.00000", "2005-06-30": "203.00000", "2005-03-31": "137.00000"}, "Other Income": {"2020-12-31": "", "2020-09-30": "", "2020-06-30": "", "2020-03-31": "", "2019-12-31": "", "2019-09-30": "", "2019-06-30": "", "2019-03-31": "", "2018-12-31": "", "2018-09-30": "", "2018-06-30": "", "2018-03-31": "", "2017-12-31": "", "2017-09-30": "", "2017-06-30": "", "2017-03-31": "", "2016-12-31": "", "2016-09-30": "", "2016-06-30": "", "2016-03-31": "", "2015-12-31": "", "2015-09-30": "", "2015-06-30": "", "2015-03-31": "", "2014-12-31": "", "2014-09-30": "", "2014-06-30": "", "2014-03-31": "", "2013-12-31": "", "2013-09-30": "", "2013-06-30": "", "2013-03-31": "", "2012-12-31": "", "2012-09-30": "", "2012-06-30": "", "2012-03-31": "", "2011-12-31": "", "2011-09-30": "", "2011-06-30": "", "2011-03-31": "", "2010-12-31": "", "2010-09-30": "", "2010-06-30": "", "2010-03-31": "", "2009-12-31": "", "2009-09-30": "", "2009-06-30": "", "2009-03-31": "", "2008-12-31": "", "2008-09-30": "", "2008-06-30": "", "2008-03-31": "", "2007-12-31": "", "2007-09-30": "", "2007-06-30": "", "2007-03-31": "", "2006-12-31": "", "2006-09-30": "", "2006-06-30": "", "2006-03-31": "", "2005-12-31": "", "2005-09-30": "", "2005-06-30": "", "2005-03-31": ""}, "Income From Continuous Operations": {"2020-12-31": "-191.00000", "2020-09-30": "1123.00000", "2020-06-30": "1129.00000", "2020-03-31": "308.00000", "2019-12-31": "845.00000", "2019-09-30": "798.00000", "2019-06-30": "1139.00000", "2019-03-31": "606.00000", "2018-12-31": "314.00000", "2018-09-30": "941.00000", "2018-06-30": "687.00000", "2018-03-31": "3834.00000", "2017-12-31": "2072.00000", "2017-09-30": "856.00000", "2017-06-30": "804.00000", "2017-03-31": "1591.00000", "2016-12-31": "1012.00000", "2016-09-30": "789.00000", "2016-06-30": "544.00000", "2016-03-31": "654.00000", "2015-12-31": "511.00000", "2015-09-30": "881.00000", "2015-06-30": "720.00000", "2015-03-31": "650.00000", "2014-12-31": "883.00000", "2014-09-30": "664.00000", "2014-06-30": "492.00000", "2014-03-31": "430.00000", "2013-12-31": "328.00000", "2013-09-30": "698.00000", "2013-06-30": "610.00000", "2013-03-31": "41.00000", "2012-12-31": "428.00000", "2012-09-30": "415.00000", "2012-06-30": "607.00000", "2012-03-31": "461.00000", "2011-12-31": "668.00000", "2011-09-30": "407.00000", "2011-06-30": "580.00000", "2011-03-31": "268.00000", "2010-12-31": "264.00000", "2010-09-30": "720.00000", "2010-06-30": "417.00000", "2010-03-31": "556.00000", "2009-12-31": "348.00000", "2009-09-30": "533.00000", "2009-06-30": "370.00000", "2009-03-31": "364.00000", "2008-12-31": "407.00000", "2008-09-30": "774.00000", "2008-06-30": "209.00000", "2008-03-31": "249.00000", "2007-12-31": "224.00000", "2007-09-30": "533.00000", "2007-06-30": "405.00000", "2007-03-31": "150.00000", "2006-12-31": "267.00000", "2006-09-30": "527.00000", "2006-06-30": "236.00000", "2006-03-31": "251.00000", "2005-12-31": "222.00000", "2005-09-30": "339.00000", "2005-06-30": "203.00000", "2005-03-31": "137.00000"}, "Income From Discontinued Operations": {"2020-12-31": "", "2020-09-30": "", "2020-06-30": "", "2020-03-31": "", "2019-12-31": "", "2019-09-30": "", "2019-06-30": "", "2019-03-31": "", "2018-12-31": "", "2018-09-30": "", "2018-06-30": "", "2018-03-31": "", "2017-12-31": "", "2017-09-30": "", "2017-06-30": "", "2017-03-31": "", "2016-12-31": "", "2016-09-30": "", "2016-06-30": "", "2016-03-31": "", "2015-12-31": "", "2015-09-30": "", "2015-06-30": "", "2015-03-31": "", "2014-12-31": "", "2014-09-30": "", "2014-06-30": "", "2014-03-31": "", "2013-12-31": "", "2013-09-30": "", "2013-06-30": "", "2013-03-31": "231.00000", "2012-12-31": "", "2012-09-30": "", "2012-06-30": "", "2012-03-31": "", "2011-12-31": "", "2011-09-30": "", "2011-06-30": "", "2011-03-31": "", "2010-12-31": "", "2010-09-30": "", "2010-06-30": "", "2010-03-31": "", "2009-12-31": "", "2009-09-30": "", "2009-06-30": "", "2009-03-31": "", "2008-12-31": "", "2008-09-30": "", "2008-06-30": "", "2008-03-31": "", "2007-12-31": "", "2007-09-30": "", "2007-06-30": "", "2007-03-31": "", "2006-12-31": "", "2006-09-30": "", "2006-06-30": "", "2006-03-31": "", "2005-12-31": "", "2005-09-30": "", "2005-06-30": "", "2005-03-31": ""}, "Net Income": {"2020-12-31": "-5.00000", "2020-09-30": "1229.00000", "2020-06-30": "1275.00000", "2020-03-31": "421.00000", "2019-12-31": "976.00000", "2019-09-30": "879.00000", "2019-06-30": "1234.00000", "2019-03-31": "680.00000", "2018-12-31": "421.00000", "2018-09-30": "1005.00000", "2018-06-30": "781.00000", "2018-03-31": "4431.00000", "2017-12-31": "2157.00000", "2017-09-30": "847.00000", "2017-06-30": "793.00000", "2017-03-31": "1583.00000", "2016-12-31": "960.00000", "2016-09-30": "753.00000", "2016-06-30": "540.00000", "2016-03-31": "653.00000", "2015-12-31": "507.00000", "2015-09-30": "879.00000", "2015-06-30": "716.00000", "2015-03-31": "650.00000", "2014-12-31": "883.00000", "2014-09-30": "660.00000", "2014-06-30": "492.00000", "2014-03-31": "430.00000", "2013-12-31": "328.00000", "2013-09-30": "698.00000", "2013-06-30": "610.00000", "2013-03-31": "272.00000", "2012-12-31": "428.00000", "2012-09-30": "415.00000", "2012-06-30": "607.00000", "2012-03-31": "461.00000", "2011-12-31": "668.00000", "2011-09-30": "407.00000", "2011-06-30": "580.00000", "2011-03-31": "268.00000", "2010-12-31": "264.00000", "2010-09-30": "720.00000", "2010-06-30": "417.00000", "2010-03-31": "556.00000", "2009-12-31": "348.00000", "2009-09-30": "533.00000", "2009-06-30": "370.00000", "2009-03-31": "364.00000", "2008-12-31": "407.00000", "2008-09-30": "774.00000", "2008-06-30": "209.00000", "2008-03-31": "249.00000", "2007-12-31": "224.00000", "2007-09-30": "533.00000", "2007-06-30": "405.00000", "2007-03-31": "150.00000", "2006-12-31": "267.00000", "2006-09-30": "527.00000", "2006-06-30": "236.00000", "2006-03-31": "251.00000", "2005-12-31": "222.00000", "2005-09-30": "339.00000", "2005-06-30": "203.00000", "2005-03-31": "137.00000"}, "EBITDA": {"2020-12-31": "", "2020-09-30": "2346.00000", "2020-06-30": "2218.00000", "2020-03-31": "2903.00000", "2019-12-31": "1919.00000", "2019-09-30": "2906.00000", "2019-06-30": "3009.00000", "2019-03-31": "1997.00000", "2018-12-31": "2252.00000", "2018-09-30": "2151.00000", "2018-06-30": "2040.00000", "2018-03-31": "1984.00000", "2017-12-31": "36.00000", "2017-09-30": "2489.00000", "2017-06-30": "2233.00000", "2017-03-31": "3053.00000", "2016-12-31": "1668.00000", "2016-09-30": "2349.00000", "2016-06-30": "1985.00000", "2016-03-31": "1885.00000", "2015-12-31": "1717.00000", "2015-09-30": "2381.00000", "2015-06-30": "1971.00000", "2015-03-31": "1766.00000", "2014-12-31": "2310.00000", "2014-09-30": "2035.00000", "2014-06-30": "1646.00000", "2014-03-31": "1289.00000", "2013-12-31": "1377.00000", "2013-09-30": "1875.00000", "2013-06-30": "1576.00000", "2013-03-31": "934.00000", "2012-12-31": "1183.00000", "2012-09-30": "1263.00000", "2012-06-30": "1408.00000", "2012-03-31": "1199.00000", "2011-12-31": "1418.00000", "2011-09-30": "1486.00000", "2011-06-30": "1376.00000", "2011-03-31": "830.00000", "2010-12-31": "983.00000", "2010-09-30": "1729.00000", "2010-06-30": "1163.00000", "2010-03-31": "1425.00000", "2009-12-31": "1098.00000", "2009-09-30": "1349.00000", "2009-06-30": "1099.00000", "2009-03-31": "1052.00000", "2008-12-31": "1179.00000", "2008-09-30": "1765.00000", "2008-06-30": "690.00000", "2008-03-31": "834.00000", "2007-12-31": "883.00000", "2007-09-30": "1205.00000", "2007-06-30": "1025.00000", "2007-03-31": "649.00000", "2006-12-31": "792.00000", "2006-09-30": "1124.00000", "2006-06-30": "787.00000", "2006-03-31": "815.00000", "2005-12-31": "758.00000", "2005-09-30": "966.00000", "2005-06-30": "689.00000", "2005-03-31": "573.00000"}, "EBIT": {"2020-12-31": "941.00000", "2020-09-30": "1008.00000", "2020-06-30": "1186.00000", "2020-03-31": "1981.00000", "2019-12-31": "878.00000", "2019-09-30": "1593.00000", "2019-06-30": "1747.00000", "2019-03-31": "1135.00000", "2018-12-31": "1107.00000", "2018-09-30": "968.00000", "2018-06-30": "1146.00000", "2018-03-31": "1059.00000", "2017-12-31": "184.00000", "2017-09-30": "1351.00000", "2017-06-30": "1276.00000", "2017-03-31": "2362.00000", "2016-12-31": "777.00000", "2016-09-30": "1279.00000", "2016-06-30": "1169.00000", "2016-03-31": "1234.00000", "2015-12-31": "876.00000", "2015-09-30": "1481.00000", "2015-06-30": "1146.00000", "2015-03-31": "1129.00000", "2014-12-31": "1532.00000", "2014-09-30": "1163.00000", "2014-06-30": "951.00000", "2014-03-31": "738.00000", "2013-12-31": "641.00000", "2013-09-30": "1185.00000", "2013-06-30": "981.00000", "2013-03-31": "434.00000", "2012-12-31": "731.00000", "2012-09-30": "742.00000", "2012-06-30": "1000.00000", "2012-03-31": "803.00000", "2011-12-31": "1015.00000", "2011-09-30": "911.00000", "2011-06-30": "907.00000", "2011-03-31": "428.00000", "2010-12-31": "454.00000", "2010-09-30": "1125.00000", "2010-06-30": "709.00000", "2010-03-31": "939.00000", "2009-12-31": "557.00000", "2009-09-30": "849.00000", "2009-06-30": "605.00000", "2009-03-31": "583.00000", "2008-12-31": "753.00000", "2008-09-30": "1316.00000", "2008-06-30": "313.00000", "2008-03-31": "443.00000", "2007-12-31": "421.00000", "2007-09-30": "900.00000", "2007-06-30": "664.00000", "2007-03-31": "298.00000", "2006-12-31": "317.00000", "2006-09-30": "872.00000", "2006-06-30": "435.00000", "2006-03-31": "473.00000", "2005-12-31": "377.00000", "2005-09-30": "559.00000", "2005-06-30": "320.00000", "2005-03-31": "234.00000"}, "Basic Shares Outstanding": {"2020-12-31": "", "2020-09-30": "1959.60000", "2020-06-30": "1958.80000", "2020-03-31": "1957.20000", "2019-12-31": "1928.00000", "2019-09-30": "1927.60000", "2019-06-30": "1915.60000", "2019-03-31": "1913.20000", "2018-12-31": "1892.80000", "2018-09-30": "1892.40000", "2018-06-30": "1884.40000", "2018-03-31": "1882.80000", "2017-12-31": "1875.20000", "2017-09-30": "1877.60000", "2017-06-30": "1871.60000", "2017-03-31": "1870.00000", "2016-12-31": "1852.40000", "2016-09-30": "1853.20000", "2016-06-30": "1845.20000", "2016-03-31": "1842.00000", "2015-12-31": "1802.00000", "2015-09-30": "1816.40000", "2015-06-30": "1782.00000", "2015-03-31": "1769.20000", "2014-12-31": "1737.60000", "2014-09-30": "1738.00000", "2014-06-30": "1736.40000", "2014-03-31": "1734.00000", "2013-12-31": "1696.80000", "2013-09-30": "1695.20000", "2013-06-30": "1687.20000", "2013-03-31": "1684.00000", "2012-12-31": "1666.80000", "2012-09-30": "1677.20000", "2012-06-30": "1660.00000", "2012-03-31": "1649.20000", "2011-12-31": "1666.40000", "2011-09-30": "1669.60000", "2011-06-30": "1667.60000", "2011-03-31": "1663.20000", "2010-12-31": "1641.20000", "2010-09-30": "1643.60000", "2010-06-30": "1635.60000", "2010-03-31": "1630.00000", "2009-12-31": "1617.60000", "2009-09-30": "1620.40000", "2009-06-30": "1614.80000", "2009-03-31": "1609.20000", "2008-12-31": "1600.40000", "2008-09-30": "1601.60000", "2008-06-30": "1599.20000", "2008-03-31": "1596.40000", "2007-12-31": "1590.80000", "2007-09-30": "1592.40000", "2007-06-30": "1590.40000", "2007-03-31": "1587.20000", "2006-12-31": "1574.00000", "2006-09-30": "1579.60000", "2006-06-30": "1577.20000", "2006-03-31": "1556.80000", "2005-12-31": "1520.40000", "2005-09-30": "1535.20000", "2005-06-30": "1525.60000", "2005-03-31": "1482.80000"}, "Shares Outstanding": {"2020-12-31": "1972.00000", "2020-09-30": "1968.80000", "2020-06-30": "1967.20000", "2020-03-31": "1966.80000", "2019-12-31": "1942.00000", "2019-09-30": "1944.00000", "2019-06-30": "1931.20000", "2019-03-31": "1927.20000", "2018-12-31": "1908.00000", "2018-09-30": "1909.60000", "2018-06-30": "1900.80000", "2018-03-31": "1897.20000", "2017-12-31": "1890.00000", "2017-09-30": "1894.00000", "2017-06-30": "1886.80000", "2017-03-31": "1880.80000", "2016-12-31": "1863.20000", "2016-09-30": "1864.00000", "2016-06-30": "1858.40000", "2016-03-31": "1853.60000", "2015-12-31": "1816.00000", "2015-09-30": "1824.00000", "2015-06-30": "1796.80000", "2015-03-31": "1795.20000", "2014-12-31": "1760.40000", "2014-09-30": "1762.00000", "2014-06-30": "1760.40000", "2014-03-31": "1752.80000", "2013-12-31": "1708.00000", "2013-09-30": "1707.20000", "2013-06-30": "1699.20000", "2013-03-31": "1694.80000", "2012-12-31": "1676.80000", "2012-09-30": "1686.80000", "2012-06-30": "1668.80000", "2012-03-31": "1658.80000", "2011-12-31": "1676.00000", "2011-09-30": "1679.20000", "2011-06-30": "1677.20000", "2011-03-31": "1673.60000", "2010-12-31": "1652.00000", "2010-09-30": "1654.80000", "2010-06-30": "1645.60000", "2010-03-31": "1640.40000", "2009-12-31": "1628.80000", "2009-09-30": "1632.00000", "2009-06-30": "1625.60000", "2009-03-31": "1619.20000", "2008-12-31": "1610.80000", "2008-09-30": "1612.00000", "2008-06-30": "1610.40000", "2008-03-31": "1608.00000", "2007-12-31": "1602.40000", "2007-09-30": "1603.60000", "2007-06-30": "1601.60000", "2007-03-31": "1598.80000", "2006-12-31": "1586.00000", "2006-09-30": "1590.40000", "2006-06-30": "1586.80000", "2006-03-31": "1571.60000", "2005-12-31": "1542.80000", "2005-09-30": "1559.20000", "2005-06-30": "1545.20000", "2005-03-31": "1506.80000"}, "Basic EPS": {"2020-12-31": "", "2020-09-30": "0.62750", "2020-06-30": "0.65000", "2020-03-31": "0.21500", "2019-12-31": "0.50000", "2019-09-30": "0.45500", "2019-06-30": "0.64500", "2019-03-31": "0.35500", "2018-12-31": "0.21000", "2018-09-30": "0.53000", "2018-06-30": "0.41500", "2018-03-31": "2.35250", "2017-12-31": "1.15000", "2017-09-30": "0.45000", "2017-06-30": "0.42250", "2017-03-31": "0.84750", "2016-12-31": "0.51250", "2016-09-30": "0.40750", "2016-06-30": "0.29250", "2016-03-31": "0.35500", "2015-12-31": "0.27250", "2015-09-30": "0.48500", "2015-06-30": "0.40250", "2015-03-31": "0.36750", "2014-12-31": "0.50750", "2014-09-30": "0.38000", "2014-06-30": "0.28250", "2014-03-31": "0.24750", "2013-12-31": "0.18750", "2013-09-30": "0.41250", "2013-06-30": "0.36250", "2013-03-31": "0.16250", "2012-12-31": "0.25500", "2012-09-30": "0.24750", "2012-06-30": "0.36500", "2012-03-31": "0.28000", "2011-12-31": "0.40250", "2011-09-30": "0.24500", "2011-06-30": "0.34750", "2011-03-31": "0.16000", "2010-12-31": "0.16000", "2010-09-30": "0.43750", "2010-06-30": "0.25500", "2010-03-31": "0.34000", "2009-12-31": "0.21250", "2009-09-30": "0.33000", "2009-06-30": "0.23000", "2009-03-31": "0.22500", "2008-12-31": "0.25750", "2008-09-30": "0.48250", "2008-06-30": "0.13000", "2008-03-31": "0.15500", "2007-12-31": "0.14000", "2007-09-30": "0.33500", "2007-06-30": "0.25500", "2007-03-31": "0.09500", "2006-12-31": "0.17000", "2006-09-30": "0.33250", "2006-06-30": "0.15000", "2006-03-31": "0.16000", "2005-12-31": "0.14750", "2005-09-30": "0.22000", "2005-06-30": "0.13250", "2005-03-31": "0.09250"}, "EPS - Earnings Per Share": {"2020-12-31": "0.40000", "2020-09-30": "0.62500", "2020-06-30": "0.64750", "2020-03-31": "0.21500", "2019-12-31": "0.49500", "2019-09-30": "0.45250", "2019-06-30": "0.64000", "2019-03-31": "0.35250", "2018-12-31": "0.21250", "2018-09-30": "0.52500", "2018-06-30": "0.40250", "2018-03-31": "2.33000", "2017-12-31": "1.13750", "2017-09-30": "0.44750", "2017-06-30": "0.42000", "2017-03-31": "0.84250", "2016-12-31": "0.51250", "2016-09-30": "0.40500", "2016-06-30": "0.29000", "2016-03-31": "0.35250", "2015-12-31": "0.27250", "2015-09-30": "0.48250", "2015-06-30": "0.39750", "2015-03-31": "0.36250", "2014-12-31": "0.50000", "2014-09-30": "0.37500", "2014-06-30": "0.28000", "2014-03-31": "0.24500", "2013-12-31": "0.18750", "2013-09-30": "0.41000", "2013-06-30": "0.36000", "2013-03-31": "0.16000", "2012-12-31": "0.25500", "2012-09-30": "0.24500", "2012-06-30": "0.36250", "2012-03-31": "0.27750", "2011-12-31": "0.40000", "2011-09-30": "0.24250", "2011-06-30": "0.34500", "2011-03-31": "0.16000", "2010-12-31": "0.15750", "2010-09-30": "0.43500", "2010-06-30": "0.25250", "2010-03-31": "0.34000", "2009-12-31": "0.21250", "2009-09-30": "0.32750", "2009-06-30": "0.22750", "2009-03-31": "0.22500", "2008-12-31": "0.25250", "2008-09-30": "0.48000", "2008-06-30": "0.13000", "2008-03-31": "0.15500", "2007-12-31": "0.13750", "2007-09-30": "0.33250", "2007-06-30": "0.25250", "2007-03-31": "0.09500", "2006-12-31": "0.16750", "2006-09-30": "0.33000", "2006-06-30": "0.15000", "2006-03-31": "0.16000", "2005-12-31": "0.14750", "2005-09-30": "0.21750", "2005-06-30": "0.13000", "2005-03-31": "0.09000"}}, "balance sheet": {"Cash On Hand": {"2020-12-31": "1105.00000", "2019-12-31": "600.00000", "2018-12-31": "638.00000", "2017-12-31": "1714.00000", "2016-12-31": "1292.00000", "2015-12-31": "571.00000", "2014-12-31": "577.00000", "2013-12-31": "438.00000", "2012-12-31": "329.00000", "2011-12-31": "377.00000", "2010-12-31": "302.00000", "2009-12-31": "238.00000", "2008-12-31": "535.00000", "2007-12-31": "290.00000", "2006-12-31": "620.00000", "2005-12-31": "530.00000"}, "Receivables": {"2020-12-31": "2974.00000", "2019-12-31": "2807.00000", "2018-12-31": "2969.00000", "2017-12-31": "2737.00000", "2016-12-31": "2439.00000", "2015-12-31": "2265.00000", "2014-12-31": "2159.00000", "2013-12-31": "2289.00000", "2012-12-31": "2056.00000", "2011-12-31": "1802.00000", "2010-12-31": "2582.00000", "2009-12-31": "2247.00000", "2008-12-31": "1707.00000", "2007-12-31": "1721.00000", "2006-12-31": "1656.00000", "2005-12-31": "1430.00000"}, "Inventory": {"2020-12-31": "1552.00000", "2019-12-31": "1328.00000", "2018-12-31": "1223.00000", "2017-12-31": "1273.00000", "2016-12-31": "1289.00000", "2015-12-31": "1259.00000", "2014-12-31": "1292.00000", "2013-12-31": "1153.00000", "2012-12-31": "1073.00000", "2011-12-31": "1074.00000", "2010-12-31": "857.00000", "2009-12-31": "877.00000", "2008-12-31": "968.00000", "2007-12-31": "857.00000", "2006-12-31": "785.00000", "2005-12-31": "567.00000"}, "Pre-Paid Expenses": {"2020-12-31": "", "2019-12-31": "", "2018-12-31": "", "2017-12-31": "", "2016-12-31": "", "2015-12-31": "", "2014-12-31": "", "2013-12-31": "", "2012-12-31": "", "2011-12-31": "", "2010-12-31": "", "2009-12-31": "", "2008-12-31": "", "2007-12-31": "", "2006-12-31": "", "2005-12-31": ""}, "Other Current Assets": {"2020-12-31": "1751.00000", "2019-12-31": "2673.00000", "2018-12-31": "1563.00000", "2017-12-31": "1457.00000", "2016-12-31": "2389.00000", "2015-12-31": "2700.00000", "2014-12-31": "2177.00000", "2013-12-31": "1209.00000", "2012-12-31": "1382.00000", "2011-12-31": "1609.00000", "2010-12-31": "1517.00000", "2009-12-31": "975.00000", "2008-12-31": "2182.00000", "2007-12-31": "911.00000", "2006-12-31": "1769.00000", "2005-12-31": "2460.00000"}, "Total Current Assets": {"2020-12-31": "7382.00000", "2019-12-31": "7408.00000", "2018-12-31": "6393.00000", "2017-12-31": "7181.00000", "2016-12-31": "7409.00000", "2015-12-31": "6795.00000", "2014-12-31": "6944.00000", "2013-12-31": "5842.00000", "2012-12-31": "5237.00000", "2011-12-31": "4872.00000", "2010-12-31": "5258.00000", "2009-12-31": "4337.00000", "2008-12-31": "5392.00000", "2007-12-31": "3779.00000", "2006-12-31": "4830.00000", "2005-12-31": "4987.00000"}, "Property, Plant, And Equipment": {"2020-12-31": "91803.00000", "2019-12-31": "82010.00000", "2018-12-31": "70334.00000", "2017-12-31": "72289.00000", "2016-12-31": "66912.00000", "2015-12-31": "61386.00000", "2014-12-31": "55705.00000", "2013-12-31": "52720.00000", "2012-12-31": "49413.00000", "2011-12-31": "42490.00000", "2010-12-31": "39075.00000", "2009-12-31": "36078.00000", "2008-12-31": "32411.00000", "2007-12-31": "28652.00000", "2006-12-31": "24499.00000", "2005-12-31": "22421.00000"}, "Long-Term Investments": {"2020-12-31": "5728.00000", "2019-12-31": "7453.00000", "2018-12-31": "6748.00000", "2017-12-31": "2321.00000", "2016-12-31": "2482.00000", "2015-12-31": "1786.00000", "2014-12-31": "1399.00000", "2013-12-31": "1121.00000", "2012-12-31": "976.00000", "2011-12-31": "907.00000", "2010-12-31": "971.00000", "2009-12-31": "935.00000", "2008-12-31": "923.00000", "2007-12-31": "391.00000", "2006-12-31": "533.00000", "2005-12-31": "474.00000"}, "Goodwill And Intangible Assets": {"2020-12-31": "4254.00000", "2019-12-31": "4204.00000", "2018-12-31": "891.00000", "2017-12-31": "", "2016-12-31": "", "2015-12-31": "", "2014-12-31": "", "2013-12-31": "", "2012-12-31": "", "2011-12-31": "", "2010-12-31": "", "2009-12-31": "", "2008-12-31": "", "2007-12-31": "", "2006-12-31": "", "2005-12-31": ""}, "Other Long-Term Assets": {"2020-12-31": "13098.00000", "2019-12-31": "11892.00000", "2018-12-31": "14762.00000", "2017-12-31": "12276.00000", "2016-12-31": "10119.00000", "2015-12-31": "8377.00000", "2014-12-31": "7353.00000", "2013-12-31": "7369.00000", "2012-12-31": "5819.00000", "2011-12-31": "6760.00000", "2010-12-31": "4932.00000", "2009-12-31": "5015.00000", "2008-12-31": "4135.00000", "2007-12-31": "4382.00000", "2006-12-31": "3471.00000", "2005-12-31": "515.00000"}, "Total Long-Term Assets": {"2020-12-31": "120302.00000", "2019-12-31": "110283.00000", "2018-12-31": "97309.00000", "2017-12-31": "90782.00000", "2016-12-31": "82584.00000", "2015-12-31": "75684.00000", "2014-12-31": "67661.00000", "2013-12-31": "63464.00000", "2012-12-31": "59202.00000", "2011-12-31": "52316.00000", "2010-12-31": "47736.00000", "2009-12-31": "44121.00000", "2008-12-31": "39429.00000", "2007-12-31": "36344.00000", "2006-12-31": "30992.00000", "2005-12-31": "28003.00000"}, "Total Assets": {"2020-12-31": "127684.00000", "2019-12-31": "117691.00000", "2018-12-31": "103702.00000", "2017-12-31": "97963.00000", "2016-12-31": "89993.00000", "2015-12-31": "82479.00000", "2014-12-31": "74605.00000", "2013-12-31": "69306.00000", "2012-12-31": "64439.00000", "2011-12-31": "57188.00000", "2010-12-31": "52994.00000", "2009-12-31": "48458.00000", "2008-12-31": "44821.00000", "2007-12-31": "40123.00000", "2006-12-31": "35822.00000", "2005-12-31": "32990.00000"}, "Total Current Liabilities": {"2020-12-31": "15558.00000", "2019-12-31": "13853.00000", "2018-12-31": "17563.00000", "2017-12-31": "11243.00000", "2016-12-31": "10919.00000", "2015-12-31": "10107.00000", "2014-12-31": "9663.00000", "2013-12-31": "9189.00000", "2012-12-31": "8879.00000", "2011-12-31": "6719.00000", "2010-12-31": "6904.00000", "2009-12-31": "6449.00000", "2008-12-31": "7689.00000", "2007-12-31": "5758.00000", "2006-12-31": "6326.00000", "2005-12-31": "7267.00000"}, "Long Term Debt": {"2020-12-31": "41944.00000", "2019-12-31": "37543.00000", "2018-12-31": "26782.00000", "2017-12-31": "31410.00000", "2016-12-31": "27818.00000", "2015-12-31": "26681.00000", "2014-12-31": "24044.00000", "2013-12-31": "23969.00000", "2012-12-31": "23177.00000", "2011-12-31": "20810.00000", "2010-12-31": "18013.00000", "2009-12-31": "16300.00000", "2008-12-31": "13833.00000", "2007-12-31": "11280.00000", "2006-12-31": "9591.00000", "2005-12-31": "8039.00000"}, "Other Non-Current Liabilities": {"2020-12-31": "17233.00000", "2019-12-31": "16087.00000", "2018-12-31": "14109.00000", "2017-12-31": "20015.00000", "2016-12-31": "14824.00000", "2015-12-31": "12752.00000", "2014-12-31": "11469.00000", "2013-12-31": "9964.00000", "2012-12-31": "9612.00000", "2011-12-31": "9035.00000", "2010-12-31": "8507.00000", "2009-12-31": "7882.00000", "2008-12-31": "7387.00000", "2007-12-31": "8529.00000", "2006-12-31": "6543.00000", "2005-12-31": "6071.00000"}, "Total Long Term Liabilities": {"2020-12-31": "67197.00000", "2019-12-31": "62478.00000", "2018-12-31": "48726.00000", "2017-12-31": "57189.00000", "2016-12-31": "53743.00000", "2015-12-31": "49260.00000", "2014-12-31": "44774.00000", "2013-12-31": "42077.00000", "2012-12-31": "39492.00000", "2011-12-31": "35526.00000", "2010-12-31": "31629.00000", "2009-12-31": "29042.00000", "2008-12-31": "25451.00000", "2007-12-31": "23630.00000", "2006-12-31": "19566.00000", "2005-12-31": "17162.00000"}, "Total Liabilities": {"2020-12-31": "82755.00000", "2019-12-31": "76331.00000", "2018-12-31": "66289.00000", "2017-12-31": "68432.00000", "2016-12-31": "64662.00000", "2015-12-31": "59367.00000", "2014-12-31": "54437.00000", "2013-12-31": "51266.00000", "2012-12-31": "48371.00000", "2011-12-31": "42245.00000", "2010-12-31": "38533.00000", "2009-12-31": "35491.00000", "2008-12-31": "33140.00000", "2007-12-31": "29388.00000", "2006-12-31": "25892.00000", "2005-12-31": "24429.00000"}, "Common Stock Net": {"2020-12-31": "20.00000", "2019-12-31": "5.00000", "2018-12-31": "5.00000", "2017-12-31": "5.00000", "2016-12-31": "5.00000", "2015-12-31": "5.00000", "2014-12-31": "4.00000", "2013-12-31": "4.00000", "2012-12-31": "4.00000", "2011-12-31": "4.00000", "2010-12-31": "4.00000", "2009-12-31": "4.00000", "2008-12-31": "4.00000", "2007-12-31": "4.00000", "2006-12-31": "4.00000", "2005-12-31": "4.00000"}, "Retained Earnings (Accumulated Deficit)": {"2020-12-31": "25363.00000", "2019-12-31": "25199.00000", "2018-12-31": "23837.00000", "2017-12-31": "19020.00000", "2016-12-31": "15458.00000", "2015-12-31": "14140.00000", "2014-12-31": "12773.00000", "2013-12-31": "11569.00000", "2012-12-31": "10783.00000", "2011-12-31": "9876.00000", "2010-12-31": "8873.00000", "2009-12-31": "7739.00000", "2008-12-31": "6885.00000", "2007-12-31": "5945.00000", "2006-12-31": "5256.00000", "2005-12-31": "4568.00000"}, "Comprehensive Income": {"2020-12-31": "-92.00000", "2019-12-31": "-169.00000", "2018-12-31": "-188.00000", "2017-12-31": "111.00000", "2016-12-31": "-70.00000", "2015-12-31": "-167.00000", "2014-12-31": "-40.00000", "2013-12-31": "56.00000", "2012-12-31": "-255.00000", "2011-12-31": "-154.00000", "2010-12-31": "166.00000", "2009-12-31": "169.00000", "2008-12-31": "-13.00000", "2007-12-31": "116.00000", "2006-12-31": "115.00000", "2005-12-31": "-193.00000"}, "Other Share Holders Equity": {"2020-12-31": "", "2019-12-31": "", "2018-12-31": "", "2017-12-31": "", "2016-12-31": "", "2015-12-31": "", "2014-12-31": "", "2013-12-31": "", "2012-12-31": "", "2011-12-31": "", "2010-12-31": "", "2009-12-31": "", "2008-12-31": "", "2007-12-31": "", "2006-12-31": "", "2005-12-31": ""}, "Share Holder Equity": {"2020-12-31": "44929.00000", "2019-12-31": "41360.00000", "2018-12-31": "37413.00000", "2017-12-31": "29531.00000", "2016-12-31": "25331.00000", "2015-12-31": "23112.00000", "2014-12-31": "20168.00000", "2013-12-31": "18040.00000", "2012-12-31": "16068.00000", "2011-12-31": "14943.00000", "2010-12-31": "14461.00000", "2009-12-31": "12967.00000", "2008-12-31": "11681.00000", "2007-12-31": "10735.00000", "2006-12-31": "9930.00000", "2005-12-31": "8561.00000"}, "Total Liabilities And Share Holders Equity": {"2020-12-31": "127684.00000", "2019-12-31": "117691.00000", "2018-12-31": "103702.00000", "2017-12-31": "97963.00000", "2016-12-31": "89993.00000", "2015-12-31": "82479.00000", "2014-12-31": "74605.00000", "2013-12-31": "69306.00000", "2012-12-31": "64439.00000", "2011-12-31": "57188.00000", "2010-12-31": "52994.00000", "2009-12-31": "48458.00000", "2008-12-31": "44821.00000", "2007-12-31": "40123.00000", "2006-12-31": "35822.00000", "2005-12-31": "32990.00000"}}, "balance sheet, quarterly": {"Cash On Hand": {"2020-12-31": "1105.00000", "2020-09-30": "1961.00000", "2020-06-30": "1009.00000", "2020-03-31": "3335.00000", "2019-12-31": "600.00000", "2019-09-30": "1131.00000", "2019-06-30": "1019.00000", "2019-03-31": "972.00000", "2018-12-31": "638.00000", "2018-09-30": "497.00000", "2018-06-30": "478.00000", "2018-03-31": "550.00000", "2017-12-31": "1714.00000", "2017-09-30": "1381.00000", "2017-06-30": "642.00000", "2017-03-31": "600.00000", "2016-12-31": "1292.00000", "2016-09-30": "681.00000", "2016-06-30": "730.00000", "2016-03-31": "628.00000", "2015-12-31": "571.00000", "2015-09-30": "1181.00000", "2015-06-30": "551.00000", "2015-03-31": "469.00000", "2014-12-31": "577.00000", "2014-09-30": "485.00000", "2014-06-30": "622.00000", "2014-03-31": "488.00000", "2013-12-31": "438.00000", "2013-09-30": "558.00000", "2013-06-30": "411.00000", "2013-03-31": "215.00000", "2012-12-31": "329.00000", "2012-09-30": "246.00000", "2012-06-30": "295.00000", "2012-03-31": "275.00000", "2011-12-31": "377.00000", "2011-09-30": "640.00000", "2011-06-30": "287.00000", "2011-03-31": "425.00000", "2010-12-31": "302.00000", "2010-09-30": "791.00000", "2010-06-30": "829.00000", "2010-03-31": "1215.00000", "2009-12-31": "238.00000", "2009-09-30": "164.00000", "2009-06-30": "276.00000", "2009-03-31": "276.00000", "2008-12-31": "535.00000", "2008-09-30": "1592.00000", "2008-06-30": "424.00000", "2008-03-31": "603.00000", "2007-12-31": "290.00000", "2007-09-30": "350.00000", "2007-06-30": "723.00000", "2007-03-31": "226.00000", "2006-12-31": "620.00000", "2006-09-30": "159.00000", "2006-06-30": "134.00000", "2006-03-31": "148.00000", "2005-12-31": "530.00000", "2005-09-30": "1102.00000", "2005-06-30": "154.00000", "2005-03-31": "241.00000"}, "Receivables": {"2020-12-31": "2974.00000", "2020-09-30": "3277.00000", "2020-06-30": "2867.00000", "2020-03-31": "2621.00000", "2019-12-31": "2807.00000", "2019-09-30": "3330.00000", "2019-06-30": "3121.00000", "2019-03-31": "2974.00000", "2018-12-31": "2969.00000", "2018-09-30": "3119.00000", "2018-06-30": "2891.00000", "2018-03-31": "2389.00000", "2017-12-31": "2737.00000", "2017-09-30": "2750.00000", "2017-06-30": "2480.00000", "2017-03-31": "2160.00000", "2016-12-31": "2439.00000", "2016-09-30": "2859.00000", "2016-06-30": "2673.00000", "2016-03-31": "2267.00000", "2015-12-31": "2265.00000", "2015-09-30": "2310.00000", "2015-06-30": "2139.00000", "2015-03-31": "2027.00000", "2014-12-31": "2159.00000", "2014-09-30": "2411.00000", "2014-06-30": "2292.00000", "2014-03-31": "2551.00000", "2013-12-31": "2289.00000", "2013-09-30": "2241.00000", "2013-06-30": "2120.00000", "2013-03-31": "1759.00000", "2012-12-31": "2056.00000", "2012-09-30": "2122.00000", "2012-06-30": "2008.00000", "2012-03-31": "1837.00000", "2011-12-31": "1802.00000", "2011-09-30": "2237.00000", "2011-06-30": "2133.00000", "2011-03-31": "2002.00000", "2010-12-31": "2582.00000", "2010-09-30": "2120.00000", "2010-06-30": "2025.00000", "2010-03-31": "1946.00000", "2009-12-31": "2247.00000", "2009-09-30": "1898.00000", "2009-06-30": "1697.00000", "2009-03-31": "1608.00000", "2008-12-31": "1707.00000", "2008-09-30": "2068.00000", "2008-06-30": "2028.00000", "2008-03-31": "1710.00000", "2007-12-31": "1721.00000", "2007-09-30": "1861.00000", "2007-06-30": "1879.00000", "2007-03-31": "1935.00000", "2006-12-31": "1656.00000", "2006-09-30": "1862.00000", "2006-06-30": "1844.00000", "2006-03-31": "1529.00000", "2005-12-31": "1430.00000", "2005-09-30": "1826.00000", "2005-06-30": "1655.00000", "2005-03-31": "1277.00000"}, "Inventory": {"2020-12-31": "1552.00000", "2020-09-30": "1414.00000", "2020-06-30": "1367.00000", "2020-03-31": "1371.00000", "2019-12-31": "1328.00000", "2019-09-30": "1451.00000", "2019-06-30": "1427.00000", "2019-03-31": "1410.00000", "2018-12-31": "1223.00000", "2018-09-30": "1083.00000", "2018-06-30": "1159.00000", "2018-03-31": "1205.00000", "2017-12-31": "1273.00000", "2017-09-30": "1352.00000", "2017-06-30": "1313.00000", "2017-03-31": "1303.00000", "2016-12-31": "1289.00000", "2016-09-30": "1309.00000", "2016-06-30": "1254.00000", "2016-03-31": "1287.00000", "2015-12-31": "1259.00000", "2015-09-30": "1344.00000", "2015-06-30": "1278.00000", "2015-03-31": "1249.00000", "2014-12-31": "1292.00000", "2014-09-30": "1269.00000", "2014-06-30": "1178.00000", "2014-03-31": "1148.00000", "2013-12-31": "1153.00000", "2013-09-30": "1142.00000", "2013-06-30": "1120.00000", "2013-03-31": "1098.00000", "2012-12-31": "1073.00000", "2012-09-30": "1055.00000", "2012-06-30": "1082.00000", "2012-03-31": "1092.00000", "2011-12-31": "1074.00000", "2011-09-30": "1045.00000", "2011-06-30": "1072.00000", "2011-03-31": "875.00000", "2010-12-31": "857.00000", "2010-09-30": "895.00000", "2010-06-30": "826.00000", "2010-03-31": "852.00000", "2009-12-31": "877.00000", "2009-09-30": "884.00000", "2009-06-30": "906.00000", "2009-03-31": "871.00000", "2008-12-31": "968.00000", "2008-09-30": "1019.00000", "2008-06-30": "1096.00000", "2008-03-31": "836.00000", "2007-12-31": "857.00000", "2007-09-30": "868.00000", "2007-06-30": "814.00000", "2007-03-31": "719.00000", "2006-12-31": "785.00000", "2006-09-30": "772.00000", "2006-06-30": "777.00000", "2006-03-31": "747.00000", "2005-12-31": "567.00000", "2005-09-30": "467.00000", "2005-06-30": "475.00000", "2005-03-31": "442.00000"}, "Pre-Paid Expenses": {"2020-12-31": "", "2020-09-30": "", "2020-06-30": "", "2020-03-31": "", "2019-12-31": "", "2019-09-30": "", "2019-06-30": "", "2019-03-31": "", "2018-12-31": "", "2018-09-30": "", "2018-06-30": "", "2018-03-31": "", "2017-12-31": "", "2017-09-30": "", "2017-06-30": "", "2017-03-31": "", "2016-12-31": "", "2016-09-30": "", "2016-06-30": "", "2016-03-31": "", "2015-12-31": "", "2015-09-30": "", "2015-06-30": "", "2015-03-31": "", "2014-12-31": "", "2014-09-30": "", "2014-06-30": "", "2014-03-31": "", "2013-12-31": "", "2013-09-30": "", "2013-06-30": "", "2013-03-31": "", "2012-12-31": "", "2012-09-30": "", "2012-06-30": "", "2012-03-31": "", "2011-12-31": "", "2011-09-30": "", "2011-06-30": "", "2011-03-31": "", "2010-12-31": "", "2010-09-30": "", "2010-06-30": "", "2010-03-31": "", "2009-12-31": "", "2009-09-30": "", "2009-06-30": "", "2009-03-31": "", "2008-12-31": "", "2008-09-30": "", "2008-06-30": "", "2008-03-31": "", "2007-12-31": "", "2007-09-30": "", "2007-06-30": "", "2007-03-31": "", "2006-12-31": "", "2006-09-30": "", "2006-06-30": "", "2006-03-31": "", "2005-12-31": "", "2005-09-30": "", "2005-06-30": "", "2005-03-31": ""}, "Other Current Assets": {"2020-12-31": "1751.00000", "2020-09-30": "2374.00000", "2020-06-30": "2338.00000", "2020-03-31": "2398.00000", "2019-12-31": "2673.00000", "2019-09-30": "1767.00000", "2019-06-30": "1904.00000", "2019-03-31": "2866.00000", "2018-12-31": "1563.00000", "2018-09-30": "3650.00000", "2018-06-30": "1357.00000", "2018-03-31": "1468.00000", "2017-12-31": "1457.00000", "2017-09-30": "1544.00000", "2017-06-30": "1512.00000", "2017-03-31": "1764.00000", "2016-12-31": "2389.00000", "2016-09-30": "1898.00000", "2016-06-30": "1855.00000", "2016-03-31": "2914.00000", "2015-12-31": "2700.00000", "2015-09-30": "1812.00000", "2015-06-30": "1974.00000", "2015-03-31": "1944.00000", "2014-12-31": "2177.00000", "2014-09-30": "1437.00000", "2014-06-30": "1612.00000", "2014-03-31": "1200.00000", "2013-12-31": "1209.00000", "2013-09-30": "1523.00000", "2013-06-30": "1073.00000", "2013-03-31": "963.00000", "2012-12-31": "1382.00000", "2012-09-30": "1014.00000", "2012-06-30": "1469.00000", "2012-03-31": "1890.00000", "2011-12-31": "1609.00000", "2011-09-30": "2330.00000", "2011-06-30": "1321.00000", "2011-03-31": "1217.00000", "2010-12-31": "1517.00000", "2010-09-30": "1970.00000", "2010-06-30": "1619.00000", "2010-03-31": "1544.00000", "2009-12-31": "975.00000", "2009-09-30": "1230.00000", "2009-06-30": "1990.00000", "2009-03-31": "2399.00000", "2008-12-31": "2182.00000", "2008-09-30": "1056.00000", "2008-06-30": "1940.00000", "2008-03-31": "1130.00000", "2007-12-31": "911.00000", "2007-09-30": "1305.00000", "2007-06-30": "1285.00000", "2007-03-31": "1061.00000", "2006-12-31": "1769.00000", "2006-09-30": "2041.00000", "2006-06-30": "1612.00000", "2006-03-31": "1598.00000", "2005-12-31": "2460.00000", "2005-09-30": "2636.00000", "2005-06-30": "1106.00000", "2005-03-31": "1199.00000"}, "Total Current Assets": {"2020-12-31": "7382.00000", "2020-09-30": "9026.00000", "2020-06-30": "7581.00000", "2020-03-31": "9725.00000", "2019-12-31": "7408.00000", "2019-09-30": "7679.00000", "2019-06-30": "7471.00000", "2019-03-31": "8222.00000", "2018-12-31": "6393.00000", "2018-09-30": "8349.00000", "2018-06-30": "5885.00000", "2018-03-31": "5612.00000", "2017-12-31": "7181.00000", "2017-09-30": "7027.00000", "2017-06-30": "5947.00000", "2017-03-31": "5827.00000", "2016-12-31": "7409.00000", "2016-09-30": "6747.00000", "2016-06-30": "6512.00000", "2016-03-31": "7096.00000", "2015-12-31": "6795.00000", "2015-09-30": "6657.00000", "2015-06-30": "6346.00000", "2015-03-31": "6297.00000", "2014-12-31": "6944.00000", "2014-09-30": "5633.00000", "2014-06-30": "6099.00000", "2014-03-31": "6141.00000", "2013-12-31": "5842.00000", "2013-09-30": "5472.00000", "2013-06-30": "4735.00000", "2013-03-31": "4045.00000", "2012-12-31": "5237.00000", "2012-09-30": "4437.00000", "2012-06-30": "4854.00000", "2012-03-31": "5094.00000", "2011-12-31": "4872.00000", "2011-09-30": "6252.00000", "2011-06-30": "4813.00000", "2011-03-31": "4519.00000", "2010-12-31": "5258.00000", "2010-09-30": "5776.00000", "2010-06-30": "5299.00000", "2010-03-31": "5557.00000", "2009-12-31": "4337.00000", "2009-09-30": "4176.00000", "2009-06-30": "4869.00000", "2009-03-31": "5154.00000", "2008-12-31": "5392.00000", "2008-09-30": "6308.00000", "2008-06-30": "5488.00000", "2008-03-31": "4279.00000", "2007-12-31": "3779.00000", "2007-09-30": "4384.00000", "2007-06-30": "4701.00000", "2007-03-31": "3941.00000", "2006-12-31": "4830.00000", "2006-09-30": "4834.00000", "2006-06-30": "4367.00000", "2006-03-31": "4022.00000", "2005-12-31": "4987.00000", "2005-09-30": "6031.00000", "2005-06-30": "3390.00000", "2005-03-31": "3159.00000"}, "Property, Plant, And Equipment": {"2020-12-31": "91803.00000", "2020-09-30": "88855.00000", "2020-06-30": "86326.00000", "2020-03-31": "83873.00000", "2019-12-31": "82010.00000", "2019-09-30": "78995.00000", "2019-06-30": "76136.00000", "2019-03-31": "74794.00000", "2018-12-31": "70334.00000", "2018-09-30": "68572.00000", "2018-06-30": "68659.00000", "2018-03-31": "67196.00000", "2017-12-31": "72289.00000", "2017-09-30": "71088.00000", "2017-06-30": "69656.00000", "2017-03-31": "68400.00000", "2016-12-31": "66912.00000", "2016-09-30": "65617.00000", "2016-06-30": "64157.00000", "2016-03-31": "62894.00000", "2015-12-31": "61386.00000", "2015-09-30": "59835.00000", "2015-06-30": "58310.00000", "2015-03-31": "56233.00000", "2014-12-31": "55705.00000", "2014-09-30": "55067.00000", "2014-06-30": "54031.00000", "2014-03-31": "53306.00000", "2013-12-31": "52720.00000", "2013-09-30": "51399.00000", "2013-06-30": "50460.00000", "2013-03-31": "49824.00000", "2012-12-31": "49413.00000", "2012-09-30": "47693.00000", "2012-06-30": "45495.00000", "2012-03-31": "43968.00000", "2011-12-31": "42490.00000", "2011-09-30": "41117.00000", "2011-06-30": "40854.00000", "2011-03-31": "39937.00000", "2010-12-31": "39075.00000", "2010-09-30": "38301.00000", "2010-06-30": "37578.00000", "2010-03-31": "36854.00000", "2009-12-31": "36078.00000", "2009-09-30": "35216.00000", "2009-06-30": "34197.00000", "2009-03-31": "33053.00000", "2008-12-31": "32411.00000", "2008-09-30": "31345.00000", "2008-06-30": "30499.00000", "2008-03-31": "29451.00000", "2007-12-31": "28652.00000", "2007-09-30": "27714.00000", "2007-06-30": "25825.00000", "2007-03-31": "25171.00000", "2006-12-31": "24499.00000", "2006-09-30": "24249.00000", "2006-06-30": "23878.00000", "2006-03-31": "23285.00000", "2005-12-31": "22421.00000", "2005-09-30": "22142.00000", "2005-06-30": "21804.00000", "2005-03-31": "21471.00000"}, "Long-Term Investments": {"2020-12-31": "5728.00000", "2020-09-30": "7144.00000", "2020-06-30": "6957.00000", "2020-03-31": "6862.00000", "2019-12-31": "7453.00000", "2019-09-30": "7180.00000", "2019-06-30": "7202.00000", "2019-03-31": "6735.00000", "2018-12-31": "6748.00000", "2018-09-30": "6493.00000", "2018-06-30": "6217.00000", "2018-03-31": "6774.00000", "2017-12-31": "2321.00000", "2017-09-30": "2983.00000", "2017-06-30": "2950.00000", "2017-03-31": "2759.00000", "2016-12-31": "2482.00000", "2016-09-30": "2380.00000", "2016-06-30": "2114.00000", "2016-03-31": "1892.00000", "2015-12-31": "1786.00000", "2015-09-30": "1781.00000", "2015-06-30": "1613.00000", "2015-03-31": "1527.00000", "2014-12-31": "1399.00000", "2014-09-30": "1384.00000", "2014-06-30": "1262.00000", "2014-03-31": "1148.00000", "2013-12-31": "1121.00000", "2013-09-30": "1085.00000", "2013-06-30": "1045.00000", "2013-03-31": "981.00000", "2012-12-31": "976.00000", "2012-09-30": "971.00000", "2012-06-30": "957.00000", "2012-03-31": "937.00000", "2011-12-31": "907.00000", "2011-09-30": "931.00000", "2011-06-30": "954.00000", "2011-03-31": "931.00000", "2010-12-31": "971.00000", "2010-09-30": "1028.00000", "2010-06-30": "943.00000", "2010-03-31": "970.00000", "2009-12-31": "935.00000", "2009-09-30": "979.00000", "2009-06-30": "946.00000", "2009-03-31": "939.00000", "2008-12-31": "923.00000", "2008-09-30": "500.00000", "2008-06-30": "442.00000", "2008-03-31": "415.00000", "2007-12-31": "391.00000", "2007-09-30": "466.00000", "2007-06-30": "430.00000", "2007-03-31": "455.00000", "2006-12-31": "533.00000", "2006-09-30": "486.00000", "2006-06-30": "437.00000", "2006-03-31": "446.00000", "2005-12-31": "474.00000", "2005-09-30": "614.00000", "2005-06-30": "684.00000", "2005-03-31": "867.00000"}, "Goodwill And Intangible Assets": {"2020-12-31": "4254.00000", "2020-09-30": "4214.00000", "2020-06-30": "4213.00000", "2020-03-31": "4201.00000", "2019-12-31": "4204.00000", "2019-09-30": "4129.00000", "2019-06-30": "3496.00000", "2019-03-31": "3488.00000", "2018-12-31": "891.00000", "2018-09-30": "", "2018-06-30": "", "2018-03-31": "", "2017-12-31": "", "2017-09-30": "", "2017-06-30": "", "2017-03-31": "", "2016-12-31": "", "2016-09-30": "", "2016-06-30": "", "2016-03-31": "", "2015-12-31": "", "2015-09-30": "", "2015-06-30": "", "2015-03-31": "", "2014-12-31": "", "2014-09-30": "", "2014-06-30": "", "2014-03-31": "", "2013-12-31": "", "2013-09-30": "", "2013-06-30": "", "2013-03-31": "", "2012-12-31": "", "2012-09-30": "", "2012-06-30": "", "2012-03-31": "", "2011-12-31": "", "2011-09-30": "", "2011-06-30": "", "2011-03-31": "", "2010-12-31": "", "2010-09-30": "", "2010-06-30": "", "2010-03-31": "", "2009-12-31": "", "2009-09-30": "", "2009-06-30": "", "2009-03-31": "", "2008-12-31": "", "2008-09-30": "", "2008-06-30": "", "2008-03-31": "", "2007-12-31": "", "2007-09-30": "", "2007-06-30": "", "2007-03-31": "", "2006-12-31": "", "2006-09-30": "", "2006-06-30": "", "2006-03-31": "", "2005-12-31": "", "2005-09-30": "", "2005-06-30": "", "2005-03-31": ""}, "Other Long-Term Assets": {"2020-12-31": "13098.00000", "2020-09-30": "12320.00000", "2020-06-30": "12131.00000", "2020-03-31": "11259.00000", "2019-12-31": "11892.00000", "2019-09-30": "11502.00000", "2019-06-30": "11360.00000", "2019-03-31": "10735.00000", "2018-12-31": "14762.00000", "2018-09-30": "11284.00000", "2018-06-30": "10736.00000", "2018-03-31": "10646.00000", "2017-12-31": "12276.00000", "2017-09-30": "11176.00000", "2017-06-30": "10924.00000", "2017-03-31": "10719.00000", "2016-12-31": "10119.00000", "2016-09-30": "10123.00000", "2016-06-30": "8359.00000", "2016-03-31": "9842.00000", "2015-12-31": "8377.00000", "2015-09-30": "8661.00000", "2015-06-30": "8756.00000", "2015-03-31": "7469.00000", "2014-12-31": "7353.00000", "2014-09-30": "6968.00000", "2014-06-30": "6953.00000", "2014-03-31": "6478.00000", "2013-12-31": "7369.00000", "2013-09-30": "7087.00000", "2013-06-30": "6780.00000", "2013-03-31": "5967.00000", "2012-12-31": "5819.00000", "2012-09-30": "5925.00000", "2012-06-30": "7019.00000", "2012-03-31": "7038.00000", "2011-12-31": "6760.00000", "2011-09-30": "6030.00000", "2011-06-30": "5229.00000", "2011-03-31": "5618.00000", "2010-12-31": "4932.00000", "2010-09-30": "5447.00000", "2010-06-30": "5022.00000", "2010-03-31": "5381.00000", "2009-12-31": "5015.00000", "2009-09-30": "4831.00000", "2009-06-30": "4468.00000", "2009-03-31": "4246.00000", "2008-12-31": "4135.00000", "2008-09-30": "4254.00000", "2008-06-30": "4488.00000", "2008-03-31": "4351.00000", "2007-12-31": "4382.00000", "2007-09-30": "4302.00000", "2007-06-30": "3780.00000", "2007-03-31": "617.00000", "2006-12-31": "3471.00000", "2006-09-30": "1547.00000", "2006-06-30": "1382.00000", "2006-03-31": "1369.00000", "2005-12-31": "515.00000", "2005-09-30": "1591.00000", "2005-06-30": "3676.00000", "2005-03-31": "3386.00000"}, "Total Long-Term Assets": {"2020-12-31": "120302.00000", "2020-09-30": "117356.00000", "2020-06-30": "114380.00000", "2020-03-31": "110912.00000", "2019-12-31": "110283.00000", "2019-09-30": "106543.00000", "2019-06-30": "103081.00000", "2019-03-31": "100807.00000", "2018-12-31": "97309.00000", "2018-09-30": "90254.00000", "2018-06-30": "89605.00000", "2018-03-31": "88672.00000", "2017-12-31": "90782.00000", "2017-09-30": "89754.00000", "2017-06-30": "86943.00000", "2017-03-31": "85378.00000", "2016-12-31": "82584.00000", "2016-09-30": "81117.00000", "2016-06-30": "78908.00000", "2016-03-31": "77541.00000", "2015-12-31": "75684.00000", "2015-09-30": "73306.00000", "2015-06-30": "70855.00000", "2015-03-31": "68632.00000", "2014-12-31": "67661.00000", "2014-09-30": "66560.00000", "2014-06-30": "65491.00000", "2014-03-31": "64190.00000", "2013-12-31": "63464.00000", "2013-09-30": "61694.00000", "2013-06-30": "60482.00000", "2013-03-31": "59798.00000", "2012-12-31": "59202.00000", "2012-09-30": "57612.00000", "2012-06-30": "55536.00000", "2012-03-31": "54113.00000", "2011-12-31": "52316.00000", "2011-09-30": "50333.00000", "2011-06-30": "49744.00000", "2011-03-31": "48738.00000", "2010-12-31": "47736.00000", "2010-09-30": "46958.00000", "2010-06-30": "45910.00000", "2010-03-31": "45385.00000", "2009-12-31": "44121.00000", "2009-09-30": "42979.00000", "2009-06-30": "41535.00000", "2009-03-31": "40150.00000", "2008-12-31": "39429.00000", "2008-09-30": "39170.00000", "2008-06-30": "38265.00000", "2008-03-31": "37051.00000", "2007-12-31": "36344.00000", "2007-09-30": "35187.00000", "2007-06-30": "32642.00000", "2007-03-31": "31594.00000", "2006-12-31": "30992.00000", "2006-09-30": "30035.00000", "2006-06-30": "29397.00000", "2006-03-31": "28814.00000", "2005-12-31": "28003.00000", "2005-09-30": "27613.00000", "2005-06-30": "26581.00000", "2005-03-31": "26184.00000"}, "Total Assets": {"2020-12-31": "127684.00000", "2020-09-30": "126382.00000", "2020-06-30": "121961.00000", "2020-03-31": "120637.00000", "2019-12-31": "117691.00000", "2019-09-30": "114222.00000", "2019-06-30": "110552.00000", "2019-03-31": "109029.00000", "2018-12-31": "103702.00000", "2018-09-30": "98603.00000", "2018-06-30": "95490.00000", "2018-03-31": "94284.00000", "2017-12-31": "97963.00000", "2017-09-30": "96781.00000", "2017-06-30": "92890.00000", "2017-03-31": "91205.00000", "2016-12-31": "89993.00000", "2016-09-30": "87864.00000", "2016-06-30": "85420.00000", "2016-03-31": "84637.00000", "2015-12-31": "82479.00000", "2015-09-30": "79963.00000", "2015-06-30": "77201.00000", "2015-03-31": "74929.00000", "2014-12-31": "74605.00000", "2014-09-30": "72193.00000", "2014-06-30": "71590.00000", "2014-03-31": "70331.00000", "2013-12-31": "69306.00000", "2013-09-30": "67166.00000", "2013-06-30": "65217.00000", "2013-03-31": "63843.00000", "2012-12-31": "64439.00000", "2012-09-30": "62049.00000", "2012-06-30": "60390.00000", "2012-03-31": "59207.00000", "2011-12-31": "57188.00000", "2011-09-30": "56585.00000", "2011-06-30": "54557.00000", "2011-03-31": "53257.00000", "2010-12-31": "52994.00000", "2010-09-30": "52734.00000", "2010-06-30": "51209.00000", "2010-03-31": "50942.00000", "2009-12-31": "48458.00000", "2009-09-30": "47155.00000", "2009-06-30": "46404.00000", "2009-03-31": "45304.00000", "2008-12-31": "44821.00000", "2008-09-30": "45478.00000", "2008-06-30": "43753.00000", "2008-03-31": "41330.00000", "2007-12-31": "40123.00000", "2007-09-30": "39571.00000", "2007-06-30": "37343.00000", "2007-03-31": "35535.00000", "2006-12-31": "35822.00000", "2006-09-30": "34869.00000", "2006-06-30": "33764.00000", "2006-03-31": "32836.00000", "2005-12-31": "32990.00000", "2005-09-30": "33644.00000", "2005-06-30": "29971.00000", "2005-03-31": "29343.00000"}, "Total Current Liabilities": {"2020-12-31": "15558.00000", "2020-09-30": "15712.00000", "2020-06-30": "12365.00000", "2020-03-31": "13722.00000", "2019-12-31": "13853.00000", "2019-09-30": "13314.00000", "2019-06-30": "14412.00000", "2019-03-31": "17926.00000", "2018-12-31": "17563.00000", "2018-09-30": "12807.00000", "2018-06-30": "10184.00000", "2018-03-31": "9579.00000", "2017-12-31": "11243.00000", "2017-09-30": "11604.00000", "2017-06-30": "8950.00000", "2017-03-31": "9761.00000", "2016-12-31": "10919.00000", "2016-09-30": "10456.00000", "2016-06-30": "11336.00000", "2016-03-31": "10587.00000", "2015-12-31": "10107.00000", "2015-09-30": "10371.00000", "2015-06-30": "9421.00000", "2015-03-31": "9386.00000", "2014-12-31": "9663.00000", "2014-09-30": "9572.00000", "2014-06-30": "9690.00000", "2014-03-31": "10292.00000", "2013-12-31": "9189.00000", "2013-09-30": "9213.00000", "2013-06-30": "8867.00000", "2013-03-31": "8776.00000", "2012-12-31": "8879.00000", "2012-09-30": "7875.00000", "2012-06-30": "7643.00000", "2012-03-31": "8005.00000", "2011-12-31": "6719.00000", "2011-09-30": "7419.00000", "2011-06-30": "6389.00000", "2011-03-31": "6739.00000", "2010-12-31": "6904.00000", "2010-09-30": "7187.00000", "2010-06-30": "7126.00000", "2010-03-31": "7782.00000", "2009-12-31": "6449.00000", "2009-09-30": "6557.00000", "2009-06-30": "6650.00000", "2009-03-31": "6643.00000", "2008-12-31": "7689.00000", "2008-09-30": "8501.00000", "2008-06-30": "8347.00000", "2008-03-31": "5879.00000", "2007-12-31": "5758.00000", "2007-09-30": "6872.00000", "2007-06-30": "6193.00000", "2007-03-31": "5953.00000", "2006-12-31": "6326.00000", "2006-09-30": "6163.00000", "2006-06-30": "6830.00000", "2006-03-31": "6490.00000", "2005-12-31": "7267.00000", "2005-09-30": "7963.00000", "2005-06-30": "4612.00000", "2005-03-31": "3973.00000"}, "Long Term Debt": {"2020-12-31": "41944.00000", "2020-09-30": "42794.00000", "2020-06-30": "42667.00000", "2020-03-31": "41116.00000", "2019-12-31": "37543.00000", "2019-09-30": "36144.00000", "2019-06-30": "33947.00000", "2019-03-31": "29883.00000", "2018-12-31": "26782.00000", "2018-09-30": "27048.00000", "2018-06-30": "28356.00000", "2018-03-31": "28062.00000", "2017-12-31": "31410.00000", "2017-09-30": "30345.00000", "2017-06-30": "30392.00000", "2017-03-31": "28539.00000", "2016-12-31": "27818.00000", "2016-09-30": "28195.00000", "2016-06-30": "27001.00000", "2016-03-31": "27791.00000", "2015-12-31": "26681.00000", "2015-09-30": "25604.00000", "2015-06-30": "25235.00000", "2015-03-31": "24264.00000", "2014-12-31": "24044.00000", "2014-09-30": "24853.00000", "2014-06-30": "25049.00000", "2014-03-31": "23824.00000", "2013-12-31": "23969.00000", "2013-09-30": "23862.00000", "2013-06-30": "23514.00000", "2013-03-31": "22866.00000", "2012-12-31": "23177.00000", "2012-09-30": "22714.00000", "2012-06-30": "21580.00000", "2012-03-31": "20582.00000", "2011-12-31": "20810.00000", "2011-09-30": "20039.00000", "2011-06-30": "19235.00000", "2011-03-31": "18288.00000", "2010-12-31": "18013.00000", "2010-09-30": "17680.00000", "2010-06-30": "17171.00000", "2010-03-31": "16601.00000", "2009-12-31": "16300.00000", "2009-09-30": "15601.00000", "2009-06-30": "15664.00000", "2009-03-31": "15099.00000", "2008-12-31": "13833.00000", "2008-09-30": "12814.00000", "2008-06-30": "12057.00000", "2008-03-31": "12304.00000", "2007-12-31": "11280.00000", "2007-09-30": "10844.00000", "2007-06-30": "10322.00000", "2007-03-31": "9091.00000", "2006-12-31": "9591.00000", "2006-09-30": "9631.00000", "2006-06-30": "8360.00000", "2006-03-31": "7828.00000", "2005-12-31": "8039.00000", "2005-09-30": "7787.00000", "2005-06-30": "8108.00000", "2005-03-31": "8501.00000"}, "Other Non-Current Liabilities": {"2020-12-31": "17233.00000", "2020-09-30": "17412.00000", "2020-06-30": "16994.00000", "2020-03-31": "16604.00000", "2019-12-31": "16087.00000", "2019-09-30": "16415.00000", "2019-06-30": "15613.00000", "2019-03-31": "15259.00000", "2018-12-31": "14109.00000", "2018-09-30": "13990.00000", "2018-06-30": "13616.00000", "2018-03-31": "13643.00000", "2017-12-31": "20015.00000", "2017-09-30": "14948.00000", "2017-06-30": "14570.00000", "2017-03-31": "14709.00000", "2016-12-31": "14824.00000", "2016-09-30": "13762.00000", "2016-06-30": "13080.00000", "2016-03-31": "12647.00000", "2015-12-31": "12752.00000", "2015-09-30": "11595.00000", "2015-06-30": "11508.00000", "2015-03-31": "11478.00000", "2014-12-31": "11469.00000", "2014-09-30": "10625.00000", "2014-06-30": "10195.00000", "2014-03-31": "9749.00000", "2013-12-31": "9964.00000", "2013-09-30": "9475.00000", "2013-06-30": "9374.00000", "2013-03-31": "9339.00000", "2012-12-31": "9612.00000", "2012-09-30": "9408.00000", "2012-06-30": "9392.00000", "2012-03-31": "9584.00000", "2011-12-31": "9035.00000", "2011-09-30": "8883.00000", "2011-06-30": "8746.00000", "2011-03-31": "8474.00000", "2010-12-31": "8507.00000", "2010-09-30": "8567.00000", "2010-06-30": "8141.00000", "2010-03-31": "8140.00000", "2009-12-31": "7882.00000", "2009-09-30": "7772.00000", "2009-06-30": "7524.00000", "2009-03-31": "7347.00000", "2008-12-31": "7387.00000", "2008-09-30": "8414.00000", "2008-06-30": "8953.00000", "2008-03-31": "8481.00000", "2007-12-31": "8529.00000", "2007-09-30": "7613.00000", "2007-06-30": "6982.00000", "2007-03-31": "7144.00000", "2006-12-31": "6543.00000", "2006-09-30": "6256.00000", "2006-06-30": "6242.00000", "2006-03-31": "6312.00000", "2005-12-31": "6071.00000", "2005-09-30": "6594.00000", "2005-06-30": "6199.00000", "2005-03-31": "5926.00000"}, "Total Long Term Liabilities": {"2020-12-31": "67197.00000", "2020-09-30": "68608.00000", "2020-06-30": "68022.00000", "2020-03-31": "66040.00000", "2019-12-31": "62478.00000", "2019-09-30": "60734.00000", "2019-06-30": "57714.00000", "2019-03-31": "53263.00000", "2018-12-31": "48726.00000", "2018-09-30": "48458.00000", "2018-06-30": "49134.00000", "2018-03-31": "48712.00000", "2017-12-31": "57189.00000", "2017-09-30": "57856.00000", "2017-06-30": "57064.00000", "2017-03-31": "54975.00000", "2016-12-31": "53743.00000", "2016-09-30": "52539.00000", "2016-06-30": "50202.00000", "2016-03-31": "50420.00000", "2015-12-31": "49260.00000", "2015-09-30": "46766.00000", "2015-06-30": "46179.00000", "2015-03-31": "45079.00000", "2014-12-31": "44774.00000", "2014-09-30": "43477.00000", "2014-06-30": "43471.00000", "2014-03-31": "41879.00000", "2013-12-31": "42077.00000", "2013-09-30": "40544.00000", "2013-06-30": "39749.00000", "2013-03-31": "38865.00000", "2012-12-31": "39492.00000", "2012-09-30": "38288.00000", "2012-06-30": "36959.00000", "2012-03-31": "35979.00000", "2011-12-31": "35526.00000", "2011-09-30": "34279.00000", "2011-06-30": "33262.00000", "2011-03-31": "31919.00000", "2010-12-31": "31629.00000", "2010-09-30": "31396.00000", "2010-06-30": "30554.00000", "2010-03-31": "29824.00000", "2009-12-31": "29042.00000", "2009-09-30": "27866.00000", "2009-06-30": "27510.00000", "2009-03-31": "26662.00000", "2008-12-31": "25451.00000", "2008-09-30": "25443.00000", "2008-06-30": "24792.00000", "2008-03-31": "24737.00000", "2007-12-31": "23630.00000", "2007-09-30": "22084.00000", "2007-06-30": "20949.00000", "2007-03-31": "19711.00000", "2006-12-31": "19566.00000", "2006-09-30": "19126.00000", "2006-06-30": "17859.00000", "2006-03-31": "17405.00000", "2005-12-31": "17162.00000", "2005-09-30": "17284.00000", "2005-06-30": "17106.00000", "2005-03-31": "17280.00000"}, "Total Liabilities": {"2020-12-31": "82755.00000", "2020-09-30": "84320.00000", "2020-06-30": "80387.00000", "2020-03-31": "79762.00000", "2019-12-31": "76331.00000", "2019-09-30": "74048.00000", "2019-06-30": "72126.00000", "2019-03-31": "71189.00000", "2018-12-31": "66289.00000", "2018-09-30": "61265.00000", "2018-06-30": "59318.00000", "2018-03-31": "58291.00000", "2017-12-31": "68432.00000", "2017-09-30": "69460.00000", "2017-06-30": "66014.00000", "2017-03-31": "64736.00000", "2016-12-31": "64662.00000", "2016-09-30": "62995.00000", "2016-06-30": "61538.00000", "2016-03-31": "61007.00000", "2015-12-31": "59367.00000", "2015-09-30": "57137.00000", "2015-06-30": "55600.00000", "2015-03-31": "54465.00000", "2014-12-31": "54437.00000", "2014-09-30": "53049.00000", "2014-06-30": "53161.00000", "2014-03-31": "52171.00000", "2013-12-31": "51266.00000", "2013-09-30": "49757.00000", "2013-06-30": "48616.00000", "2013-03-31": "47641.00000", "2012-12-31": "48371.00000", "2012-09-30": "46163.00000", "2012-06-30": "44602.00000", "2012-03-31": "43984.00000", "2011-12-31": "42245.00000", "2011-09-30": "41698.00000", "2011-06-30": "39651.00000", "2011-03-31": "38658.00000", "2010-12-31": "38533.00000", "2010-09-30": "38583.00000", "2010-06-30": "37680.00000", "2010-03-31": "37606.00000", "2009-12-31": "35491.00000", "2009-09-30": "34423.00000", "2009-06-30": "34160.00000", "2009-03-31": "33305.00000", "2008-12-31": "33140.00000", "2008-09-30": "33944.00000", "2008-06-30": "33139.00000", "2008-03-31": "30616.00000", "2007-12-31": "29388.00000", "2007-09-30": "28956.00000", "2007-06-30": "27142.00000", "2007-03-31": "25664.00000", "2006-12-31": "25892.00000", "2006-09-30": "25289.00000", "2006-06-30": "24689.00000", "2006-03-31": "23895.00000", "2005-12-31": "24429.00000", "2005-09-30": "25247.00000", "2005-06-30": "21718.00000", "2005-03-31": "21253.00000"}, "Common Stock Net": {"2020-12-31": "20.00000", "2020-09-30": "5.00000", "2020-06-30": "5.00000", "2020-03-31": "5.00000", "2019-12-31": "5.00000", "2019-09-30": "5.00000", "2019-06-30": "5.00000", "2019-03-31": "5.00000", "2018-12-31": "5.00000", "2018-09-30": "5.00000", "2018-06-30": "5.00000", "2018-03-31": "5.00000", "2017-12-31": "5.00000", "2017-09-30": "5.00000", "2017-06-30": "5.00000", "2017-03-31": "5.00000", "2016-12-31": "5.00000", "2016-09-30": "5.00000", "2016-06-30": "5.00000", "2016-03-31": "5.00000", "2015-12-31": "5.00000", "2015-09-30": "5.00000", "2015-06-30": "5.00000", "2015-03-31": "4.00000", "2014-12-31": "4.00000", "2014-09-30": "4.00000", "2014-06-30": "4.00000", "2014-03-31": "4.00000", "2013-12-31": "4.00000", "2013-09-30": "4.00000", "2013-06-30": "4.00000", "2013-03-31": "4.00000", "2012-12-31": "4.00000", "2012-09-30": "4.00000", "2012-06-30": "4.00000", "2012-03-31": "4.00000", "2011-12-31": "4.00000", "2011-09-30": "4.00000", "2011-06-30": "4.00000", "2011-03-31": "4.00000", "2010-12-31": "4.00000", "2010-09-30": "4.00000", "2010-06-30": "4.00000", "2010-03-31": "4.00000", "2009-12-31": "4.00000", "2009-09-30": "4.00000", "2009-06-30": "4.00000", "2009-03-31": "4.00000", "2008-12-31": "4.00000", "2008-09-30": "4.00000", "2008-06-30": "4.00000", "2008-03-31": "4.00000", "2007-12-31": "4.00000", "2007-09-30": "4.00000", "2007-06-30": "4.00000", "2007-03-31": "4.00000", "2006-12-31": "4.00000", "2006-09-30": "4.00000", "2006-06-30": "4.00000", "2006-03-31": "4.00000", "2005-12-31": "4.00000", "2005-09-30": "4.00000", "2005-06-30": "4.00000", "2005-03-31": "4.00000"}, "Retained Earnings (Accumulated Deficit)": {"2020-12-31": "25363.00000", "2020-09-30": "26054.00000", "2020-06-30": "25511.00000", "2020-03-31": "24922.00000", "2019-12-31": "25199.00000", "2019-09-30": "24835.00000", "2019-06-30": "24554.00000", "2019-03-31": "23919.00000", "2018-12-31": "23837.00000", "2018-09-30": "23935.00000", "2018-06-30": "23453.00000", "2018-03-31": "23181.00000", "2017-12-31": "19020.00000", "2017-09-30": "17299.00000", "2017-06-30": "16914.00000", "2017-03-31": "16581.00000", "2016-12-31": "15458.00000", "2016-09-30": "14899.00000", "2016-06-30": "14548.00000", "2016-03-31": "14375.00000", "2015-12-31": "14140.00000", "2015-09-30": "13987.00000", "2015-06-30": "13456.00000", "2015-03-31": "13082.00000", "2014-12-31": "12773.00000", "2014-09-30": "12204.00000", "2014-06-30": "11860.00000", "2014-03-31": "11684.00000", "2013-12-31": "11569.00000", "2013-09-30": "11528.00000", "2013-06-30": "11109.00000", "2013-03-31": "10777.00000", "2012-12-31": "10783.00000", "2012-09-30": "10607.00000", "2012-06-30": "10444.00000", "2012-03-31": "10089.00000", "2011-12-31": "9876.00000", "2011-09-30": "9439.00000", "2011-06-30": "9262.00000", "2011-03-31": "8912.00000", "2010-12-31": "8873.00000", "2010-09-30": "8817.00000", "2010-06-30": "8303.00000", "2010-03-31": "8091.00000", "2009-12-31": "7739.00000", "2009-09-30": "7583.00000", "2009-06-30": "7242.00000", "2009-03-31": "7058.00000", "2008-12-31": "6885.00000", "2008-09-30": "6656.00000", "2008-06-30": "6060.00000", "2008-03-31": "6030.00000", "2007-12-31": "5945.00000", "2007-09-30": "5866.00000", "2007-06-30": "5497.00000", "2007-03-31": "5255.00000", "2006-12-31": "5256.00000", "2006-09-30": "5072.00000", "2006-06-30": "4696.00000", "2006-03-31": "4606.00000", "2005-12-31": "4568.00000", "2005-09-30": "4437.00000", "2005-06-30": "4235.00000", "2005-03-31": "4168.00000"}, "Comprehensive Income": {"2020-12-31": "-92.00000", "2020-09-30": "-152.00000", "2020-06-30": "-163.00000", "2020-03-31": "-192.00000", "2019-12-31": "-169.00000", "2019-09-30": "-181.00000", "2019-06-30": "-191.00000", "2019-03-31": "-213.00000", "2018-12-31": "-188.00000", "2018-09-30": "-158.00000", "2018-06-30": "-173.00000", "2018-03-31": "-178.00000", "2017-12-31": "111.00000", "2017-09-30": "48.00000", "2017-06-30": "3.00000", "2017-03-31": "-40.00000", "2016-12-31": "-70.00000", "2016-09-30": "-36.00000", "2016-06-30": "-82.00000", "2016-03-31": "-113.00000", "2015-12-31": "-167.00000", "2015-09-30": "-168.00000", "2015-06-30": "-4.00000", "2015-03-31": "-73.00000", "2014-12-31": "-40.00000", "2014-09-30": "47.00000", "2014-06-30": "59.00000", "2014-03-31": "21.00000", "2013-12-31": "56.00000", "2013-09-30": "-82.00000", "2013-06-30": "-102.00000", "2013-03-31": "-136.00000", "2012-12-31": "-255.00000", "2012-09-30": "-219.00000", "2012-06-30": "-190.00000", "2012-03-31": "-94.00000", "2011-12-31": "-154.00000", "2011-09-30": "-114.00000", "2011-06-30": "115.00000", "2011-03-31": "202.00000", "2010-12-31": "166.00000", "2010-09-30": "47.00000", "2010-06-30": "49.00000", "2010-03-31": "157.00000", "2009-12-31": "169.00000", "2009-09-30": "132.00000", "2009-06-30": "114.00000", "2009-03-31": "61.00000", "2008-12-31": "-13.00000", "2008-09-30": "103.00000", "2008-06-30": "-187.00000", "2008-03-31": "-10.00000", "2007-12-31": "116.00000", "2007-09-30": "115.00000", "2007-06-30": "101.00000", "2007-03-31": "50.00000", "2006-12-31": "115.00000", "2006-09-30": "-10.00000", "2006-06-30": "-111.00000", "2006-03-31": "-130.00000", "2005-12-31": "-193.00000", "2005-09-30": "-213.00000", "2005-06-30": "-113.00000", "2005-03-31": "-101.00000"}, "Other Share Holders Equity": {"2020-12-31": "", "2020-09-30": "", "2020-06-30": "", "2020-03-31": "", "2019-12-31": "", "2019-09-30": "", "2019-06-30": "", "2019-03-31": "", "2018-12-31": "", "2018-09-30": "", "2018-06-30": "", "2018-03-31": "", "2017-12-31": "", "2017-09-30": "", "2017-06-30": "", "2017-03-31": "", "2016-12-31": "", "2016-09-30": "", "2016-06-30": "", "2016-03-31": "", "2015-12-31": "", "2015-09-30": "", "2015-06-30": "", "2015-03-31": "", "2014-12-31": "", "2014-09-30": "", "2014-06-30": "", "2014-03-31": "", "2013-12-31": "", "2013-09-30": "", "2013-06-30": "", "2013-03-31": "", "2012-12-31": "", "2012-09-30": "", "2012-06-30": "", "2012-03-31": "", "2011-12-31": "", "2011-09-30": "", "2011-06-30": "", "2011-03-31": "", "2010-12-31": "", "2010-09-30": "", "2010-06-30": "", "2010-03-31": "", "2009-12-31": "", "2009-09-30": "", "2009-06-30": "", "2009-03-31": "", "2008-12-31": "", "2008-09-30": "", "2008-06-30": "", "2008-03-31": "", "2007-12-31": "", "2007-09-30": "", "2007-06-30": "", "2007-03-31": "", "2006-12-31": "", "2006-09-30": "", "2006-06-30": "", "2006-03-31": "", "2005-12-31": "", "2005-09-30": "", "2005-06-30": "", "2005-03-31": ""}, "Share Holder Equity": {"2020-12-31": "44929.00000", "2020-09-30": "42062.00000", "2020-06-30": "41574.00000", "2020-03-31": "40875.00000", "2019-12-31": "41360.00000", "2019-09-30": "40174.00000", "2019-06-30": "38426.00000", "2019-03-31": "37840.00000", "2018-12-31": "37413.00000", "2018-09-30": "37338.00000", "2018-06-30": "36172.00000", "2018-03-31": "35993.00000", "2017-12-31": "29531.00000", "2017-09-30": "27321.00000", "2017-06-30": "26876.00000", "2017-03-31": "26469.00000", "2016-12-31": "25331.00000", "2016-09-30": "24869.00000", "2016-06-30": "23882.00000", "2016-03-31": "23630.00000", "2015-12-31": "23112.00000", "2015-09-30": "22826.00000", "2015-06-30": "21601.00000", "2015-03-31": "20464.00000", "2014-12-31": "20168.00000", "2014-09-30": "19144.00000", "2014-06-30": "18429.00000", "2014-03-31": "18160.00000", "2013-12-31": "18040.00000", "2013-09-30": "17409.00000", "2013-06-30": "16601.00000", "2013-03-31": "16202.00000", "2012-12-31": "16068.00000", "2012-09-30": "15886.00000", "2012-06-30": "15788.00000", "2012-03-31": "15223.00000", "2011-12-31": "14943.00000", "2011-09-30": "14887.00000", "2011-06-30": "14906.00000", "2011-03-31": "14599.00000", "2010-12-31": "14461.00000", "2010-09-30": "14151.00000", "2010-06-30": "13529.00000", "2010-03-31": "13336.00000", "2009-12-31": "12967.00000", "2009-09-30": "12732.00000", "2009-06-30": "12244.00000", "2009-03-31": "11999.00000", "2008-12-31": "11681.00000", "2008-09-30": "11534.00000", "2008-06-30": "10614.00000", "2008-03-31": "10714.00000", "2007-12-31": "10735.00000", "2007-09-30": "10615.00000", "2007-06-30": "10201.00000", "2007-03-31": "9871.00000", "2006-12-31": "9930.00000", "2006-09-30": "9580.00000", "2006-06-30": "9075.00000", "2006-03-31": "8941.00000", "2005-12-31": "8561.00000", "2005-09-30": "8397.00000", "2005-06-30": "8253.00000", "2005-03-31": "8090.00000"}, "Total Liabilities And Share Holders Equity": {"2020-12-31": "127684.00000", "2020-09-30": "126382.00000", "2020-06-30": "121961.00000", "2020-03-31": "120637.00000", "2019-12-31": "117691.00000", "2019-09-30": "114222.00000", "2019-06-30": "110552.00000", "2019-03-31": "109029.00000", "2018-12-31": "103702.00000", "2018-09-30": "98603.00000", "2018-06-30": "95490.00000", "2018-03-31": "94284.00000", "2017-12-31": "97963.00000", "2017-09-30": "96781.00000", "2017-06-30": "92890.00000", "2017-03-31": "91205.00000", "2016-12-31": "89993.00000", "2016-09-30": "87864.00000", "2016-06-30": "85420.00000", "2016-03-31": "84637.00000", "2015-12-31": "82479.00000", "2015-09-30": "79963.00000", "2015-06-30": "77201.00000", "2015-03-31": "74929.00000", "2014-12-31": "74605.00000", "2014-09-30": "72193.00000", "2014-06-30": "71590.00000", "2014-03-31": "70331.00000", "2013-12-31": "69306.00000", "2013-09-30": "67166.00000", "2013-06-30": "65217.00000", "2013-03-31": "63843.00000", "2012-12-31": "64439.00000", "2012-09-30": "62049.00000", "2012-06-30": "60390.00000", "2012-03-31": "59207.00000", "2011-12-31": "57188.00000", "2011-09-30": "56585.00000", "2011-06-30": "54557.00000", "2011-03-31": "53257.00000", "2010-12-31": "52994.00000", "2010-09-30": "52734.00000", "2010-06-30": "51209.00000", "2010-03-31": "50942.00000", "2009-12-31": "48458.00000", "2009-09-30": "47155.00000", "2009-06-30": "46404.00000", "2009-03-31": "45304.00000", "2008-12-31": "44821.00000", "2008-09-30": "45478.00000", "2008-06-30": "43753.00000", "2008-03-31": "41330.00000", "2007-12-31": "40123.00000", "2007-09-30": "39571.00000", "2007-06-30": "37343.00000", "2007-03-31": "35535.00000", "2006-12-31": "35822.00000", "2006-09-30": "34869.00000", "2006-06-30": "33764.00000", "2006-03-31": "32836.00000", "2005-12-31": "32990.00000", "2005-09-30": "33644.00000", "2005-06-30": "29971.00000", "2005-03-31": "29343.00000"}}, "cash flow statement": {"Net Income/Loss": {"2020-12-31": "2369.00000", "2019-12-31": "3388.00000", "2018-12-31": "5776.00000", "2017-12-31": "5323.00000", "2016-12-31": "2999.00000", "2015-12-31": "2762.00000", "2014-12-31": "2469.00000", "2013-12-31": "1908.00000", "2012-12-31": "1911.00000", "2011-12-31": "1923.00000", "2010-12-31": "1957.00000", "2009-12-31": "1615.00000", "2008-12-31": "1639.00000", "2007-12-31": "1312.00000", "2006-12-31": "1281.00000", "2005-12-31": "901.00000"}, "Total Depreciation And Amortization - Cash Flow": {"2020-12-31": "4315.00000", "2019-12-31": "4478.00000", "2018-12-31": "4147.00000", "2017-12-31": "2638.00000", "2016-12-31": "3428.00000", "2015-12-31": "3203.00000", "2014-12-31": "2896.00000", "2013-12-31": "2521.00000", "2012-12-31": "1777.00000", "2011-12-31": "1849.00000", "2010-12-31": "2073.00000", "2009-12-31": "2004.00000", "2008-12-31": "1643.00000", "2007-12-31": "1479.00000", "2006-12-31": "1421.00000", "2005-12-31": "1496.00000"}, "Other Non-Cash Items": {"2020-12-31": "1903.00000", "2019-12-31": "-88.00000", "2018-12-31": "-2725.00000", "2017-12-31": "-1849.00000", "2016-12-31": "231.00000", "2015-12-31": "226.00000", "2014-12-31": "673.00000", "2013-12-31": "725.00000", "2012-12-31": "494.00000", "2011-12-31": "804.00000", "2010-12-31": "-433.00000", "2009-12-31": "1037.00000", "2008-12-31": "247.00000", "2007-12-31": "568.00000", "2006-12-31": "824.00000", "2005-12-31": "-988.00000"}, "Total Non-Cash Items": {"2020-12-31": "6218.00000", "2019-12-31": "4390.00000", "2018-12-31": "1422.00000", "2017-12-31": "789.00000", "2016-12-31": "3659.00000", "2015-12-31": "3429.00000", "2014-12-31": "3569.00000", "2013-12-31": "3246.00000", "2012-12-31": "2271.00000", "2011-12-31": "2653.00000", "2010-12-31": "1640.00000", "2009-12-31": "3041.00000", "2008-12-31": "1890.00000", "2007-12-31": "2047.00000", "2006-12-31": "2245.00000", "2005-12-31": "508.00000"}, "Change In Accounts Receivable": {"2020-12-31": "", "2019-12-31": "", "2018-12-31": "", "2017-12-31": "", "2016-12-31": "", "2015-12-31": "", "2014-12-31": "", "2013-12-31": "-268.00000", "2012-12-31": "-286.00000", "2011-12-31": "149.00000", "2010-12-31": "-102.00000", "2009-12-31": "-13.00000", "2008-12-31": "23.00000", "2007-12-31": "-230.00000", "2006-12-31": "-153.00000", "2005-12-31": "-289.00000"}, "Change In Inventories": {"2020-12-31": "", "2019-12-31": "", "2018-12-31": "", "2017-12-31": "", "2016-12-31": "", "2015-12-31": "", "2014-12-31": "", "2013-12-31": "-81.00000", "2012-12-31": "1.00000", "2011-12-31": "-308.00000", "2010-12-31": "22.00000", "2009-12-31": "85.00000", "2008-12-31": "-106.00000", "2007-12-31": "-14.00000", "2006-12-31": "-203.00000", "2005-12-31": "-173.00000"}, "Change In Accounts Payable": {"2020-12-31": "", "2019-12-31": "", "2018-12-31": "", "2017-12-31": "", "2016-12-31": "", "2015-12-31": "", "2014-12-31": "", "2013-12-31": "122.00000", "2012-12-31": "-56.00000", "2011-12-31": "-184.00000", "2010-12-31": "179.00000", "2009-12-31": "-86.00000", "2008-12-31": "-120.00000", "2007-12-31": "63.00000", "2006-12-31": "-202.00000", "2005-12-31": "346.00000"}, "Change In Assets/Liabilities": {"2020-12-31": "-604.00000", "2019-12-31": "377.00000", "2018-12-31": "-605.00000", "2017-12-31": "346.00000", "2016-12-31": "-257.00000", "2015-12-31": "-102.00000", "2014-12-31": "-538.00000", "2013-12-31": "231.00000", "2012-12-31": "171.00000", "2011-12-31": "-233.00000", "2010-12-31": "85.00000", "2009-12-31": "-209.00000", "2008-12-31": "5.00000", "2007-12-31": "221.00000", "2006-12-31": "-588.00000", "2005-12-31": "158.00000"}, "Total Change In Assets/Liabilities": {"2020-12-31": "-604.00000", "2019-12-31": "377.00000", "2018-12-31": "-605.00000", "2017-12-31": "346.00000", "2016-12-31": "-257.00000", "2015-12-31": "-102.00000", "2014-12-31": "-538.00000", "2013-12-31": "-52.00000", "2012-12-31": "-190.00000", "2011-12-31": "-502.00000", "2010-12-31": "237.00000", "2009-12-31": "-193.00000", "2008-12-31": "-185.00000", "2007-12-31": "14.00000", "2006-12-31": "-1143.00000", "2005-12-31": "20.00000"}, "Cash Flow From Operating Activities": {"2020-12-31": "7983.00000", "2019-12-31": "8155.00000", "2018-12-31": "6593.00000", "2017-12-31": "6458.00000", "2016-12-31": "6369.00000", "2015-12-31": "6089.00000", "2014-12-31": "5500.00000", "2013-12-31": "5102.00000", "2012-12-31": "3992.00000", "2011-12-31": "4074.00000", "2010-12-31": "3834.00000", "2009-12-31": "4463.00000", "2008-12-31": "3403.00000", "2007-12-31": "3593.00000", "2006-12-31": "2498.00000", "2005-12-31": "1547.00000"}, "Net Change In Property, Plant, And Equipment": {"2020-12-31": "-13598.00000", "2019-12-31": "-9914.00000", "2018-12-31": "-4342.00000", "2017-12-31": "-5227.00000", "2016-12-31": "-3582.00000", "2015-12-31": "-8325.00000", "2014-12-31": "-6710.00000", "2013-12-31": "-6517.00000", "2012-12-31": "-9461.00000", "2011-12-31": "-5424.00000", "2010-12-31": "-5846.00000", "2009-12-31": "-6006.00000", "2008-12-31": "-5236.00000", "2007-12-31": "-4319.00000", "2006-12-31": "-3719.00000", "2005-12-31": "-2477.00000"}, "Net Change In Intangible Assets": {"2020-12-31": "", "2019-12-31": "", "2018-12-31": "", "2017-12-31": "", "2016-12-31": "", "2015-12-31": "", "2014-12-31": "", "2013-12-31": "", "2012-12-31": "", "2011-12-31": "", "2010-12-31": "", "2009-12-31": "", "2008-12-31": "", "2007-12-31": "", "2006-12-31": "", "2005-12-31": ""}, "Net Acquisitions/Divestitures": {"2020-12-31": "", "2019-12-31": "", "2018-12-31": "", "2017-12-31": "1454.00000", "2016-12-31": "", "2015-12-31": "", "2014-12-31": "", "2013-12-31": "", "2012-12-31": "", "2011-12-31": "", "2010-12-31": "", "2009-12-31": "", "2008-12-31": "", "2007-12-31": "", "2006-12-31": "", "2005-12-31": ""}, "Net Change In Short-term Investments": {"2020-12-31": "", "2019-12-31": "", "2018-12-31": "", "2017-12-31": "", "2016-12-31": "", "2015-12-31": "", "2014-12-31": "", "2013-12-31": "", "2012-12-31": "", "2011-12-31": "", "2010-12-31": "", "2009-12-31": "", "2008-12-31": "", "2007-12-31": "", "2006-12-31": "", "2005-12-31": ""}, "Net Change In Long-Term Investments": {"2020-12-31": "-184.00000", "2019-12-31": "-152.00000", "2018-12-31": "314.00000", "2017-12-31": "-30.00000", "2016-12-31": "-53.00000", "2015-12-31": "-131.00000", "2014-12-31": "-146.00000", "2013-12-31": "-65.00000", "2012-12-31": "-118.00000", "2011-12-31": "-119.00000", "2010-12-31": "-102.00000", "2009-12-31": "-127.00000", "2008-12-31": "-136.00000", "2007-12-31": "-236.00000", "2006-12-31": "-95.00000", "2005-12-31": "126.00000"}, "Net Change In Investments - Total": {"2020-12-31": "-184.00000", "2019-12-31": "-152.00000", "2018-12-31": "314.00000", "2017-12-31": "-30.00000", "2016-12-31": "-53.00000", "2015-12-31": "-131.00000", "2014-12-31": "-146.00000", "2013-12-31": "-65.00000", "2012-12-31": "-118.00000", "2011-12-31": "-119.00000", "2010-12-31": "-102.00000", "2009-12-31": "-127.00000", "2008-12-31": "-136.00000", "2007-12-31": "-236.00000", "2006-12-31": "-95.00000", "2005-12-31": "126.00000"}, "Investing Activities - Other": {"2020-12-31": "83.00000", "2019-12-31": "-6111.00000", "2018-12-31": "-6922.00000", "2017-12-31": "-5115.00000", "2016-12-31": "-4411.00000", "2015-12-31": "460.00000", "2014-12-31": "495.00000", "2013-12-31": "459.00000", "2012-12-31": "651.00000", "2011-12-31": "264.00000", "2010-12-31": "664.00000", "2009-12-31": "198.00000", "2008-12-31": "-436.00000", "2007-12-31": "-23.00000", "2006-12-31": "7.00000", "2005-12-31": "186.00000"}, "Cash Flow From Investing Activities": {"2020-12-31": "-13699.00000", "2019-12-31": "-16177.00000", "2018-12-31": "-10950.00000", "2017-12-31": "-8918.00000", "2016-12-31": "-8046.00000", "2015-12-31": "-7996.00000", "2014-12-31": "-6361.00000", "2013-12-31": "-6123.00000", "2012-12-31": "-8928.00000", "2011-12-31": "-5279.00000", "2010-12-31": "-5284.00000", "2009-12-31": "-5935.00000", "2008-12-31": "-5808.00000", "2007-12-31": "-4578.00000", "2006-12-31": "-3807.00000", "2005-12-31": "-2165.00000"}, "Net Long-Term Debt": {"2020-12-31": "6301.00000", "2019-12-31": "8427.00000", "2018-12-31": "1297.00000", "2017-12-31": "1574.00000", "2016-12-31": "2347.00000", "2015-12-31": "1800.00000", "2014-12-31": "304.00000", "2013-12-31": "1775.00000", "2012-12-31": "5018.00000", "2011-12-31": "1819.00000", "2010-12-31": "2955.00000", "2009-12-31": "1585.00000", "2008-12-31": "2469.00000", "2007-12-31": "1333.00000", "2006-12-31": "1743.00000", "2005-12-31": "171.00000"}, "Net Current Debt": {"2020-12-31": "2615.00000", "2019-12-31": "-3195.00000", "2018-12-31": "8113.00000", "2017-12-31": "3281.00000", "2016-12-31": "1591.00000", "2015-12-31": "405.00000", "2014-12-31": "1358.00000", "2013-12-31": "-583.00000", "2012-12-31": "-78.00000", "2011-12-31": "360.00000", "2010-12-31": "-1130.00000", "2009-12-31": "154.00000", "2008-12-31": "848.00000", "2007-12-31": "-122.00000", "2006-12-31": "-62.00000", "2005-12-31": "667.00000"}, "Debt Issuance/Retirement Net - Total": {"2020-12-31": "8916.00000", "2019-12-31": "5232.00000", "2018-12-31": "9410.00000", "2017-12-31": "4855.00000", "2016-12-31": "3938.00000", "2015-12-31": "2205.00000", "2014-12-31": "1662.00000", "2013-12-31": "1192.00000", "2012-12-31": "4940.00000", "2011-12-31": "2179.00000", "2010-12-31": "1825.00000", "2009-12-31": "1739.00000", "2008-12-31": "3317.00000", "2007-12-31": "1211.00000", "2006-12-31": "1681.00000", "2005-12-31": "838.00000"}, "Net Common Equity Issued/Repurchased": {"2020-12-31": "-92.00000", "2019-12-31": "1494.00000", "2018-12-31": "718.00000", "2017-12-31": "55.00000", "2016-12-31": "537.00000", "2015-12-31": "1298.00000", "2014-12-31": "633.00000", "2013-12-31": "842.00000", "2012-12-31": "386.00000", "2011-12-31": "-327.00000", "2010-12-31": "308.00000", "2009-12-31": "198.00000", "2008-12-31": "41.00000", "2007-12-31": "46.00000", "2006-12-31": "333.00000", "2005-12-31": "639.00000"}, "Net Total Equity Issued/Repurchased": {"2020-12-31": "-92.00000", "2019-12-31": "1494.00000", "2018-12-31": "718.00000", "2017-12-31": "603.00000", "2016-12-31": "537.00000", "2015-12-31": "1298.00000", "2014-12-31": "633.00000", "2013-12-31": "842.00000", "2012-12-31": "386.00000", "2011-12-31": "-327.00000", "2010-12-31": "308.00000", "2009-12-31": "198.00000", "2008-12-31": "41.00000", "2007-12-31": "46.00000", "2006-12-31": "333.00000", "2005-12-31": "639.00000"}, "Total Common And Preferred Stock Dividends Paid": {"2020-12-31": "-2743.00000", "2019-12-31": "-2408.00000", "2018-12-31": "-2101.00000", "2017-12-31": "-1845.00000", "2016-12-31": "-1612.00000", "2015-12-31": "-1385.00000", "2014-12-31": "-1261.00000", "2013-12-31": "-1122.00000", "2012-12-31": "-1004.00000", "2011-12-31": "-920.00000", "2010-12-31": "-823.00000", "2009-12-31": "-766.00000", "2008-12-31": "-714.00000", "2007-12-31": "-654.00000", "2006-12-31": "-593.00000", "2005-12-31": "-544.00000"}, "Financial Activities - Other": {"2020-12-31": "93.00000", "2019-12-31": "-445.00000", "2018-12-31": "-393.00000", "2017-12-31": "-725.00000", "2016-12-31": "-439.00000", "2015-12-31": "-221.00000", "2014-12-31": "-34.00000", "2013-12-31": "218.00000", "2012-12-31": "566.00000", "2011-12-31": "348.00000", "2010-12-31": "204.00000", "2009-12-31": "4.00000", "2008-12-31": "6.00000", "2007-12-31": "52.00000", "2006-12-31": "-22.00000", "2005-12-31": "-10.00000"}, "Cash Flow From Financial Activities": {"2020-12-31": "6174.00000", "2019-12-31": "3873.00000", "2018-12-31": "7634.00000", "2017-12-31": "2888.00000", "2016-12-31": "2424.00000", "2015-12-31": "1897.00000", "2014-12-31": "1000.00000", "2013-12-31": "1130.00000", "2012-12-31": "4888.00000", "2011-12-31": "1280.00000", "2010-12-31": "1514.00000", "2009-12-31": "1175.00000", "2008-12-31": "2650.00000", "2007-12-31": "655.00000", "2006-12-31": "1399.00000", "2005-12-31": "923.00000"}, "Net Cash Flow": {"2020-12-31": "438.00000", "2019-12-31": "-4145.00000", "2018-12-31": "3270.00000", "2017-12-31": "454.00000", "2016-12-31": "757.00000", "2015-12-31": "7.00000", "2014-12-31": "139.00000", "2013-12-31": "109.00000", "2012-12-31": "-48.00000", "2011-12-31": "75.00000", "2010-12-31": "64.00000", "2009-12-31": "-297.00000", "2008-12-31": "245.00000", "2007-12-31": "-330.00000", "2006-12-31": "90.00000", "2005-12-31": "305.00000"}, "Stock-Based Compensation": {"2020-12-31": "", "2019-12-31": "", "2018-12-31": "", "2017-12-31": "", "2016-12-31": "", "2015-12-31": "", "2014-12-31": "", "2013-12-31": "", "2012-12-31": "", "2011-12-31": "", "2010-12-31": "", "2009-12-31": "", "2008-12-31": "", "2007-12-31": "", "2006-12-31": "", "2005-12-31": ""}, "Common Stock Dividends Paid": {"2020-12-31": "-2743.00000", "2019-12-31": "-2408.00000", "2018-12-31": "-2101.00000", "2017-12-31": "-1845.00000", "2016-12-31": "-1612.00000", "2015-12-31": "-1385.00000", "2014-12-31": "-1261.00000", "2013-12-31": "-1122.00000", "2012-12-31": "-1004.00000", "2011-12-31": "-920.00000", "2010-12-31": "-823.00000", "2009-12-31": "-766.00000", "2008-12-31": "-714.00000", "2007-12-31": "-654.00000", "2006-12-31": "-593.00000", "2005-12-31": "-544.00000"}}, "cash flow statement, quarterly": {"Net Income/Loss": {"2020-12-31": -190, "2020-09-30": 1123, "2020-06-30": 1128, "2020-03-31": "308.00000", "2019-12-31": 844, "2019-09-30": 799, "2019-06-30": 1139, "2019-03-31": "606.00000", "2018-12-31": 314, "2018-09-30": 941, "2018-06-30": 687, "2018-03-31": "3834.00000", "2017-12-31": 2071, "2017-09-30": 857, "2017-06-30": 804, "2017-03-31": "1591.00000", "2016-12-31": 1011, "2016-09-30": 790, "2016-06-30": 544, "2016-03-31": "654.00000", "2015-12-31": 510, "2015-09-30": 881, "2015-06-30": 721, "2015-03-31": "650.00000", "2014-12-31": 884, "2014-09-30": 664, "2014-06-30": 491, "2014-03-31": "430.00000", "2013-12-31": 327, "2013-09-30": 698, "2013-06-30": 611, "2013-03-31": "272.00000", "2012-12-31": 429, "2012-09-30": 414, "2012-06-30": 607, "2012-03-31": "461.00000", "2011-12-31": 667, "2011-09-30": 408, "2011-06-30": 580, "2011-03-31": "268.00000", "2010-12-31": 263, "2010-09-30": 721, "2010-06-30": 417, "2010-03-31": "556.00000", "2009-12-31": 348, "2009-09-30": 533, "2009-06-30": 370, "2009-03-31": "364.00000", "2008-12-31": 407, "2008-09-30": 774, "2008-06-30": 209, "2008-03-31": "249.00000", "2007-12-31": 224, "2007-09-30": 533, "2007-06-30": 405, "2007-03-31": "150.00000", "2006-12-31": 268, "2006-09-30": 526, "2006-06-30": 236, "2006-03-31": "251.00000", "2005-12-31": 222, "2005-09-30": 339, "2005-06-30": 203, "2005-03-31": "137.00000"}, "Total Depreciation And Amortization - Cash Flow": {"2020-12-31": 1023, "2020-09-30": 1338, "2020-06-30": 1032, "2020-03-31": "922.00000", "2019-12-31": 1041, "2019-09-30": 1313, "2019-06-30": 1262, "2019-03-31": "862.00000", "2018-12-31": 1145, "2018-09-30": 1183, "2018-06-30": 894, "2018-03-31": "925.00000", "2017-12-31": -148, "2017-09-30": 1138, "2017-06-30": 957, "2017-03-31": "691.00000", "2016-12-31": 891, "2016-09-30": 1070, "2016-06-30": 816, "2016-03-31": "651.00000", "2015-12-31": 841, "2015-09-30": 900, "2015-06-30": 825, "2015-03-31": "637.00000", "2014-12-31": 778, "2014-09-30": 872, "2014-06-30": 695, "2014-03-31": "551.00000", "2013-12-31": 736, "2013-09-30": 690, "2013-06-30": 595, "2013-03-31": "500.00000", "2012-12-31": 452, "2012-09-30": 521, "2012-06-30": 408, "2012-03-31": "396.00000", "2011-12-31": 403, "2011-09-30": 575, "2011-06-30": 469, "2011-03-31": "402.00000", "2010-12-31": 529, "2010-09-30": 604, "2010-06-30": 454, "2010-03-31": "486.00000", "2009-12-31": 541, "2009-09-30": 500, "2009-06-30": 494, "2009-03-31": "469.00000", "2008-12-31": 426, "2008-09-30": 449, "2008-06-30": 377, "2008-03-31": "391.00000", "2007-12-31": 462, "2007-09-30": 305, "2007-06-30": 361, "2007-03-31": "351.00000", "2006-12-31": 475, "2006-09-30": 252, "2006-06-30": 352, "2006-03-31": "342.00000", "2005-12-31": 381, "2005-09-30": 407, "2005-06-30": 369, "2005-03-31": "339.00000"}, "Other Non-Cash Items": {"2020-12-31": 888, "2020-09-30": 482, "2020-06-30": -305, "2020-03-31": "838.00000", "2019-12-31": -379, "2019-09-30": 484, "2019-06-30": -660, "2019-03-31": "467.00000", "2018-12-31": -27, "2018-09-30": 48, "2018-06-30": 326, "2018-03-31": "-3072.00000", "2017-12-31": -1190, "2017-09-30": 46, "2017-06-30": 349, "2017-03-31": "-1054.00000", "2016-12-31": -586, "2016-09-30": 136, "2016-06-30": 380, "2016-03-31": "301.00000", "2015-12-31": 283, "2015-09-30": -393, "2015-06-30": 175, "2015-03-31": "161.00000", "2014-12-31": -206, "2014-09-30": 278, "2014-06-30": 385, "2014-03-31": "216.00000", "2013-12-31": 236, "2013-09-30": 53, "2013-06-30": -27, "2013-03-31": "463.00000", "2012-12-31": 193, "2012-09-30": 286, "2012-06-30": 20, "2012-03-31": "-5.00000", "2011-12-31": 118, "2011-09-30": 470, "2011-06-30": -69, "2011-03-31": "285.00000", "2010-12-31": 503, "2010-09-30": -260, "2010-06-30": -177, "2010-03-31": "-499.00000", "2009-12-31": 391, "2009-09-30": 268, "2009-06-30": 212, "2009-03-31": "166.00000", "2008-12-31": 362, "2008-09-30": -324, "2008-06-30": -123, "2008-03-31": "332.00000", "2007-12-31": 255, "2007-09-30": -230, "2007-06-30": -276, "2007-03-31": "819.00000", "2006-12-31": 277, "2006-09-30": 247, "2006-06-30": 182, "2006-03-31": "118.00000", "2005-12-31": -559, "2005-09-30": -401, "2005-06-30": -118, "2005-03-31": "90.00000"}, "Total Non-Cash Items": {"2020-12-31": 1911, "2020-09-30": 1820, "2020-06-30": 727, "2020-03-31": "1760.00000", "2019-12-31": 662, "2019-09-30": 1797, "2019-06-30": 602, "2019-03-31": "1329.00000", "2018-12-31": 1118, "2018-09-30": 1231, "2018-06-30": 1220, "2018-03-31": "-2147.00000", "2017-12-31": -1338, "2017-09-30": 1184, "2017-06-30": 1306, "2017-03-31": "-363.00000", "2016-12-31": 305, "2016-09-30": 1206, "2016-06-30": 1196, "2016-03-31": "952.00000", "2015-12-31": 1124, "2015-09-30": 507, "2015-06-30": 1000, "2015-03-31": "798.00000", "2014-12-31": 572, "2014-09-30": 1150, "2014-06-30": 1080, "2014-03-31": "767.00000", "2013-12-31": 972, "2013-09-30": 743, "2013-06-30": 568, "2013-03-31": "963.00000", "2012-12-31": 645, "2012-09-30": 807, "2012-06-30": 428, "2012-03-31": "391.00000", "2011-12-31": 521, "2011-09-30": 1045, "2011-06-30": 400, "2011-03-31": "687.00000", "2010-12-31": 1032, "2010-09-30": 344, "2010-06-30": 277, "2010-03-31": "-13.00000", "2009-12-31": 932, "2009-09-30": 768, "2009-06-30": 706, "2009-03-31": "635.00000", "2008-12-31": 788, "2008-09-30": 125, "2008-06-30": 254, "2008-03-31": "723.00000", "2007-12-31": 717, "2007-09-30": 75, "2007-06-30": 85, "2007-03-31": "1170.00000", "2006-12-31": 752, "2006-09-30": 499, "2006-06-30": 534, "2006-03-31": "460.00000", "2005-12-31": -178, "2005-09-30": 6, "2005-06-30": 251, "2005-03-31": "429.00000"}, "Change In Accounts Receivable": {"2020-12-31": 0, "2020-09-30": 0, "2020-06-30": 0, "2020-03-31": "", "2019-12-31": 0, "2019-09-30": 0, "2019-06-30": 0, "2019-03-31": "", "2018-12-31": 0, "2018-09-30": 0, "2018-06-30": 0, "2018-03-31": "", "2017-12-31": 0, "2017-09-30": 0, "2017-06-30": 0, "2017-03-31": "", "2016-12-31": 0, "2016-09-30": 0, "2016-06-30": 0, "2016-03-31": "", "2015-12-31": 123, "2015-09-30": -115, "2015-06-30": -126, "2015-03-31": "118.00000", "2014-12-31": 263, "2014-09-30": -112, "2014-06-30": -61, "2014-03-31": "-90.00000", "2013-12-31": 116, "2013-09-30": -108, "2013-06-30": -412, "2013-03-31": "136.00000", "2012-12-31": 61, "2012-09-30": -202, "2012-06-30": -204, "2012-03-31": "59.00000", "2011-12-31": 321, "2011-09-30": -162, "2011-06-30": -260, "2011-03-31": "250.00000", "2010-12-31": 188, "2010-09-30": -253, "2010-06-30": -288, "2010-03-31": "251.00000", "2009-12-31": 119, "2009-09-30": -144, "2009-06-30": -181, "2009-03-31": "193.00000", "2008-12-31": 264, "2008-09-30": -45, "2008-06-30": -378, "2008-03-31": "182.00000", "2007-12-31": 197, "2007-09-30": -274, "2007-06-30": -214, "2007-03-31": "61.00000", "2006-12-31": 254, "2006-09-30": -166, "2006-06-30": -238, "2006-03-31": "-3.00000", "2005-12-31": 181, "2005-09-30": -198, "2005-06-30": -215, "2005-03-31": "-57.00000"}, "Change In Inventories": {"2020-12-31": 0, "2020-09-30": 0, "2020-06-30": 0, "2020-03-31": "", "2019-12-31": 0, "2019-09-30": 0, "2019-06-30": 0, "2019-03-31": "", "2018-12-31": 0, "2018-09-30": 0, "2018-06-30": 0, "2018-03-31": "", "2017-12-31": 0, "2017-09-30": 0, "2017-06-30": 0, "2017-03-31": "", "2016-12-31": 0, "2016-09-30": 0, "2016-06-30": 0, "2016-03-31": "", "2015-12-31": 52, "2015-09-30": -66, "2015-06-30": -29, "2015-03-31": "43.00000", "2014-12-31": 112, "2014-09-30": -92, "2014-06-30": -29, "2014-03-31": "9.00000", "2013-12-31": -12, "2013-09-30": -22, "2013-06-30": -22, "2013-03-31": "-25.00000", "2012-12-31": -20, "2012-09-30": 27, "2012-06-30": 12, "2012-03-31": "-18.00000", "2011-12-31": -39, "2011-09-30": -55, "2011-06-30": -196, "2011-03-31": "-18.00000", "2010-12-31": 39, "2010-09-30": -68, "2010-06-30": 25, "2010-03-31": "26.00000", "2009-12-31": 11, "2009-09-30": 12, "2009-06-30": -35, "2009-03-31": "97.00000", "2008-12-31": 50, "2008-09-30": 77, "2008-06-30": -248, "2008-03-31": "15.00000", "2007-12-31": 12, "2007-09-30": 3, "2007-06-30": -95, "2007-03-31": "66.00000", "2006-12-31": -11, "2006-09-30": 5, "2006-06-30": -30, "2006-03-31": "-167.00000", "2005-12-31": -100, "2005-09-30": 8, "2005-06-30": -32, "2005-03-31": "-49.00000"}, "Change In Accounts Payable": {"2020-12-31": 0, "2020-09-30": 0, "2020-06-30": 0, "2020-03-31": "", "2019-12-31": 0, "2019-09-30": 0, "2019-06-30": 0, "2019-03-31": "", "2018-12-31": 0, "2018-09-30": 0, "2018-06-30": 0, "2018-03-31": "", "2017-12-31": 0, "2017-09-30": 0, "2017-06-30": 0, "2017-03-31": "", "2016-12-31": 0, "2016-09-30": 0, "2016-06-30": 0, "2016-03-31": "", "2015-12-31": 131, "2015-09-30": -76, "2015-06-30": 102, "2015-03-31": "-157.00000", "2014-12-31": -147, "2014-09-30": -46, "2014-06-30": 31, "2014-03-31": "162.00000", "2013-12-31": -1, "2013-09-30": -101, "2013-06-30": 182, "2013-03-31": "42.00000", "2012-12-31": -57, "2012-09-30": 13, "2012-06-30": 63, "2012-03-31": "-75.00000", "2011-12-31": -214, "2011-09-30": -163, "2011-06-30": 298, "2011-03-31": "-105.00000", "2010-12-31": 77, "2010-09-30": -258, "2010-06-30": 382, "2010-03-31": "-22.00000", "2009-12-31": 13, "2009-09-30": -158, "2009-06-30": 189, "2009-03-31": "-130.00000", "2008-12-31": -354, "2008-09-30": -426, "2008-06-30": 532, "2008-03-31": "128.00000", "2007-12-31": -140, "2007-09-30": 20, "2007-06-30": 258, "2007-03-31": "-75.00000", "2006-12-31": -51, "2006-09-30": 8, "2006-06-30": 136, "2006-03-31": "-295.00000", "2005-12-31": -186, "2005-09-30": 279, "2005-06-30": 334, "2005-03-31": "-81.00000"}, "Change In Assets/Liabilities": {"2020-12-31": -369, "2020-09-30": 103, "2020-06-30": -164, "2020-03-31": "-174.00000", "2019-12-31": 406, "2019-09-30": 255, "2019-06-30": 54, "2019-03-31": "-338.00000", "2018-12-31": -70, "2018-09-30": 36, "2018-06-30": -175, "2018-03-31": "-396.00000", "2017-12-31": 512, "2017-09-30": -79, "2017-06-30": -48, "2017-03-31": "-39.00000", "2016-12-31": -370, "2016-09-30": 189, "2016-06-30": -101, "2016-03-31": "25.00000", "2015-12-31": 67, "2015-09-30": 287, "2015-06-30": -61, "2015-03-31": "-395.00000", "2014-12-31": 196, "2014-09-30": -186, "2014-06-30": -207, "2014-03-31": "-341.00000", "2013-12-31": 759, "2013-09-30": -371, "2013-06-30": 85, "2013-03-31": "-242.00000", "2012-12-31": 301, "2012-09-30": 42, "2012-06-30": -71, "2012-03-31": "-101.00000", "2011-12-31": 113, "2011-09-30": -55, "2011-06-30": -176, "2011-03-31": "-115.00000", "2010-12-31": -99, "2010-09-30": 250, "2010-06-30": -188, "2010-03-31": "122.00000", "2009-12-31": 85, "2009-09-30": -91, "2009-06-30": 63, "2009-03-31": "-266.00000", "2008-12-31": 53, "2008-09-30": -354, "2008-06-30": 308, "2008-03-31": "-2.00000", "2007-12-31": 109, "2007-09-30": 94, "2007-06-30": -60, "2007-03-31": "78.00000", "2006-12-31": -32, "2006-09-30": -199, "2006-06-30": 24, "2006-03-31": "-381.00000", "2005-12-31": -703, "2005-09-30": 1044, "2005-06-30": -56, "2005-03-31": "-127.00000"}, "Total Change In Assets/Liabilities": {"2020-12-31": -369, "2020-09-30": 103, "2020-06-30": -164, "2020-03-31": "-174.00000", "2019-12-31": 406, "2019-09-30": 255, "2019-06-30": 54, "2019-03-31": "-338.00000", "2018-12-31": -70, "2018-09-30": 36, "2018-06-30": -175, "2018-03-31": "-396.00000", "2017-12-31": 512, "2017-09-30": -79, "2017-06-30": -48, "2017-03-31": "-39.00000", "2016-12-31": -370, "2016-09-30": 189, "2016-06-30": -101, "2016-03-31": "25.00000", "2015-12-31": -58, "2015-09-30": 191, "2015-06-30": 39, "2015-03-31": "-274.00000", "2014-12-31": 76, "2014-09-30": -294, "2014-06-30": -140, "2014-03-31": "-180.00000", "2013-12-31": 576, "2013-09-30": -441, "2013-06-30": 33, "2013-03-31": "-220.00000", "2012-12-31": 1, "2012-09-30": -45, "2012-06-30": -85, "2012-03-31": "-61.00000", "2011-12-31": -110, "2011-09-30": -357, "2011-06-30": -65, "2011-03-31": "30.00000", "2010-12-31": -92, "2010-09-30": -126, "2010-06-30": 137, "2010-03-31": "318.00000", "2009-12-31": -10, "2009-09-30": -286, "2009-06-30": 92, "2009-03-31": "11.00000", "2008-12-31": -43, "2008-09-30": -693, "2008-06-30": 264, "2008-03-31": "287.00000", "2007-12-31": -192, "2007-09-30": 260, "2007-06-30": 86, "2007-03-31": "-140.00000", "2006-12-31": -105, "2006-09-30": -87, "2006-06-30": -136, "2006-03-31": "-815.00000", "2005-12-31": -1032, "2005-09-30": 1297, "2005-06-30": 112, "2005-03-31": "-357.00000"}, "Cash Flow From Operating Activities": {"2020-12-31": 1352, "2020-09-30": 2839, "2020-06-30": 1898, "2020-03-31": "1894.00000", "2019-12-31": 1912, "2019-09-30": 2962, "2019-06-30": 1684, "2019-03-31": "1597.00000", "2018-12-31": 1362, "2018-09-30": 2295, "2018-06-30": 1645, "2018-03-31": "1291.00000", "2017-12-31": 1129, "2017-09-30": 2078, "2017-06-30": 1993, "2017-03-31": "1258.00000", "2016-12-31": 1075, "2016-09-30": 2024, "2016-06-30": 1725, "2016-03-31": "1545.00000", "2015-12-31": 1576, "2015-09-30": 1579, "2015-06-30": 1753, "2015-03-31": "1181.00000", "2014-12-31": 1532, "2014-09-30": 1520, "2014-06-30": 1431, "2014-03-31": "1017.00000", "2013-12-31": 1712, "2013-09-30": 1140, "2013-06-30": 1168, "2013-03-31": "1082.00000", "2012-12-31": 835, "2012-09-30": 1229, "2012-06-30": 1093, "2012-03-31": "835.00000", "2011-12-31": 957, "2011-09-30": 1126, "2011-06-30": 1008, "2011-03-31": "983.00000", "2010-12-31": 1065, "2010-09-30": 1021, "2010-06-30": 852, "2010-03-31": "896.00000", "2009-12-31": 1137, "2009-09-30": 1182, "2009-06-30": 1101, "2009-03-31": "1043.00000", "2008-12-31": 1044, "2008-09-30": 291, "2008-06-30": 751, "2008-03-31": "1317.00000", "2007-12-31": 847, "2007-09-30": 896, "2007-06-30": 631, "2007-03-31": "1219.00000", "2006-12-31": 1078, "2006-09-30": 946, "2006-06-30": 591, "2006-03-31": "-117.00000", "2005-12-31": -969, "2005-09-30": 1722, "2005-06-30": 580, "2005-03-31": "214.00000"}, "Net Change In Property, Plant, And Equipment": {"2020-12-31": -8372, "2020-09-30": -1631, "2020-06-30": -311, "2020-03-31": "-3284.00000", "2019-12-31": -2157, "2019-09-30": -1451, "2019-06-30": 723, "2019-03-31": "-7029.00000", "2018-12-31": -237, "2018-09-30": 1507, "2018-06-30": -4324, "2018-03-31": "-1288.00000", "2017-12-31": 3201, "2017-09-30": -5597, "2017-06-30": 2348, "2017-03-31": "-5179.00000", "2016-12-31": 3952, "2016-09-30": -1864, "2016-06-30": -1791, "2016-03-31": "-3879.00000", "2015-12-31": -2683, "2015-09-30": -1867, "2015-06-30": -2209, "2015-03-31": "-1566.00000", "2014-12-31": -1959, "2014-09-30": -1785, "2014-06-30": -1153, "2014-03-31": "-1813.00000", "2013-12-31": -1858, "2013-09-30": -1505, "2013-06-30": -1287, "2013-03-31": "-1867.00000", "2012-12-31": -2772, "2012-09-30": -2659, "2012-06-30": -2016, "2012-03-31": "-2014.00000", "2011-12-31": -1107, "2011-09-30": -1457, "2011-06-30": -1416, "2011-03-31": "-1444.00000", "2010-12-31": -1773, "2010-09-30": -1316, "2010-06-30": -1344, "2010-03-31": "-1413.00000", "2009-12-31": -1981, "2009-09-30": -1585, "2009-06-30": -1369, "2009-03-31": "-1071.00000", "2008-12-31": -1521, "2008-09-30": -1241, "2008-06-30": -1281, "2008-03-31": "-1193.00000", "2007-12-31": -623, "2007-09-30": -1992, "2007-06-30": -865, "2007-03-31": "-839.00000", "2006-12-31": -880, "2006-09-30": -708, "2006-06-30": -929, "2006-03-31": "-1202.00000", "2005-12-31": -608, "2005-09-30": -605, "2005-06-30": -576, "2005-03-31": "-688.00000"}, "Net Change In Intangible Assets": {"2020-12-31": 0, "2020-09-30": 0, "2020-06-30": 0, "2020-03-31": "", "2019-12-31": 0, "2019-09-30": 0, "2019-06-30": 0, "2019-03-31": "", "2018-12-31": 0, "2018-09-30": 0, "2018-06-30": 0, "2018-03-31": "", "2017-12-31": 0, "2017-09-30": 0, "2017-06-30": 0, "2017-03-31": "", "2016-12-31": 0, "2016-09-30": 0, "2016-06-30": 0, "2016-03-31": "", "2015-12-31": 0, "2015-09-30": 0, "2015-06-30": 0, "2015-03-31": "", "2014-12-31": 0, "2014-09-30": 0, "2014-06-30": 0, "2014-03-31": "", "2013-12-31": 0, "2013-09-30": 0, "2013-06-30": 0, "2013-03-31": "", "2012-12-31": 0, "2012-09-30": 0, "2012-06-30": 0, "2012-03-31": "", "2011-12-31": 0, "2011-09-30": 0, "2011-06-30": 0, "2011-03-31": "", "2010-12-31": 0, "2010-09-30": 0, "2010-06-30": 0, "2010-03-31": "", "2009-12-31": 0, "2009-09-30": 0, "2009-06-30": 0, "2009-03-31": "", "2008-12-31": 0, "2008-09-30": 0, "2008-06-30": 0, "2008-03-31": "", "2007-12-31": 0, "2007-09-30": 0, "2007-06-30": 0, "2007-03-31": "", "2006-12-31": 0, "2006-09-30": 0, "2006-06-30": 0, "2006-03-31": "", "2005-12-31": 0, "2005-09-30": 0, "2005-06-30": 0, "2005-03-31": ""}, "Net Acquisitions/Divestitures": {"2020-12-31": 0, "2020-09-30": 0, "2020-06-30": 0, "2020-03-31": "", "2019-12-31": 0, "2019-09-30": 0, "2019-06-30": 0, "2019-03-31": "", "2018-12-31": 0, "2018-09-30": 0, "2018-06-30": 0, "2018-03-31": "", "2017-12-31": -28, "2017-09-30": 0, "2017-06-30": -2, "2017-03-31": "1484.00000", "2016-12-31": 0, "2016-09-30": 0, "2016-06-30": 0, "2016-03-31": "", "2015-12-31": 0, "2015-09-30": 0, "2015-06-30": 0, "2015-03-31": "", "2014-12-31": 0, "2014-09-30": 0, "2014-06-30": 0, "2014-03-31": "", "2013-12-31": 0, "2013-09-30": 0, "2013-06-30": 0, "2013-03-31": "", "2012-12-31": 0, "2012-09-30": 0, "2012-06-30": 0, "2012-03-31": "", "2011-12-31": 0, "2011-09-30": 0, "2011-06-30": 0, "2011-03-31": "", "2010-12-31": 0, "2010-09-30": 0, "2010-06-30": 0, "2010-03-31": "", "2009-12-31": 0, "2009-09-30": 0, "2009-06-30": 0, "2009-03-31": "", "2008-12-31": 0, "2008-09-30": 0, "2008-06-30": 0, "2008-03-31": "", "2007-12-31": 0, "2007-09-30": 0, "2007-06-30": 0, "2007-03-31": "", "2006-12-31": 0, "2006-09-30": 0, "2006-06-30": 0, "2006-03-31": "", "2005-12-31": 0, "2005-09-30": 0, "2005-06-30": 0, "2005-03-31": ""}, "Net Change In Short-term Investments": {"2020-12-31": 0, "2020-09-30": 0, "2020-06-30": 0, "2020-03-31": "", "2019-12-31": 0, "2019-09-30": 0, "2019-06-30": 0, "2019-03-31": "", "2018-12-31": 0, "2018-09-30": 0, "2018-06-30": 0, "2018-03-31": "", "2017-12-31": 0, "2017-09-30": 0, "2017-06-30": 0, "2017-03-31": "", "2016-12-31": 0, "2016-09-30": 0, "2016-06-30": 0, "2016-03-31": "", "2015-12-31": 0, "2015-09-30": 0, "2015-06-30": 0, "2015-03-31": "", "2014-12-31": 0, "2014-09-30": 0, "2014-06-30": 0, "2014-03-31": "", "2013-12-31": 0, "2013-09-30": 0, "2013-06-30": 0, "2013-03-31": "", "2012-12-31": 0, "2012-09-30": 0, "2012-06-30": 0, "2012-03-31": "", "2011-12-31": 0, "2011-09-30": 0, "2011-06-30": 0, "2011-03-31": "", "2010-12-31": 0, "2010-09-30": 0, "2010-06-30": 0, "2010-03-31": "", "2009-12-31": 0, "2009-09-30": 0, "2009-06-30": 0, "2009-03-31": "", "2008-12-31": 0, "2008-09-30": 54, "2008-06-30": -54, "2008-03-31": "", "2007-12-31": 0, "2007-09-30": 173, "2007-06-30": -173, "2007-03-31": "", "2006-12-31": 0, "2006-09-30": 38, "2006-06-30": -38, "2006-03-31": "", "2005-12-31": 0, "2005-09-30": 0, "2005-06-30": 0, "2005-03-31": ""}, "Net Change In Long-Term Investments": {"2020-12-31": -41, "2020-09-30": -35, "2020-06-30": -105, "2020-03-31": "-3.00000", "2019-12-31": -63, "2019-09-30": -43, "2019-06-30": 7, "2019-03-31": "-53.00000", "2018-12-31": -42, "2018-09-30": -73, "2018-06-30": 549, "2018-03-31": "-120.00000", "2017-12-31": 50, "2017-09-30": 32, "2017-06-30": -43, "2017-03-31": "-69.00000", "2016-12-31": 23, "2016-09-30": -31, "2016-06-30": -30, "2016-03-31": "-15.00000", "2015-12-31": -10, "2015-09-30": -35, "2015-06-30": -29, "2015-03-31": "-57.00000", "2014-12-31": -24, "2014-09-30": -42, "2014-06-30": -50, "2014-03-31": "-30.00000", "2013-12-31": 6, "2013-09-30": -31, "2013-06-30": -31, "2013-03-31": "-9.00000", "2012-12-31": 26, "2012-09-30": -40, "2012-06-30": -71, "2012-03-31": "-33.00000", "2011-12-31": -16, "2011-09-30": -33, "2011-06-30": -27, "2011-03-31": "-43.00000", "2010-12-31": -19, "2010-09-30": -34, "2010-06-30": -3, "2010-03-31": "-46.00000", "2009-12-31": -43, "2009-09-30": -11, "2009-06-30": -47, "2009-03-31": "-26.00000", "2008-12-31": 47, "2008-09-30": -142, "2008-06-30": -7, "2008-03-31": "-34.00000", "2007-12-31": -22, "2007-09-30": -226, "2007-06-30": 52, "2007-03-31": "-40.00000", "2006-12-31": -19, "2006-09-30": -66, "2006-06-30": 20, "2006-03-31": "-30.00000", "2005-12-31": 124, "2005-09-30": 92, "2005-06-30": -45, "2005-03-31": "-45.00000"}, "Net Change In Investments - Total": {"2020-12-31": -41, "2020-09-30": -35, "2020-06-30": -105, "2020-03-31": "-3.00000", "2019-12-31": -63, "2019-09-30": -43, "2019-06-30": 7, "2019-03-31": "-53.00000", "2018-12-31": -42, "2018-09-30": -73, "2018-06-30": 549, "2018-03-31": "-120.00000", "2017-12-31": 50, "2017-09-30": 32, "2017-06-30": -43, "2017-03-31": "-69.00000", "2016-12-31": 23, "2016-09-30": -31, "2016-06-30": -30, "2016-03-31": "-15.00000", "2015-12-31": -10, "2015-09-30": -35, "2015-06-30": -29, "2015-03-31": "-57.00000", "2014-12-31": -24, "2014-09-30": -42, "2014-06-30": -50, "2014-03-31": "-30.00000", "2013-12-31": 6, "2013-09-30": -31, "2013-06-30": -31, "2013-03-31": "-9.00000", "2012-12-31": 26, "2012-09-30": -40, "2012-06-30": -71, "2012-03-31": "-33.00000", "2011-12-31": -16, "2011-09-30": -33, "2011-06-30": -27, "2011-03-31": "-43.00000", "2010-12-31": -19, "2010-09-30": -34, "2010-06-30": -3, "2010-03-31": "-46.00000", "2009-12-31": -43, "2009-09-30": -11, "2009-06-30": -47, "2009-03-31": "-26.00000", "2008-12-31": 47, "2008-09-30": -88, "2008-06-30": -61, "2008-03-31": "-34.00000", "2007-12-31": -22, "2007-09-30": -53, "2007-06-30": -121, "2007-03-31": "-40.00000", "2006-12-31": -19, "2006-09-30": -28, "2006-06-30": -18, "2006-03-31": "-30.00000", "2005-12-31": 124, "2005-09-30": 92, "2005-06-30": -45, "2005-03-31": "-45.00000"}, "Investing Activities - Other": {"2020-12-31": 3920, "2020-09-30": -1355, "2020-06-30": -2634, "2020-03-31": "152.00000", "2019-12-31": -1494, "2019-09-30": -2078, "2019-06-30": -2676, "2019-03-31": "137.00000", "2018-12-31": -2110, "2018-09-30": -4640, "2018-06-30": 2087, "2018-03-31": "-2259.00000", "2017-12-31": -5290, "2017-09-30": 4228, "2017-06-30": -4147, "2017-03-31": "94.00000", "2016-12-31": -5038, "2016-09-30": 349, "2016-06-30": 65, "2016-03-31": "213.00000", "2015-12-31": 174, "2015-09-30": 179, "2015-06-30": 48, "2015-03-31": "59.00000", "2014-12-31": -300, "2014-09-30": 854, "2014-06-30": -60, "2014-03-31": "1.00000", "2013-12-31": -5, "2013-09-30": 55, "2013-06-30": 111, "2013-03-31": "298.00000", "2012-12-31": 319, "2012-09-30": 219, "2012-06-30": 61, "2012-03-31": "52.00000", "2011-12-31": 266, "2011-09-30": -573, "2011-06-30": 161, "2011-03-31": "410.00000", "2010-12-31": 64, "2010-09-30": 77, "2010-06-30": 425, "2010-03-31": "98.00000", "2009-12-31": 107, "2009-09-30": -1, "2009-06-30": 91, "2009-03-31": "1.00000", "2008-12-31": -477, "2008-09-30": 2, "2008-06-30": 0, "2008-03-31": "39.00000", "2007-12-31": -51, "2007-09-30": 2, "2007-06-30": 0, "2007-03-31": "26.00000", "2006-12-31": -2, "2006-09-30": 1, "2006-06-30": 9, "2006-03-31": "-1.00000", "2005-12-31": 184, "2005-09-30": -28, "2005-06-30": 17, "2005-03-31": "13.00000"}, "Cash Flow From Investing Activities": {"2020-12-31": -4493, "2020-09-30": -3021, "2020-06-30": -3050, "2020-03-31": "-3135.00000", "2019-12-31": -3714, "2019-09-30": -3572, "2019-06-30": -1946, "2019-03-31": "-6945.00000", "2018-12-31": -2389, "2018-09-30": -3206, "2018-06-30": -1688, "2018-03-31": "-3667.00000", "2017-12-31": -2067, "2017-09-30": -1337, "2017-06-30": -1844, "2017-03-31": "-3670.00000", "2016-12-31": -1063, "2016-09-30": -1546, "2016-06-30": -1756, "2016-03-31": "-3681.00000", "2015-12-31": -2519, "2015-09-30": -1723, "2015-06-30": -2190, "2015-03-31": "-1564.00000", "2014-12-31": -2283, "2014-09-30": -973, "2014-06-30": -1263, "2014-03-31": "-1842.00000", "2013-12-31": -1857, "2013-09-30": -1481, "2013-06-30": -1207, "2013-03-31": "-1578.00000", "2012-12-31": -2427, "2012-09-30": -2480, "2012-06-30": -2026, "2012-03-31": "-1995.00000", "2011-12-31": -857, "2011-09-30": -2063, "2011-06-30": -1282, "2011-03-31": "-1077.00000", "2010-12-31": -1728, "2010-09-30": -1273, "2010-06-30": -922, "2010-03-31": "-1361.00000", "2009-12-31": -1917, "2009-09-30": -1597, "2009-06-30": -1325, "2009-03-31": "-1096.00000", "2008-12-31": -1951, "2008-09-30": -1327, "2008-06-30": -1342, "2008-03-31": "-1188.00000", "2007-12-31": -696, "2007-09-30": -2043, "2007-06-30": -986, "2007-03-31": "-853.00000", "2006-12-31": -901, "2006-09-30": -735, "2006-06-30": -938, "2006-03-31": "-1233.00000", "2005-12-31": -300, "2005-09-30": -541, "2005-06-30": -604, "2005-03-31": "-720.00000"}, "Net Long-Term Debt": {"2020-12-31": -1907, "2020-09-30": 2070, "2020-06-30": 2096, "2020-03-31": "4042.00000", "2019-12-31": 1075, "2019-09-30": 1679, "2019-06-30": 3071, "2019-03-31": "2602.00000", "2018-12-31": -138, "2018-09-30": -226, "2018-06-30": 799, "2018-03-31": "862.00000", "2017-12-31": 270, "2017-09-30": 418, "2017-06-30": 745, "2017-03-31": "141.00000", "2016-12-31": 357, "2016-09-30": 477, "2016-06-30": 630, "2016-03-31": "883.00000", "2015-12-31": 298, "2015-09-30": 249, "2015-06-30": 604, "2015-03-31": "649.00000", "2014-12-31": -753, "2014-09-30": 603, "2014-06-30": 516, "2014-03-31": "-62.00000", "2013-12-31": -209, "2013-09-30": 547, "2013-06-30": 1737, "2013-03-31": "-300.00000", "2012-12-31": 2113, "2012-09-30": 1221, "2012-06-30": 1252, "2012-03-31": "432.00000", "2011-12-31": 590, "2011-09-30": 767, "2011-06-30": 513, "2011-03-31": "-51.00000", "2010-12-31": 508, "2010-09-30": 1131, "2010-06-30": 618, "2010-03-31": "698.00000", "2009-12-31": 608, "2009-09-30": -81, "2009-06-30": -91, "2009-03-31": "1149.00000", "2008-12-31": 1206, "2008-09-30": 756, "2008-06-30": 1, "2008-03-31": "506.00000", "2007-12-31": 175, "2007-09-30": 525, "2007-06-30": 1251, "2007-03-31": "-618.00000", "2006-12-31": 300, "2006-09-30": 661, "2006-06-30": 427, "2006-03-31": "355.00000", "2005-12-31": -227, "2005-09-30": 274, "2005-06-30": 225, "2005-03-31": "-101.00000"}, "Net Current Debt": {"2020-12-31": 4501, "2020-09-30": 221, "2020-06-30": -2792, "2020-03-31": "685.00000", "2019-12-31": 1574, "2019-09-30": -1801, "2019-06-30": -2470, "2019-03-31": "-498.00000", "2018-12-31": 7165, "2018-09-30": 293, "2018-06-30": -372, "2018-03-31": "1027.00000", "2017-12-31": 937, "2017-09-30": 297, "2017-06-30": -194, "2017-03-31": "2241.00000", "2016-12-31": 871, "2016-09-30": -788, "2016-06-30": -178, "2016-03-31": "1686.00000", "2015-12-31": 543, "2015-09-30": 189, "2015-06-30": -305, "2015-03-31": "-22.00000", "2014-12-31": 1364, "2014-09-30": -931, "2014-06-30": -232, "2014-03-31": "1157.00000", "2013-12-31": -41, "2013-09-30": -135, "2013-06-30": -1353, "2013-03-31": "946.00000", "2012-12-31": -421, "2012-09-30": 175, "2012-06-30": -414, "2012-03-31": "582.00000", "2011-12-31": -586, "2011-09-30": 786, "2011-06-30": -328, "2011-03-31": "488.00000", "2010-12-31": -195, "2010-09-30": -881, "2010-06-30": -970, "2010-03-31": "916.00000", "2009-12-31": 438, "2009-09-30": 459, "2009-06-30": 477, "2009-03-31": "-1220.00000", "2008-12-31": -1189, "2008-09-30": 1616, "2008-06-30": 576, "2008-03-31": "-155.00000", "2007-12-31": -318, "2007-09-30": 428, "2007-06-30": -235, "2007-03-31": "3.00000", "2006-12-31": 118, "2006-09-30": -713, "2006-06-30": 49, "2006-03-31": "484.00000", "2005-12-31": 1082, "2005-09-30": -394, "2005-06-30": -221, "2005-03-31": "200.00000"}, "Debt Issuance/Retirement Net - Total": {"2020-12-31": 2594, "2020-09-30": 2291, "2020-06-30": -696, "2020-03-31": "4727.00000", "2019-12-31": 2649, "2019-09-30": -122, "2019-06-30": 601, "2019-03-31": "2104.00000", "2018-12-31": 7027, "2018-09-30": 67, "2018-06-30": 427, "2018-03-31": "1889.00000", "2017-12-31": 1207, "2017-09-30": 715, "2017-06-30": 551, "2017-03-31": "2382.00000", "2016-12-31": 1228, "2016-09-30": -311, "2016-06-30": 452, "2016-03-31": "2569.00000", "2015-12-31": 841, "2015-09-30": 438, "2015-06-30": 299, "2015-03-31": "627.00000", "2014-12-31": 611, "2014-09-30": -328, "2014-06-30": 284, "2014-03-31": "1095.00000", "2013-12-31": -250, "2013-09-30": 412, "2013-06-30": 384, "2013-03-31": "646.00000", "2012-12-31": 1692, "2012-09-30": 1396, "2012-06-30": 838, "2012-03-31": "1014.00000", "2011-12-31": 4, "2011-09-30": 1553, "2011-06-30": 185, "2011-03-31": "437.00000", "2010-12-31": 313, "2010-09-30": 250, "2010-06-30": -352, "2010-03-31": "1614.00000", "2009-12-31": 1046, "2009-09-30": 378, "2009-06-30": 386, "2009-03-31": "-71.00000", "2008-12-31": 17, "2008-09-30": 2372, "2008-06-30": 577, "2008-03-31": "351.00000", "2007-12-31": -143, "2007-09-30": 953, "2007-06-30": 1016, "2007-03-31": "-615.00000", "2006-12-31": 418, "2006-09-30": -52, "2006-06-30": 476, "2006-03-31": "839.00000", "2005-12-31": 855, "2005-09-30": -120, "2005-06-30": 4, "2005-03-31": "99.00000"}, "Net Common Equity Issued/Repurchased": {"2020-12-31": 8, "2020-09-30": -49, "2020-06-30": 6, "2020-03-31": "-57.00000", "2019-12-31": 6, "2019-09-30": 1462, "2019-06-30": 6, "2019-03-31": "20.00000", "2018-12-31": 4, "2018-09-30": 703, "2018-06-30": 4, "2018-03-31": "7.00000", "2017-12-31": 19, "2017-09-30": 11, "2017-06-30": 18, "2017-03-31": "7.00000", "2016-12-31": 9, "2016-09-30": 485, "2016-06-30": 26, "2016-03-31": "17.00000", "2015-12-31": 24, "2015-09-30": 644, "2015-06-30": 614, "2015-03-31": "16.00000", "2014-12-31": 576, "2014-09-30": 15, "2014-06-30": 17, "2014-03-31": "25.00000", "2013-12-31": 427, "2013-09-30": 406, "2013-06-30": 1, "2013-03-31": "8.00000", "2012-12-31": 19, "2012-09-30": 14, "2012-06-30": 360, "2012-03-31": "-7.00000", "2011-12-31": -366, "2011-09-30": 6, "2011-06-30": 15, "2011-03-31": "18.00000", "2010-12-31": 124, "2010-09-30": 115, "2010-06-30": 57, "2010-03-31": "12.00000", "2009-12-31": 12, "2009-09-30": 103, "2009-06-30": 34, "2009-03-31": "49.00000", "2008-12-31": 9, "2008-09-30": 9, "2008-06-30": 15, "2008-03-31": "8.00000", "2007-12-31": 10, "2007-09-30": 9, "2007-06-30": 16, "2007-03-31": "11.00000", "2006-12-31": 21, "2006-09-30": 9, "2006-06-30": 4, "2006-03-31": "299.00000", "2005-12-31": 6, "2005-09-30": 23, "2005-06-30": 7, "2005-03-31": "603.00000"}, "Net Total Equity Issued/Repurchased": {"2020-12-31": 8, "2020-09-30": -49, "2020-06-30": 6, "2020-03-31": "-57.00000", "2019-12-31": 6, "2019-09-30": 1462, "2019-06-30": 6, "2019-03-31": "20.00000", "2018-12-31": 4, "2018-09-30": 703, "2018-06-30": 4, "2018-03-31": "7.00000", "2017-12-31": 567, "2017-09-30": 11, "2017-06-30": 18, "2017-03-31": "7.00000", "2016-12-31": 9, "2016-09-30": 485, "2016-06-30": 26, "2016-03-31": "17.00000", "2015-12-31": 24, "2015-09-30": 644, "2015-06-30": 614, "2015-03-31": "16.00000", "2014-12-31": 576, "2014-09-30": 15, "2014-06-30": 17, "2014-03-31": "25.00000", "2013-12-31": 427, "2013-09-30": 406, "2013-06-30": 1, "2013-03-31": "8.00000", "2012-12-31": 19, "2012-09-30": 14, "2012-06-30": 360, "2012-03-31": "-7.00000", "2011-12-31": -366, "2011-09-30": 6, "2011-06-30": 15, "2011-03-31": "18.00000", "2010-12-31": 124, "2010-09-30": 115, "2010-06-30": 57, "2010-03-31": "12.00000", "2009-12-31": 12, "2009-09-30": 103, "2009-06-30": 34, "2009-03-31": "49.00000", "2008-12-31": 9, "2008-09-30": 9, "2008-06-30": 15, "2008-03-31": "8.00000", "2007-12-31": 10, "2007-09-30": 9, "2007-06-30": 16, "2007-03-31": "11.00000", "2006-12-31": 21, "2006-09-30": 9, "2006-06-30": 4, "2006-03-31": "299.00000", "2005-12-31": 11, "2005-09-30": 23, "2005-06-30": 7, "2005-03-31": "598.00000"}, "Total Common And Preferred Stock Dividends Paid": {"2020-12-31": -686, "2020-09-30": -686, "2020-06-30": -686, "2020-03-31": "-685.00000", "2019-12-31": -611, "2019-09-30": -600, "2019-06-30": -599, "2019-03-31": "-598.00000", "2018-12-31": -531, "2018-09-30": -523, "2018-06-30": -524, "2018-03-31": "-523.00000", "2017-12-31": -463, "2017-09-30": -462, "2017-06-30": -460, "2017-03-31": "-460.00000", "2016-12-31": -407, "2016-09-30": -402, "2016-06-30": -402, "2016-03-31": "-401.00000", "2015-12-31": -354, "2015-09-30": -348, "2015-06-30": -342, "2015-03-31": "-341.00000", "2014-12-31": -316, "2014-09-30": -315, "2014-06-30": -315, "2014-03-31": "-315.00000", "2013-12-31": -286, "2013-09-30": -279, "2013-06-30": -278, "2013-03-31": "-279.00000", "2012-12-31": -252, "2012-09-30": -252, "2012-06-30": -252, "2012-03-31": "-248.00000", "2011-12-31": -231, "2011-09-30": -230, "2011-06-30": -230, "2011-03-31": "-229.00000", "2010-12-31": -207, "2010-09-30": -206, "2010-06-30": -206, "2010-03-31": "-204.00000", "2009-12-31": -192, "2009-09-30": -192, "2009-06-30": -191, "2009-03-31": "-191.00000", "2008-12-31": -179, "2008-09-30": -179, "2008-06-30": -178, "2008-03-31": "-178.00000", "2007-12-31": -164, "2007-09-30": -164, "2007-06-30": -163, "2007-03-31": "-163.00000", "2006-12-31": -148, "2006-09-30": -149, "2006-06-30": -148, "2006-03-31": "-148.00000", "2005-12-31": -137, "2005-09-30": -136, "2005-06-30": -136, "2005-03-31": "-135.00000"}, "Financial Activities - Other": {"2020-12-31": 344, "2020-09-30": -365, "2020-06-30": 138, "2020-03-31": "-24.00000", "2019-12-31": -694, "2019-09-30": -269, "2019-06-30": 617, "2019-03-31": "-99.00000", "2018-12-31": -935, "2018-09-30": 635, "2018-06-30": -30, "2018-03-31": "-63.00000", "2017-12-31": -185, "2017-09-30": -179, "2017-06-30": -115, "2017-03-31": "-246.00000", "2016-12-31": -205, "2016-09-30": -299, "2016-06-30": 57, "2016-03-31": "8.00000", "2015-12-31": -182, "2015-09-30": 40, "2015-06-30": -52, "2015-03-31": "-27.00000", "2014-12-31": -28, "2014-09-30": -56, "2014-06-30": -20, "2014-03-31": "70.00000", "2013-12-31": 134, "2013-09-30": -51, "2013-06-30": 128, "2013-03-31": "7.00000", "2012-12-31": 216, "2012-09-30": 44, "2012-06-30": 7, "2012-03-31": "299.00000", "2011-12-31": 230, "2011-09-30": -39, "2011-06-30": 166, "2011-03-31": "-9.00000", "2010-12-31": -56, "2010-09-30": 55, "2010-06-30": 185, "2010-03-31": "20.00000", "2009-12-31": -12, "2009-09-30": 14, "2009-06-30": -5, "2009-03-31": "7.00000", "2008-12-31": 3, "2008-09-30": 2, "2008-06-30": -2, "2008-03-31": "3.00000", "2007-12-31": 86, "2007-09-30": -24, "2007-06-30": -17, "2007-03-31": "7.00000", "2006-12-31": -7, "2006-09-30": 6, "2006-06-30": 1, "2006-03-31": "-22.00000", "2005-12-31": -32, "2005-09-30": 0, "2005-06-30": 62, "2005-03-31": "-40.00000"}, "Cash Flow From Financial Activities": {"2020-12-31": 2260, "2020-09-30": 1191, "2020-06-30": -1238, "2020-03-31": "3961.00000", "2019-12-31": 1350, "2019-09-30": 471, "2019-06-30": 625, "2019-03-31": "1427.00000", "2018-12-31": 5565, "2018-09-30": 882, "2018-06-30": -123, "2018-03-31": "1310.00000", "2017-12-31": 1126, "2017-09-30": 85, "2017-06-30": -6, "2017-03-31": "1683.00000", "2016-12-31": 625, "2016-09-30": -527, "2016-06-30": 133, "2016-03-31": "2193.00000", "2015-12-31": 329, "2015-09-30": 774, "2015-06-30": 519, "2015-03-31": "275.00000", "2014-12-31": 843, "2014-09-30": -684, "2014-06-30": -34, "2014-03-31": "875.00000", "2013-12-31": 25, "2013-09-30": 488, "2013-06-30": 235, "2013-03-31": "382.00000", "2012-12-31": 1675, "2012-09-30": 1202, "2012-06-30": 953, "2012-03-31": "1058.00000", "2011-12-31": -363, "2011-09-30": 1290, "2011-06-30": 136, "2011-03-31": "217.00000", "2010-12-31": 174, "2010-09-30": 214, "2010-06-30": -316, "2010-03-31": "1442.00000", "2009-12-31": 854, "2009-09-30": 303, "2009-06-30": 224, "2009-03-31": "-206.00000", "2008-12-31": -150, "2008-09-30": 2204, "2008-06-30": 412, "2008-03-31": "184.00000", "2007-12-31": -211, "2007-09-30": 774, "2007-06-30": 852, "2007-03-31": "-760.00000", "2006-12-31": 284, "2006-09-30": -186, "2006-06-30": 333, "2006-03-31": "968.00000", "2005-12-31": 697, "2005-09-30": -233, "2005-06-30": -63, "2005-03-31": "522.00000"}, "Net Cash Flow": {"2020-12-31": -891, "2020-09-30": 1001, "2020-06-30": -2398, "2020-03-31": "2726.00000", "2019-12-31": -450, "2019-09-30": -145, "2019-06-30": 362, "2019-03-31": "-3912.00000", "2018-12-31": 4532, "2018-09-30": -15, "2018-06-30": -172, "2018-03-31": "-1075.00000", "2017-12-31": 214, "2017-09-30": 826, "2017-06-30": 143, "2017-03-31": "-729.00000", "2016-12-31": 647, "2016-09-30": -49, "2016-06-30": 102, "2016-03-31": "57.00000", "2015-12-31": -597, "2015-09-30": 630, "2015-06-30": 82, "2015-03-31": "-108.00000", "2014-12-31": 92, "2014-09-30": -137, "2014-06-30": 134, "2014-03-31": "50.00000", "2013-12-31": -120, "2013-09-30": 147, "2013-06-30": 196, "2013-03-31": "-114.00000", "2012-12-31": 83, "2012-09-30": -49, "2012-06-30": 20, "2012-03-31": "-102.00000", "2011-12-31": -263, "2011-09-30": 353, "2011-06-30": -138, "2011-03-31": "123.00000", "2010-12-31": -489, "2010-09-30": -38, "2010-06-30": -386, "2010-03-31": "977.00000", "2009-12-31": 74, "2009-09-30": -112, "2009-06-30": 0, "2009-03-31": "-259.00000", "2008-12-31": -1057, "2008-09-30": 1168, "2008-06-30": -179, "2008-03-31": "313.00000", "2007-12-31": -60, "2007-09-30": -373, "2007-06-30": 497, "2007-03-31": "-394.00000", "2006-12-31": 461, "2006-09-30": 25, "2006-06-30": -14, "2006-03-31": "-382.00000", "2005-12-31": -572, "2005-09-30": 948, "2005-06-30": -87, "2005-03-31": "16.00000"}, "Stock-Based Compensation": {"2020-12-31": 0, "2020-09-30": 0, "2020-06-30": 0, "2020-03-31": "", "2019-12-31": 0, "2019-09-30": 0, "2019-06-30": 0, "2019-03-31": "", "2018-12-31": 0, "2018-09-30": 0, "2018-06-30": 0, "2018-03-31": "", "2017-12-31": 0, "2017-09-30": 0, "2017-06-30": 0, "2017-03-31": "", "2016-12-31": 0, "2016-09-30": 0, "2016-06-30": 0, "2016-03-31": "", "2015-12-31": 0, "2015-09-30": 0, "2015-06-30": 0, "2015-03-31": "", "2014-12-31": 0, "2014-09-30": 0, "2014-06-30": 0, "2014-03-31": "", "2013-12-31": 0, "2013-09-30": 0, "2013-06-30": 0, "2013-03-31": "", "2012-12-31": 0, "2012-09-30": 0, "2012-06-30": 0, "2012-03-31": "", "2011-12-31": 0, "2011-09-30": 0, "2011-06-30": 0, "2011-03-31": "", "2010-12-31": 0, "2010-09-30": 0, "2010-06-30": 0, "2010-03-31": "", "2009-12-31": 0, "2009-09-30": 0, "2009-06-30": 0, "2009-03-31": "", "2008-12-31": 0, "2008-09-30": 0, "2008-06-30": 0, "2008-03-31": "", "2007-12-31": 0, "2007-09-30": 0, "2007-06-30": 0, "2007-03-31": "", "2006-12-31": 0, "2006-09-30": 0, "2006-06-30": 0, "2006-03-31": "", "2005-12-31": 0, "2005-09-30": 0, "2005-06-30": 0, "2005-03-31": ""}, "Common Stock Dividends Paid": {"2020-12-31": -686, "2020-09-30": -686, "2020-06-30": -686, "2020-03-31": "-685.00000", "2019-12-31": -611, "2019-09-30": -600, "2019-06-30": -599, "2019-03-31": "-598.00000", "2018-12-31": -531, "2018-09-30": -523, "2018-06-30": -524, "2018-03-31": "-523.00000", "2017-12-31": -463, "2017-09-30": -462, "2017-06-30": -460, "2017-03-31": "-460.00000", "2016-12-31": -407, "2016-09-30": -402, "2016-06-30": -402, "2016-03-31": "-401.00000", "2015-12-31": -354, "2015-09-30": -348, "2015-06-30": -342, "2015-03-31": "-341.00000", "2014-12-31": -316, "2014-09-30": -315, "2014-06-30": -315, "2014-03-31": "-315.00000", "2013-12-31": -286, "2013-09-30": -279, "2013-06-30": -278, "2013-03-31": "-279.00000", "2012-12-31": -252, "2012-09-30": -252, "2012-06-30": -252, "2012-03-31": "-248.00000", "2011-12-31": -231, "2011-09-30": -230, "2011-06-30": -230, "2011-03-31": "-229.00000", "2010-12-31": -207, "2010-09-30": -206, "2010-06-30": -206, "2010-03-31": "-204.00000", "2009-12-31": -192, "2009-09-30": -192, "2009-06-30": -191, "2009-03-31": "-191.00000", "2008-12-31": -179, "2008-09-30": -179, "2008-06-30": -178, "2008-03-31": "-178.00000", "2007-12-31": -164, "2007-09-30": -164, "2007-06-30": -163, "2007-03-31": "-163.00000", "2006-12-31": -148, "2006-09-30": -149, "2006-06-30": -148, "2006-03-31": "-148.00000", "2005-12-31": -137, "2005-09-30": -136, "2005-06-30": -136, "2005-03-31": "-135.00000"}}, "financial ratios": {"Current Ratio": {"2019-12-31": "0.53480", "2018-12-31": "0.36400", "2017-12-31": "0.63870", "2016-12-31": "0.67850", "2015-12-31": "0.67230", "2014-12-31": "0.71860", "2013-12-31": "0.63580", "2012-12-31": "0.58980", "2011-12-31": "0.72510", "2010-12-31": "0.76160", "2009-12-31": "0.67250", "2008-12-31": "0.70130", "2007-12-31": "0.65630", "2006-12-31": "0.76350", "2005-12-31": "0.68630"}, "Long-term Debt / Capital": {"2019-12-31": "0.47580", "2018-12-31": "0.41720", "2017-12-31": "0.51540", "2016-12-31": "0.52340", "2015-12-31": "0.53580", "2014-12-31": "0.54380", "2013-12-31": "0.57060", "2012-12-31": "0.59060", "2011-12-31": "0.58200", "2010-12-31": "0.55470", "2009-12-31": "0.55690", "2008-12-31": "0.54220", "2007-12-31": "0.51240", "2006-12-31": "0.49130", "2005-12-31": "0.48430"}, "Debt/Equity Ratio": {"2019-12-31": "1.02960", "2018-12-31": "1.00800", "2017-12-31": "1.18600", "2016-12-31": "1.21750", "2015-12-31": "1.28450", "2014-12-31": "1.42310", "2013-12-31": "1.57570", "2012-12-31": "1.70270", "2011-12-31": "1.53700", "2010-12-31": "1.43990", "2009-12-31": "1.45670", "2008-12-31": "1.46270", "2007-12-31": "1.27600", "2006-12-31": "1.24200", "2005-12-31": "1.23840"}, "Gross Margin": {"2019-12-31": "77.28080", "2018-12-31": "77.68880", "2017-12-31": "76.29420", "2016-12-31": "75.26340", "2015-12-31": "69.53560", "2014-12-31": "67.08770", "2013-12-31": "67.24370", "2012-12-31": "64.07830", "2011-12-31": "59.22040", "2010-12-31": "59.24790", "2009-12-31": "52.66250", "2008-12-31": "48.73860", "2007-12-31": "46.32770", "2006-12-31": "43.07450", "2005-12-31": "47.90650"}, "Operating Margin": {"2019-12-31": "27.87440", "2018-12-31": "25.58740", "2017-12-31": "30.12290", "2016-12-31": "27.63040", "2015-12-31": "26.48980", "2014-12-31": "25.75640", "2013-12-31": "21.41250", "2012-12-31": "22.97980", "2011-12-31": "21.25680", "2010-12-31": "21.06810", "2009-12-31": "16.58250", "2008-12-31": "17.21510", "2007-12-31": "14.95770", "2006-12-31": "13.34820", "2005-12-31": "12.57810"}, "EBIT Margin": {"2019-12-31": "27.87440", "2018-12-31": "25.58740", "2017-12-31": "30.12290", "2016-12-31": "27.63040", "2015-12-31": "26.48980", "2014-12-31": "25.75640", "2013-12-31": "21.41250", "2012-12-31": "22.97980", "2011-12-31": "21.25680", "2010-12-31": "21.06810", "2009-12-31": "16.58250", "2008-12-31": "17.21510", "2007-12-31": "14.95770", "2006-12-31": "13.34820", "2005-12-31": "12.57810"}, "EBITDA Margin": {"2019-12-31": "51.19250", "2018-12-31": "50.37960", "2017-12-31": "45.48420", "2016-12-31": "48.87220", "2015-12-31": "44.80730", "2014-12-31": "42.77070", "2013-12-31": "38.06820", "2012-12-31": "35.44470", "2011-12-31": "33.30940", "2010-12-31": "34.60210", "2009-12-31": "29.39330", "2008-12-31": "27.22730", "2007-12-31": "24.64780", "2006-12-31": "22.39340", "2005-12-31": "25.20680"}, "Pre-Tax Profit Margin": {"2019-12-31": "19.97500", "2018-12-31": "43.95290", "2017-12-31": "27.15310", "2016-12-31": "27.12850", "2015-12-31": "22.81830", "2014-12-31": "21.41470", "2013-12-31": "16.21300", "2012-12-31": "18.25900", "2011-12-31": "15.98330", "2010-12-31": "16.24990", "2009-12-31": "12.41450", "2008-12-31": "12.73000", "2007-12-31": "11.00700", "2006-12-31": "10.68110", "2005-12-31": "9.98650"}, "Net Profit Margin": {"2019-12-31": "19.62610", "2018-12-31": "39.68430", "2017-12-31": "31.32830", "2016-12-31": "18.00720", "2015-12-31": "15.73830", "2014-12-31": "14.48210", "2013-12-31": "12.60570", "2012-12-31": "13.40490", "2011-12-31": "12.53500", "2010-12-31": "12.77670", "2009-12-31": "10.32410", "2008-12-31": "9.98780", "2007-12-31": "8.59600", "2006-12-31": "8.15400", "2005-12-31": "7.60590"}, "Asset Turnover": {"2019-12-31": "0.16320", "2018-12-31": "0.16130", "2017-12-31": "0.17530", "2016-12-31": "0.17930", "2015-12-31": "0.21200", "2014-12-31": "0.22810", "2013-12-31": "0.21840", "2012-12-31": "0.22120", "2011-12-31": "0.26830", "2010-12-31": "0.28900", "2009-12-31": "0.32280", "2008-12-31": "0.36610", "2007-12-31": "0.38040", "2006-12-31": "0.43860", "2005-12-31": "0.35910"}, "Inventory Turnover Ratio": {"2019-12-31": "3.28540", "2018-12-31": "3.05150", "2017-12-31": "3.19800", "2016-12-31": "3.09700", "2015-12-31": "4.23110", "2014-12-31": "4.33590", "2013-12-31": "4.30010", "2012-12-31": "4.77260", "2011-12-31": "5.82500", "2010-12-31": "7.28350", "2009-12-31": "8.44360", "2008-12-31": "8.69010", "2007-12-31": "9.55890", "2006-12-31": "11.39240", "2005-12-31": "10.88360"}, "Receiveable Turnover": {"2019-12-31": "6.84150", "2018-12-31": "5.63390", "2017-12-31": "6.27440", "2016-12-31": "6.61660", "2015-12-31": "7.72010", "2014-12-31": "7.88370", "2013-12-31": "6.61250", "2012-12-31": "6.93390", "2011-12-31": "8.51330", "2010-12-31": "5.93220", "2009-12-31": "6.96170", "2008-12-31": "9.61340", "2007-12-31": "8.86870", "2006-12-31": "9.48670", "2005-12-31": "8.28390"}, "Days Sales In Receivables": {"2019-12-31": "53.35110", "2018-12-31": "64.78660", "2017-12-31": "58.17300", "2016-12-31": "55.16390", "2015-12-31": "47.27930", "2014-12-31": "46.29780", "2013-12-31": "55.19850", "2012-12-31": "52.64030", "2011-12-31": "42.87400", "2010-12-31": "61.52840", "2009-12-31": "52.42950", "2008-12-31": "37.96800", "2007-12-31": "41.15610", "2006-12-31": "38.47490", "2005-12-31": "44.06130"}, "ROE - Return On Equity": {"2019-12-31": "8.19150", "2018-12-31": "15.43850", "2017-12-31": "18.02510", "2016-12-31": "11.83930", "2015-12-31": "11.95050", "2014-12-31": "12.24220", "2013-12-31": "9.29600", "2012-12-31": "11.89320", "2011-12-31": "12.86890", "2010-12-31": "13.53300", "2009-12-31": "12.45470", "2008-12-31": "14.03130", "2007-12-31": "12.22170", "2006-12-31": "12.90030", "2005-12-31": "10.52450"}, "Return On Tangible Equity": {"2019-12-31": "9.11830", "2018-12-31": "15.81510", "2017-12-31": "18.02510", "2016-12-31": "11.83930", "2015-12-31": "11.95050", "2014-12-31": "12.24220", "2013-12-31": "9.29600", "2012-12-31": "11.89320", "2011-12-31": "12.86890", "2010-12-31": "13.53300", "2009-12-31": "12.45470", "2008-12-31": "14.03130", "2007-12-31": "12.22170", "2006-12-31": "12.90030", "2005-12-31": "10.52450"}, "ROA - Return On Assets": {"2019-12-31": "2.87870", "2018-12-31": "5.56980", "2017-12-31": "5.43370", "2016-12-31": "3.33250", "2015-12-31": "3.34870", "2014-12-31": "3.30940", "2013-12-31": "2.41970", "2012-12-31": "2.96560", "2011-12-31": "3.36260", "2010-12-31": "3.69290", "2009-12-31": "3.33280", "2008-12-31": "3.65680", "2007-12-31": "3.26990", "2006-12-31": "3.57600", "2005-12-31": "2.73110"}, "ROI - Return On Investment": {"2019-12-31": "4.29390", "2018-12-31": "8.99760", "2017-12-31": "8.73470", "2016-12-31": "5.64260", "2015-12-31": "5.54700", "2014-12-31": "5.58450", "2013-12-31": "3.99200", "2012-12-31": "4.86940", "2011-12-31": "5.37860", "2010-12-31": "6.02640", "2009-12-31": "5.51820", "2008-12-31": "6.42390", "2007-12-31": "5.95960", "2006-12-31": "6.56220", "2005-12-31": "5.42770"}, "Book Value Per Share": {"2019-12-31": "21.14520", "2018-12-31": "19.56750", "2017-12-31": "15.67460", "2016-12-31": "13.53150", "2015-12-31": "12.53360", "2014-12-31": "11.38150", "2013-12-31": "10.36780", "2012-12-31": "9.47410", "2011-12-31": "8.98020", "2010-12-31": "8.58730", "2009-12-31": "7.83030", "2008-12-31": "7.14000", "2007-12-31": "6.59400", "2006-12-31": "6.12960", "2005-12-31": "5.41840"}, "Operating Cash Flow Per Share": {"2019-12-31": 0.7438, "2018-12-31": 0.0386, "2017-12-31": -0.0014, "2016-12-31": 0.0653, "2015-12-31": 0.2287, "2014-12-31": 0.1372, "2013-12-31": 0.6064, "2012-12-31": -0.0501, "2011-12-31": 0.11, "2010-12-31": -0.4193, "2009-12-31": 0.6275, "2008-12-31": -0.1297, "2007-12-31": 0.6673, "2006-12-31": 0.5723, "2005-12-31": 1.0027}, "Free Cash Flow Per Share": {"2019-12-31": -2.0856, "2018-12-31": 0.5285, "2017-12-31": -0.8445, "2016-12-31": 2.7271, "2015-12-31": -0.544, "2014-12-31": 0.1412, "2013-12-31": 2.4331, "2012-12-31": -2.4561, "2011-12-31": 0.4124, "2010-12-31": -0.2706, "2009-12-31": 0.1906, "2008-12-31": -0.6848, "2007-12-31": 0.3168, "2006-12-31": -0.1671, "2005-12-31": -0.6028}}, "financial ratios, quarterly": {"Current Ratio": {"2020-09-30": "0.57450", "2020-06-30": "0.61310", "2020-03-31": "0.70870", "2019-12-31": "0.53480", "2019-09-30": "0.57680", "2019-06-30": "0.51840", "2019-03-31": "0.45870", "2018-12-31": "0.36400", "2018-09-30": "0.65190", "2018-06-30": "0.57790", "2018-03-31": "0.58590", "2017-12-31": "0.63870", "2017-09-30": "0.60560", "2017-06-30": "0.66450", "2017-03-31": "0.59700", "2016-12-31": "0.67850", "2016-09-30": "0.64530", "2016-06-30": "0.57450", "2016-03-31": "0.67030", "2015-12-31": "0.67230", "2015-09-30": "0.64190", "2015-06-30": "0.67360", "2015-03-31": "0.67090", "2014-12-31": "0.71860", "2014-09-30": "0.58850", "2014-06-30": "0.62940", "2014-03-31": "0.59670", "2013-12-31": "0.63580", "2013-09-30": "0.59390", "2013-06-30": "0.53400", "2013-03-31": "0.46090", "2012-12-31": "0.58980", "2012-09-30": "0.56340", "2012-06-30": "0.63510", "2012-03-31": "0.63640", "2011-12-31": "0.72510", "2011-09-30": "0.84270", "2011-06-30": "0.75330", "2011-03-31": "0.67060", "2010-12-31": "0.76160", "2010-09-30": "0.80370", "2010-06-30": "0.74360", "2010-03-31": "0.71410", "2009-12-31": "0.67250", "2009-09-30": "0.63690", "2009-06-30": "0.73220", "2009-03-31": "0.77590", "2008-12-31": "0.70130", "2008-09-30": "0.74200", "2008-06-30": "0.65750", "2008-03-31": "0.72780", "2007-12-31": "0.65630", "2007-09-30": "0.63800", "2007-06-30": "0.75910", "2007-03-31": "0.66200", "2006-12-31": "0.76350", "2006-09-30": "0.78440", "2006-06-30": "0.63940", "2006-03-31": "0.61970", "2005-12-31": "0.68630", "2005-09-30": "0.75740", "2005-06-30": "0.73500", "2005-03-31": "0.79510"}, "Long-term Debt / Capital": {"2020-09-30": "0.50430", "2020-06-30": "0.50650", "2020-03-31": "0.50150", "2019-12-31": "0.47580", "2019-09-30": "0.47360", "2019-06-30": "0.46910", "2019-03-31": "0.44130", "2018-12-31": "0.41720", "2018-09-30": "0.42010", "2018-06-30": "0.43940", "2018-03-31": "0.43810", "2017-12-31": "0.51540", "2017-09-30": "0.52620", "2017-06-30": "0.53070", "2017-03-31": "0.51880", "2016-12-31": "0.52340", "2016-09-30": "0.53130", "2016-06-30": "0.53060", "2016-03-31": "0.54050", "2015-12-31": "0.53580", "2015-09-30": "0.52870", "2015-06-30": "0.53880", "2015-03-31": "0.54250", "2014-12-31": "0.54380", "2014-09-30": "0.56490", "2014-06-30": "0.57610", "2014-03-31": "0.56750", "2013-12-31": "0.57060", "2013-09-30": "0.57820", "2013-06-30": "0.58620", "2013-03-31": "0.58530", "2012-12-31": "0.59060", "2012-09-30": "0.58840", "2012-06-30": "0.57750", "2012-03-31": "0.57480", "2011-12-31": "0.58200", "2011-09-30": "0.57380", "2011-06-30": "0.56340", "2011-03-31": "0.55610", "2010-12-31": "0.55470", "2010-09-30": "0.55540", "2010-06-30": "0.55930", "2010-03-31": "0.55450", "2009-12-31": "0.55690", "2009-09-30": "0.55060", "2009-06-30": "0.56130", "2009-03-31": "0.55720", "2008-12-31": "0.54220", "2008-09-30": "0.52630", "2008-06-30": "0.53180", "2008-03-31": "0.53450", "2007-12-31": "0.51240", "2007-09-30": "0.50530", "2007-06-30": "0.50290", "2007-03-31": "0.47940", "2006-12-31": "0.49130", "2006-09-30": "0.50130", "2006-06-30": "0.47950", "2006-03-31": "0.46680", "2005-12-31": "0.48430", "2005-09-30": "0.48120", "2005-06-30": "0.49560", "2005-03-31": "0.51240"}, "Debt/Equity Ratio": {"2020-09-30": "1.14820", "2020-06-30": "1.11950", "2020-03-31": "1.15490", "2019-12-31": "1.02960", "2019-09-30": "1.04020", "2019-06-30": "1.08560", "2019-03-31": "1.06270", "2018-12-31": "1.00800", "2018-09-30": "0.87280", "2018-06-30": "0.90030", "2018-03-31": "0.89460", "2017-12-31": "1.18600", "2017-09-30": "1.27960", "2017-06-30": "1.28460", "2017-03-31": "1.27940", "2016-12-31": "1.21750", "2016-09-30": "1.27380", "2016-06-30": "1.35280", "2016-03-31": "1.37150", "2015-12-31": "1.28450", "2015-09-30": "1.32590", "2015-06-30": "1.37840", "2015-03-31": "1.43990", "2014-12-31": "1.42310", "2014-09-30": "1.53690", "2014-06-30": "1.62520", "2014-03-31": "1.62530", "2013-12-31": "1.57570", "2013-09-30": "1.64910", "2013-06-30": "1.70060", "2013-03-31": "1.72350", "2012-12-31": "1.70270", "2012-09-30": "1.65870", "2012-06-30": "1.57400", "2012-03-31": "1.57460", "2011-12-31": "1.53700", "2011-09-30": "1.50940", "2011-06-30": "1.43920", "2011-03-31": "1.45590", "2010-12-31": "1.43990", "2010-09-30": "1.44640", "2010-06-30": "1.49260", "2010-03-31": "1.53820", "2009-12-31": "1.45670", "2009-09-30": "1.40150", "2009-06-30": "1.42490", "2009-03-31": "1.42000", "2008-12-31": "1.46270", "2008-09-30": "1.47690", "2008-06-30": "1.38120", "2008-03-31": "1.31020", "2007-12-31": "1.27600", "2007-09-30": "1.30120", "2007-06-30": "1.25750", "2007-03-31": "1.19310", "2006-12-31": "1.24200", "2006-09-30": "1.24230", "2006-06-30": "1.31460", "2006-03-31": "1.28030", "2005-12-31": "1.23840", "2005-09-30": "1.15900", "2005-06-30": "1.19360", "2005-03-31": "1.21480"}, "Gross Margin": {"2020-09-30": "76.78160", "2020-06-30": "82.61180", "2020-03-31": "82.20250", "2019-12-31": "76.97840", "2019-09-30": "77.27930", "2019-06-30": "78.39030", "2019-03-31": "76.26990", "2018-12-31": "78.68370", "2018-09-30": "75.47550", "2018-06-30": "77.99660", "2018-03-31": "78.76590", "2017-12-31": "75.48260", "2017-09-30": "75.54080", "2017-06-30": "76.88470", "2017-03-31": "77.36660", "2016-12-31": "75.90330", "2016-09-30": "74.67220", "2016-06-30": "74.84940", "2016-03-31": "75.80180", "2015-12-31": "71.10570", "2015-09-30": "70.28660", "2015-06-30": "69.80270", "2015-03-31": "66.78850", "2014-12-31": "72.85590", "2014-09-30": "66.35150", "2014-06-30": "65.92210", "2014-03-31": "61.97600", "2013-12-31": "67.13500", "2013-09-30": "67.27360", "2013-06-30": "67.07540", "2013-03-31": "67.52060", "2012-12-31": "65.12590", "2012-09-30": "60.29140", "2012-06-30": "66.29400", "2012-03-31": "64.93620", "2011-12-31": "64.18220", "2011-09-30": "56.38980", "2011-06-30": "60.69180", "2011-03-31": "55.20100", "2010-12-31": "57.60330", "2010-09-30": "57.55700", "2010-06-30": "59.48200", "2010-03-31": "62.75540", "2009-12-31": "55.30930", "2009-09-30": "51.62080", "2009-06-30": "52.84700", "2009-03-31": "51.12010", "2008-12-31": "50.19980", "2008-09-30": "49.35960", "2008-06-30": "45.21620", "2008-03-31": "49.73790", "2007-12-31": "46.49840", "2007-09-30": "46.60110", "2007-06-30": "46.39860", "2007-03-31": "45.62600", "2006-12-31": "43.14100", "2006-09-30": "43.41710", "2006-06-30": "42.92470", "2006-03-31": "42.71760", "2005-12-31": "45.82810", "2005-09-30": "47.88810", "2005-06-30": "49.17910", "2005-03-31": "49.19980"}, "Operating Margin": {"2020-09-30": "21.06580", "2020-06-30": "28.21120", "2020-03-31": "42.94390", "2019-12-31": "19.14110", "2019-09-30": "28.58940", "2019-06-30": "35.15090", "2019-03-31": "27.85280", "2018-12-31": "25.21070", "2018-09-30": "21.92030", "2018-06-30": "28.20580", "2018-03-31": "27.45660", "2017-12-31": "4.61270", "2017-09-30": "28.09900", "2017-06-30": "28.97370", "2017-03-31": "59.46630", "2016-12-31": "21.10840", "2016-09-30": "26.61810", "2016-06-30": "30.62610", "2016-03-31": "32.17730", "2015-12-31": "21.52330", "2015-09-30": "29.89500", "2015-06-30": "26.29650", "2015-03-31": "27.50980", "2014-12-31": "32.84730", "2014-09-30": "24.98930", "2014-06-30": "23.60390", "2014-03-31": "20.08710", "2013-12-31": "17.65840", "2013-09-30": "26.96860", "2013-06-30": "25.59350", "2013-03-31": "13.23570", "2012-12-31": "21.65930", "2012-09-30": "19.30780", "2012-06-30": "27.27030", "2012-03-31": "23.82080", "2011-12-31": "26.26810", "2011-09-30": "20.78960", "2011-06-30": "22.89830", "2011-03-31": "13.65670", "2010-12-31": "13.30210", "2010-09-30": "23.98210", "2010-06-30": "19.74380", "2010-03-31": "25.92490", "2009-12-31": "15.24360", "2009-09-30": "18.98060", "2009-06-30": "15.87510", "2009-03-31": "15.73550", "2008-12-31": "18.80620", "2008-09-30": "24.42920", "2008-06-30": "8.73080", "2008-03-31": "12.90040", "2007-12-31": "11.42780", "2007-09-30": "19.67210", "2007-06-30": "16.90000", "2007-03-31": "9.69110", "2006-12-31": "8.74970", "2006-09-30": "18.57690", "2006-06-30": "11.42030", "2006-03-31": "13.19750", "2005-12-31": "11.91530", "2005-09-30": "15.95320", "2005-06-30": "11.67460", "2005-03-31": "9.60200"}, "EBIT Margin": {"2020-09-30": "21.06580", "2020-06-30": "28.21120", "2020-03-31": "42.94390", "2019-12-31": "19.14110", "2019-09-30": "28.58940", "2019-06-30": "35.15090", "2019-03-31": "27.85280", "2018-12-31": "25.21070", "2018-09-30": "21.92030", "2018-06-30": "28.20580", "2018-03-31": "27.45660", "2017-12-31": "4.61270", "2017-09-30": "28.09900", "2017-06-30": "28.97370", "2017-03-31": "59.46630", "2016-12-31": "21.10840", "2016-09-30": "26.61810", "2016-06-30": "30.62610", "2016-03-31": "32.17730", "2015-12-31": "21.52330", "2015-09-30": "29.89500", "2015-06-30": "26.29650", "2015-03-31": "27.50980", "2014-12-31": "32.84730", "2014-09-30": "24.98930", "2014-06-30": "23.60390", "2014-03-31": "20.08710", "2013-12-31": "17.65840", "2013-09-30": "26.96860", "2013-06-30": "25.59350", "2013-03-31": "13.23570", "2012-12-31": "21.65930", "2012-09-30": "19.30780", "2012-06-30": "27.27030", "2012-03-31": "23.82080", "2011-12-31": "26.26810", "2011-09-30": "20.78960", "2011-06-30": "22.89830", "2011-03-31": "13.65670", "2010-12-31": "13.30210", "2010-09-30": "23.98210", "2010-06-30": "19.74380", "2010-03-31": "25.92490", "2009-12-31": "15.24360", "2009-09-30": "18.98060", "2009-06-30": "15.87510", "2009-03-31": "15.73550", "2008-12-31": "18.80620", "2008-09-30": "24.42920", "2008-06-30": "8.73080", "2008-03-31": "12.90040", "2007-12-31": "11.42780", "2007-09-30": "19.67210", "2007-06-30": "16.90000", "2007-03-31": "9.69110", "2006-12-31": "8.74970", "2006-09-30": "18.57690", "2006-06-30": "11.42030", "2006-03-31": "13.19750", "2005-12-31": "11.91530", "2005-09-30": "15.95320", "2005-06-30": "11.67460", "2005-03-31": "9.60200"}, "EBITDA Margin": {"2020-09-30": "", "2020-06-30": "", "2020-03-31": "", "2019-12-31": "", "2019-09-30": "", "2019-06-30": "", "2019-03-31": "", "2018-12-31": "", "2018-09-30": "", "2018-06-30": "", "2018-03-31": "", "2017-12-31": "", "2017-09-30": "", "2017-06-30": "", "2017-03-31": "", "2016-12-31": "", "2016-09-30": "", "2016-06-30": "", "2016-03-31": "", "2015-12-31": "", "2015-09-30": "", "2015-06-30": "", "2015-03-31": "", "2014-12-31": "", "2014-09-30": "", "2014-06-30": "", "2014-03-31": "", "2013-12-31": "", "2013-09-30": "", "2013-06-30": "", "2013-03-31": "", "2012-12-31": "", "2012-09-30": "", "2012-06-30": "", "2012-03-31": "", "2011-12-31": "", "2011-09-30": "", "2011-06-30": "", "2011-03-31": "", "2010-12-31": "", "2010-09-30": "", "2010-06-30": "", "2010-03-31": "", "2009-12-31": "", "2009-09-30": "", "2009-06-30": "", "2009-03-31": "", "2008-12-31": "", "2008-09-30": "", "2008-06-30": "", "2008-03-31": "", "2007-12-31": "", "2007-09-30": "", "2007-06-30": "", "2007-03-31": "", "2006-12-31": "", "2006-09-30": "", "2006-06-30": "", "2006-03-31": "", "2005-12-31": "", "2005-09-30": "", "2005-06-30": "", "2005-03-31": ""}, "Pre-Tax Profit Margin": {"2020-09-30": "26.16510", "2020-06-30": "31.25600", "2020-03-31": "1.58250", "2019-12-31": "22.60740", "2019-09-30": "15.36250", "2019-06-30": "25.41250", "2019-03-31": "16.68710", "2018-12-31": "6.58160", "2018-09-30": "24.13950", "2018-06-30": "22.47110", "2018-03-31": "131.81230", "2017-12-31": "2.10580", "2017-09-30": "25.37440", "2017-06-30": "24.81840", "2017-03-31": "57.04940", "2016-12-31": "41.07580", "2016-09-30": "25.11970", "2016-06-30": "19.98950", "2016-03-31": "23.36380", "2015-12-31": "18.62410", "2015-09-30": "26.28180", "2015-06-30": "22.80860", "2015-03-31": "22.80700", "2014-12-31": "28.62350", "2014-09-30": "20.26210", "2014-06-30": "19.45890", "2014-03-31": "15.86830", "2013-12-31": "12.47930", "2013-09-30": "22.64450", "2013-06-30": "21.41930", "2013-03-31": "5.64200", "2012-12-31": "16.77040", "2012-09-30": "14.80610", "2012-06-30": "23.17970", "2012-03-31": "18.33280", "2011-12-31": "23.91300", "2011-09-30": "12.89370", "2011-06-30": "18.35400", "2011-03-31": "7.53030", "2010-12-31": "7.76440", "2010-09-30": "20.46470", "2010-06-30": "13.75660", "2010-03-31": "21.25900", "2009-12-31": "11.02900", "2009-09-30": "15.98480", "2009-06-30": "11.57180", "2009-03-31": "10.33740", "2008-12-31": "12.86210", "2008-09-30": "21.06920", "2008-06-30": "4.46300", "2008-03-31": "8.12460", "2007-12-31": "6.29750", "2007-09-30": "16.61200", "2007-06-30": "13.54030", "2007-03-31": "5.07320", "2006-12-31": "7.75600", "2006-09-30": "16.14830", "2006-06-30": "8.16490", "2006-03-31": "9.15180", "2005-12-31": "8.69150", "2005-09-30": "14.04110", "2005-06-30": "9.37610", "2005-03-31": "6.52440"}, "Net Profit Margin": {"2020-09-30": "25.68440", "2020-06-30": "30.32830", "2020-03-31": "9.12640", "2019-12-31": "21.27750", "2019-09-30": "15.77530", "2019-06-30": "24.82900", "2019-03-31": "16.68710", "2018-12-31": "9.58780", "2018-09-30": "22.75820", "2018-06-30": "19.22230", "2018-03-31": "114.88200", "2017-12-31": "54.07370", "2017-09-30": "17.61650", "2017-06-30": "18.00640", "2017-03-31": "39.85400", "2016-12-31": "26.07990", "2016-09-30": "15.67120", "2016-06-30": "14.14720", "2016-03-31": "17.02740", "2015-12-31": "12.45700", "2015-09-30": "17.74320", "2015-06-30": "16.42960", "2015-03-31": "15.83820", "2014-12-31": "18.93230", "2014-09-30": "14.18140", "2014-06-30": "12.21150", "2014-03-31": "11.70390", "2013-12-31": "9.03580", "2013-09-30": "15.88530", "2013-06-30": "15.91440", "2013-03-31": "8.29520", "2012-12-31": "12.68150", "2012-09-30": "10.79890", "2012-06-30": "16.55300", "2012-03-31": "13.67550", "2011-12-31": "17.28780", "2011-09-30": "9.28800", "2011-06-30": "14.64280", "2011-03-31": "8.55140", "2010-12-31": "7.73510", "2010-09-30": "15.34850", "2010-06-30": "11.61240", "2010-03-31": "15.35060", "2009-12-31": "9.52380", "2009-09-30": "11.91590", "2009-06-30": "9.70870", "2009-03-31": "9.82460", "2008-12-31": "10.16480", "2008-09-30": "14.36790", "2008-06-30": "5.82980", "2008-03-31": "7.25100", "2007-12-31": "6.08030", "2007-09-30": "11.65030", "2007-06-30": "10.30800", "2007-03-31": "4.87800", "2006-12-31": "7.36960", "2006-09-30": "11.22710", "2006-06-30": "6.19590", "2006-03-31": "7.00330", "2005-12-31": "7.01640", "2005-09-30": "9.67470", "2005-06-30": "7.40610", "2005-03-31": "5.62170"}, "Asset Turnover": {"2020-09-30": "0.03790", "2020-06-30": "0.03450", "2020-03-31": "0.03820", "2019-12-31": "0.03900", "2019-09-30": "0.04880", "2019-06-30": "0.04500", "2019-03-31": "0.03740", "2018-12-31": "0.04230", "2018-09-30": "0.04480", "2018-06-30": "0.04250", "2018-03-31": "0.04090", "2017-12-31": "0.04070", "2017-09-30": "0.04970", "2017-06-30": "0.04740", "2017-03-31": "0.04360", "2016-12-31": "0.04090", "2016-09-30": "0.05470", "2016-06-30": "0.04470", "2016-03-31": "0.04530", "2015-12-31": "0.04930", "2015-09-30": "0.06200", "2015-06-30": "0.05650", "2015-03-31": "0.05480", "2014-12-31": "0.06250", "2014-09-30": "0.06450", "2014-06-30": "0.05630", "2014-03-31": "0.05220", "2013-12-31": "0.05240", "2013-09-30": "0.06540", "2013-06-30": "0.05880", "2013-03-31": "0.05140", "2012-12-31": "0.05240", "2012-09-30": "0.06190", "2012-06-30": "0.06070", "2012-03-31": "0.05690", "2011-12-31": "0.06760", "2011-09-30": "0.07740", "2011-06-30": "0.07260", "2011-03-31": "0.05880", "2010-12-31": "0.06440", "2010-09-30": "0.08900", "2010-06-30": "0.07010", "2010-03-31": "0.07110", "2009-12-31": "0.07540", "2009-09-30": "0.09490", "2009-06-30": "0.08210", "2009-03-31": "0.08180", "2008-12-31": "0.08930", "2008-09-30": "0.11850", "2008-06-30": "0.08190", "2008-03-31": "0.08310", "2007-12-31": "0.09180", "2007-09-30": "0.11560", "2007-06-30": "0.10520", "2007-03-31": "0.08650", "2006-12-31": "0.10110", "2006-09-30": "0.13460", "2006-06-30": "0.11280", "2006-03-31": "0.10910", "2005-12-31": "0.09590", "2005-09-30": "0.10410", "2005-06-30": "0.09150", "2005-03-31": "0.08310"}, "Inventory Turnover Ratio": {"2020-09-30": "0.78570", "2020-06-30": "0.53470", "2020-03-31": "0.59880", "2019-12-31": "0.79520", "2019-09-30": "0.87250", "2019-06-30": "0.75260", "2019-03-31": "0.68580", "2018-12-31": "0.76530", "2018-09-30": "1.00000", "2018-06-30": "0.77140", "2018-03-31": "0.67970", "2017-12-31": "0.76830", "2017-09-30": "0.86980", "2017-06-30": "0.77530", "2017-03-31": "0.68990", "2016-12-31": "0.68810", "2016-09-30": "0.92970", "2016-06-30": "0.76560", "2016-03-31": "0.72110", "2015-12-31": "0.93410", "2015-09-30": "1.09520", "2015-06-30": "1.02970", "2015-03-31": "1.09130", "2014-12-31": "0.97990", "2014-09-30": "1.23400", "2014-06-30": "1.16550", "2014-03-31": "1.21690", "2013-12-31": "1.03470", "2013-09-30": "1.25920", "2013-06-30": "1.12680", "2013-03-31": "0.96990", "2012-12-31": "1.09690", "2012-09-30": "1.44640", "2012-06-30": "1.14230", "2012-03-31": "1.08240", "2011-12-31": "1.28860", "2011-09-30": "1.82870", "2011-06-30": "1.45240", "2011-03-31": "1.60460", "2010-12-31": "1.68840", "2010-09-30": "2.22460", "2010-06-30": "1.76150", "2010-03-31": "1.58330", "2009-12-31": "1.86200", "2009-09-30": "2.44800", "2009-06-30": "1.98340", "2009-03-31": "2.07920", "2008-12-31": "2.05990", "2008-09-30": "2.67710", "2008-06-30": "1.79200", "2008-03-31": "2.06460", "2007-12-31": "2.29990", "2007-09-30": "2.81450", "2007-06-30": "2.58720", "2007-03-31": "2.32550", "2006-12-31": "2.62420", "2006-09-30": "3.44040", "2006-06-30": "2.79790", "2006-03-31": "2.74830", "2005-12-31": "3.02290", "2005-09-30": "3.91010", "2005-06-30": "2.93260", "2005-03-31": "2.80090"}, "Receiveable Turnover": {"2020-09-30": "1.46020", "2020-06-30": "1.46630", "2020-03-31": "1.76000", "2019-12-31": "1.63410", "2019-09-30": "1.67330", "2019-06-30": "1.59240", "2019-03-31": "1.37020", "2018-12-31": "1.47890", "2018-09-30": "1.41580", "2018-06-30": "1.40540", "2018-03-31": "1.61450", "2017-12-31": "1.45740", "2017-09-30": "1.74840", "2017-06-30": "1.77580", "2017-03-31": "1.83890", "2016-12-31": "1.50920", "2016-09-30": "1.68070", "2016-06-30": "1.42800", "2016-03-31": "1.69170", "2015-12-31": "1.79690", "2015-09-30": "2.14460", "2015-06-30": "2.03740", "2015-03-31": "2.02470", "2014-12-31": "2.16030", "2014-09-30": "1.93030", "2014-06-30": "1.75790", "2014-03-31": "1.44020", "2013-12-31": "1.58580", "2013-09-30": "1.96070", "2013-06-30": "1.80800", "2013-03-31": "1.86410", "2012-12-31": "1.64150", "2012-09-30": "1.81100", "2012-06-30": "1.82620", "2012-03-31": "1.83510", "2011-12-31": "2.14430", "2011-09-30": "1.95890", "2011-06-30": "1.85700", "2011-03-31": "1.56540", "2010-12-31": "1.32180", "2010-09-30": "2.21270", "2010-06-30": "1.77330", "2010-03-31": "1.86130", "2009-12-31": "1.62620", "2009-09-30": "2.35670", "2009-06-30": "2.24570", "2009-03-31": "2.30410", "2008-12-31": "2.34560", "2008-09-30": "2.60490", "2008-06-30": "1.76780", "2008-03-31": "2.00820", "2007-12-31": "2.14060", "2007-09-30": "2.45840", "2007-06-30": "2.09100", "2007-03-31": "1.58910", "2006-12-31": "2.18780", "2006-09-30": "2.52090", "2006-06-30": "2.06560", "2006-03-31": "2.34400", "2005-12-31": "2.21260", "2005-09-30": "1.91890", "2005-06-30": "1.65620", "2005-03-31": "1.90840"}, "Days Sales In Receivables": {"2020-09-30": "61.63640", "2020-06-30": "61.37730", "2020-03-31": "51.13590", "2019-12-31": "55.07520", "2019-09-30": "53.78680", "2019-06-30": "56.51710", "2019-03-31": "65.68340", "2018-12-31": "60.85400", "2018-09-30": "63.56660", "2018-06-30": "64.03890", "2018-03-31": "55.74540", "2017-12-31": "61.75230", "2017-09-30": "51.47670", "2017-06-30": "50.68120", "2017-03-31": "48.94260", "2016-12-31": "59.63330", "2016-09-30": "53.55050", "2016-06-30": "63.02590", "2016-03-31": "53.20210", "2015-12-31": "50.08600", "2015-09-30": "41.96610", "2015-06-30": "44.17390", "2015-03-31": "44.45180", "2014-12-31": "41.66170", "2014-09-30": "46.62440", "2014-06-30": "51.19880", "2014-03-31": "62.49050", "2013-12-31": "56.75210", "2013-09-30": "45.90120", "2013-06-30": "49.77820", "2013-03-31": "48.28000", "2012-12-31": "54.82670", "2012-09-30": "49.69560", "2012-06-30": "49.28280", "2012-03-31": "49.04480", "2011-12-31": "41.97210", "2011-09-30": "45.94480", "2011-06-30": "48.46500", "2011-03-31": "57.49200", "2010-12-31": "68.08670", "2010-09-30": "40.67360", "2010-06-30": "50.75190", "2010-03-31": "48.35450", "2009-12-31": "55.34480", "2009-09-30": "38.18910", "2009-06-30": "40.07610", "2009-03-31": "39.06070", "2008-12-31": "38.36910", "2008-09-30": "34.54980", "2008-06-30": "50.91210", "2008-03-31": "44.81650", "2007-12-31": "42.04400", "2007-09-30": "36.60980", "2007-06-30": "43.04150", "2007-03-31": "56.63410", "2006-12-31": "41.13720", "2006-09-30": "35.70090", "2006-06-30": "43.57050", "2006-03-31": "38.39570", "2005-12-31": "40.67640", "2005-09-30": "46.90070", "2005-06-30": "54.34150", "2005-03-31": "47.16050"}, "ROE - Return On Equity": {"2020-09-30": "2.66990", "2020-06-30": "2.71560", "2020-03-31": "0.75350", "2019-12-31": "2.04300", "2019-09-30": "1.98640", "2019-06-30": "2.96410", "2019-03-31": "1.60150", "2018-12-31": "0.83930", "2018-09-30": "2.52020", "2018-06-30": "1.89930", "2018-03-31": "10.65210", "2017-12-31": "7.01640", "2017-09-30": "3.13310", "2017-06-30": "2.99150", "2017-03-31": "6.01080", "2016-12-31": "3.99510", "2016-09-30": "3.17260", "2016-06-30": "2.27790", "2016-03-31": "2.76770", "2015-12-31": "2.21100", "2015-09-30": "3.85960", "2015-06-30": "3.33320", "2015-03-31": "3.17630", "2014-12-31": "4.37820", "2014-09-30": "3.46850", "2014-06-30": "2.66970", "2014-03-31": "2.36780", "2013-12-31": "1.81820", "2013-09-30": "4.00940", "2013-06-30": "3.67450", "2013-03-31": "0.25310", "2012-12-31": "2.66370", "2012-09-30": "2.61240", "2012-06-30": "3.84470", "2012-03-31": "3.02830", "2011-12-31": "4.47030", "2011-09-30": "2.73390", "2011-06-30": "3.89110", "2011-03-31": "1.83570", "2010-12-31": "1.82560", "2010-09-30": "5.08800", "2010-06-30": "3.08230", "2010-03-31": "4.16920", "2009-12-31": "2.68370", "2009-09-30": "4.18630", "2009-06-30": "3.02190", "2009-03-31": "3.03360", "2008-12-31": "3.48430", "2008-09-30": "6.71060", "2008-06-30": "1.96910", "2008-03-31": "2.32410", "2007-12-31": "2.08660", "2007-09-30": "5.02120", "2007-06-30": "3.97020", "2007-03-31": "1.51960", "2006-12-31": "2.68880", "2006-09-30": "5.50100", "2006-06-30": "2.60060", "2006-03-31": "2.80730", "2005-12-31": "2.59320", "2005-09-30": "4.03720", "2005-06-30": "2.45970", "2005-03-31": "1.69340"}, "Return On Tangible Equity": {"2020-09-30": "2.96710", "2020-06-30": "3.02190", "2020-03-31": "0.83980", "2019-12-31": "2.27420", "2019-09-30": "2.21390", "2019-06-30": "3.26080", "2019-03-31": "1.76410", "2018-12-31": "0.85980", "2018-09-30": "2.52020", "2018-06-30": "1.89930", "2018-03-31": "10.65210", "2017-12-31": "7.01640", "2017-09-30": "3.13310", "2017-06-30": "2.99150", "2017-03-31": "6.01080", "2016-12-31": "3.99510", "2016-09-30": "3.17260", "2016-06-30": "2.27790", "2016-03-31": "2.76770", "2015-12-31": "2.21100", "2015-09-30": "3.85960", "2015-06-30": "3.33320", "2015-03-31": "3.17630", "2014-12-31": "4.37820", "2014-09-30": "3.46850", "2014-06-30": "2.66970", "2014-03-31": "2.36780", "2013-12-31": "1.81820", "2013-09-30": "4.00940", "2013-06-30": "3.67450", "2013-03-31": "0.25310", "2012-12-31": "2.66370", "2012-09-30": "2.61240", "2012-06-30": "3.84470", "2012-03-31": "3.02830", "2011-12-31": "4.47030", "2011-09-30": "2.73390", "2011-06-30": "3.89110", "2011-03-31": "1.83570", "2010-12-31": "1.82560", "2010-09-30": "5.08800", "2010-06-30": "3.08230", "2010-03-31": "4.16920", "2009-12-31": "2.68370", "2009-09-30": "4.18630", "2009-06-30": "3.02190", "2009-03-31": "3.03360", "2008-12-31": "3.48430", "2008-09-30": "6.71060", "2008-06-30": "1.96910", "2008-03-31": "2.32410", "2007-12-31": "2.08660", "2007-09-30": "5.02120", "2007-06-30": "3.97020", "2007-03-31": "1.51960", "2006-12-31": "2.68880", "2006-09-30": "5.50100", "2006-06-30": "2.60060", "2006-03-31": "2.80730", "2005-12-31": "2.59320", "2005-09-30": "4.03720", "2005-06-30": "2.45970", "2005-03-31": "1.69340"}, "ROA - Return On Assets": {"2020-09-30": "0.88860", "2020-06-30": "0.92570", "2020-03-31": "0.25530", "2019-12-31": "0.71800", "2019-09-30": "0.69860", "2019-06-30": "1.03030", "2019-03-31": "0.55580", "2018-12-31": "0.30280", "2018-09-30": "0.95430", "2018-06-30": "0.71940", "2018-03-31": "4.06640", "2017-12-31": "2.11510", "2017-09-30": "0.88450", "2017-06-30": "0.86550", "2017-03-31": "1.74440", "2016-12-31": "1.12450", "2016-09-30": "0.89800", "2016-06-30": "0.63690", "2016-03-31": "0.77270", "2015-12-31": "0.61960", "2015-09-30": "1.10180", "2015-06-30": "0.93260", "2015-03-31": "0.86750", "2014-12-31": "1.18360", "2014-09-30": "0.91980", "2014-06-30": "0.68720", "2014-03-31": "0.61140", "2013-12-31": "0.47330", "2013-09-30": "1.03920", "2013-06-30": "0.93530", "2013-03-31": "0.06420", "2012-12-31": "0.66420", "2012-09-30": "0.66880", "2012-06-30": "1.00510", "2012-03-31": "0.77860", "2011-12-31": "1.16810", "2011-09-30": "0.71930", "2011-06-30": "1.06310", "2011-03-31": "0.50320", "2010-12-31": "0.49820", "2010-09-30": "1.36530", "2010-06-30": "0.81430", "2010-03-31": "1.09140", "2009-12-31": "0.71810", "2009-09-30": "1.13030", "2009-06-30": "0.79730", "2009-03-31": "0.80350", "2008-12-31": "0.90810", "2008-09-30": "1.70190", "2008-06-30": "0.47770", "2008-03-31": "0.60250", "2007-12-31": "0.55830", "2007-09-30": "1.34690", "2007-06-30": "1.08450", "2007-03-31": "0.42210", "2006-12-31": "0.74540", "2006-09-30": "1.51140", "2006-06-30": "0.69900", "2006-03-31": "0.76440", "2005-12-31": "0.67290", "2005-09-30": "1.00760", "2005-06-30": "0.67730", "2005-03-31": "0.46690"}, "ROI - Return On Investment": {"2020-09-30": "1.32340", "2020-06-30": "1.34020", "2020-03-31": "0.37570", "2019-12-31": "1.07090", "2019-09-30": "1.04560", "2019-06-30": "1.57380", "2019-03-31": "0.89480", "2018-12-31": "0.48910", "2018-09-30": "1.46150", "2018-06-30": "1.06470", "2018-03-31": "5.98550", "2017-12-31": "3.40000", "2017-09-30": "1.48440", "2017-06-30": "1.40390", "2017-03-31": "2.89230", "2016-12-31": "1.90410", "2016-09-30": "1.48690", "2016-06-30": "1.06910", "2016-03-31": "1.27190", "2015-12-31": "1.02620", "2015-09-30": "1.81910", "2015-06-30": "1.53730", "2015-03-31": "1.45320", "2014-12-31": "1.99720", "2014-09-30": "1.50920", "2014-06-30": "1.13160", "2014-03-31": "1.02420", "2013-12-31": "0.78080", "2013-09-30": "1.69130", "2013-06-30": "1.52060", "2013-03-31": "0.10490", "2012-12-31": "1.09060", "2012-09-30": "1.07510", "2012-06-30": "1.62440", "2012-03-31": "1.28750", "2011-12-31": "1.86840", "2011-09-30": "1.16530", "2011-06-30": "1.69880", "2011-03-31": "0.81490", "2010-12-31": "0.81300", "2010-09-30": "2.26190", "2010-06-30": "1.35830", "2010-03-31": "1.85720", "2009-12-31": "1.18910", "2009-09-30": "1.88120", "2009-06-30": "1.32580", "2009-03-31": "1.34330", "2008-12-31": "1.59520", "2008-09-30": "3.17890", "2008-06-30": "0.92190", "2008-03-31": "1.08180", "2007-12-31": "1.01750", "2007-09-30": "2.48380", "2007-06-30": "1.97340", "2007-03-31": "0.79110", "2006-12-31": "1.36780", "2006-09-30": "2.74320", "2006-06-30": "1.35360", "2006-03-31": "1.49680", "2005-12-31": "1.33730", "2005-09-30": "2.09470", "2005-06-30": "1.24080", "2005-03-31": "0.82570"}, "Book Value Per Share": {"2020-09-30": "21.46020", "2020-06-30": "21.21120", "2020-03-31": "20.89720", "2019-12-31": "21.14520", "2019-09-30": "20.53890", "2019-06-30": "20.05530", "2019-03-31": "19.74950", "2018-12-31": "19.56750", "2018-09-30": "19.52820", "2018-06-30": "19.15890", "2018-03-31": "19.10460", "2017-12-31": "15.67460", "2017-09-30": "14.53250", "2017-06-30": "14.32620", "2017-03-31": "14.13940", "2016-12-31": "13.53150", "2016-09-30": "13.31320", "2016-06-30": "12.92320", "2016-03-31": "12.81450", "2015-12-31": "12.53360", "2015-09-30": "12.37850", "2015-06-30": "11.94750", "2015-03-31": "11.52250", "2014-12-31": "11.38150", "2014-09-30": "10.97710", "2014-06-30": "10.56710", "2014-03-31": "10.41280", "2013-12-31": "10.36780", "2013-09-30": "10.09800", "2013-06-30": "9.76530", "2013-03-31": "9.53060", "2012-12-31": "9.47410", "2012-09-30": "9.38890", "2012-06-30": "9.33100", "2012-03-31": "9.12650", "2011-12-31": "8.98020", "2011-09-30": "8.80810", "2011-06-30": "8.82350", "2011-03-31": "8.64950", "2010-12-31": "8.58730", "2010-09-30": "8.45500", "2010-06-30": "8.13350", "2010-03-31": "8.04010", "2009-12-31": "7.83030", "2009-09-30": "7.70060", "2009-06-30": "7.43930", "2009-03-31": "7.29050", "2008-12-31": "7.14000", "2008-09-30": "7.05480", "2008-06-30": "6.49590", "2008-03-31": "6.56300", "2007-12-31": "6.59400", "2007-09-30": "6.51900", "2007-06-30": "6.26860", "2007-03-31": "6.07200", "2006-12-31": "6.12960", "2006-09-30": "5.91730", "2006-06-30": "5.60990", "2006-03-31": "5.52930", "2005-12-31": "5.41840", "2005-09-30": "5.31650", "2005-06-30": "5.23640", "2005-03-31": "5.16000"}, "Operating Cash Flow Per Share": {"2020-09-30": 1.4404, "2020-06-30": 0.9646, "2020-03-31": "0.96300", "2019-12-31": 0.9879, "2019-09-30": 1.5125, "2019-06-30": 0.8702, "2019-03-31": "0.82870", "2018-12-31": 0.7162, "2018-09-30": 1.1947, "2018-06-30": 0.8641, "2018-03-31": "0.68050", "2017-12-31": 0.6033, "2017-09-30": 1.0906, "2017-06-30": 1.0541, "2017-03-31": "0.66890", "2016-12-31": 0.5782, "2016-09-30": 1.0805, "2016-06-30": 0.9261, "2016-03-31": "0.83350", "2015-12-31": 0.8788, "2015-09-30": 0.8413, "2015-06-30": 0.975, "2015-03-31": "0.65790", "2014-12-31": 0.8723, "2014-09-30": 0.8614, "2014-06-30": 0.8104, "2014-03-31": "0.58020", "2013-12-31": 1.0014, "2013-09-30": 0.6615, "2013-06-30": 0.6858, "2013-03-31": "0.63840", "2012-12-31": 0.5091, "2012-09-30": 0.7163, "2012-06-30": 0.6519, "2012-03-31": "0.50340", "2011-12-31": 0.5746, "2011-09-30": 0.6691, "2011-06-30": 0.5997, "2011-03-31": "0.58740", "2010-12-31": 0.6475, "2010-09-30": 0.6111, "2010-06-30": 0.516, "2010-03-31": "0.54620", "2009-12-31": 0.7021, "2009-09-30": 0.7191, "2009-06-30": 0.6748, "2009-03-31": "0.64410", "2008-12-31": 0.6492, "2008-09-30": 0.1792, "2008-06-30": 0.4652, "2008-03-31": "0.81900", "2007-12-31": 0.5299, "2007-09-30": 0.5573, "2007-06-30": 0.3927, "2007-03-31": "0.76240", "2006-12-31": 0.6821, "2006-09-30": 0.5942, "2006-06-30": 0.3731, "2006-03-31": "-0.07440", "2005-12-31": -0.6109, "2005-09-30": 1.0998, "2005-06-30": 0.3718, "2005-03-31": "0.14200"}, "Free Cash Flow Per Share": {"2020-09-30": 0.6135, "2020-06-30": 0.8068, "2020-03-31": "-0.70670", "2019-12-31": -0.127, "2019-09-30": 0.7876, "2019-06-30": 1.2522, "2019-03-31": "-2.81860", "2018-12-31": 0.5901, "2018-09-30": 1.9975, "2018-06-30": -1.4094, "2018-03-31": "0.00160", "2017-12-31": 2.2875, "2017-09-30": -1.8588, "2017-06-30": 2.3074, "2017-03-31": "-2.08480", "2016-12-31": 2.6975, "2016-09-30": 0.0897, "2016-06-30": -0.0322, "2016-03-31": "-1.25920", "2015-12-31": -0.6123, "2015-09-30": -0.1509, "2015-06-30": -0.2536, "2015-03-31": "-0.21450", "2014-12-31": -0.2429, "2014-09-30": -0.1501, "2014-06-30": 0.1598, "2014-03-31": "-0.45410", "2013-12-31": -0.0852, "2013-09-30": -0.2113, "2013-06-30": -0.0688, "2013-03-31": "-0.46320", "2012-12-31": -1.1677, "2012-09-30": -0.8343, "2012-06-30": -0.5488, "2012-03-31": "-0.71080", "2011-12-31": -0.0909, "2011-09-30": -0.1965, "2011-06-30": -0.2426, "2011-03-31": "-0.27550", "2010-12-31": -0.4299, "2010-09-30": -0.1748, "2010-06-30": -0.298, "2010-03-31": "-0.31520", "2009-12-31": -0.519, "2009-09-30": -0.2462, "2009-06-30": -0.1648, "2009-03-31": "-0.01730", "2008-12-31": -0.2967, "2008-09-30": -0.5891, "2008-06-30": -0.3292, "2008-03-31": "0.07710", "2007-12-31": 0.1393, "2007-09-30": -0.6836, "2007-06-30": -0.1465, "2007-03-31": "0.23770", "2006-12-31": 0.1223, "2006-09-30": 0.152, "2006-06-30": -0.2049, "2006-03-31": "-0.83930", "2005-12-31": -1.0178, "2005-09-30": 0.7192, "2005-06-30": 0.0104, "2005-03-31": "-0.31460"}}, "revenue": {"NextEra Energy Annual Revenue (Millions of US $)": {"2020": "$17,997", "2019": "$19,204", "2018": "$16,727", "2017": "$17,173", "2016": "$16,138", "2015": "$17,486", "2014": "$17,021", "2013": "$15,136", "2012": "$14,256", "2011": "$15,341", "2010": "$15,317", "2009": "$15,643", "2008": "$16,410", "2007": "$15,263", "2006": "$15,710", "2005": "$11,846"}, "NextEra Energy Quarterly Revenue (Millions of US $)": {"2020-12-31": "$4,395", "2020-09-30": "$4,785", "2020-06-30": "$4,204", "2020-03-31": "$4,613", "2019-12-31": "$4,587", "2019-09-30": "$5,572", "2019-06-30": "$4,970", "2019-03-31": "$4,075", "2018-12-31": "$4,391", "2018-09-30": "$4,416", "2018-06-30": "$4,063", "2018-03-31": "$3,857", "2017-12-31": "$3,989", "2017-09-30": "$4,808", "2017-06-30": "$4,404", "2017-03-31": "$3,972", "2016-12-31": "$3,681", "2016-09-30": "$4,805", "2016-06-30": "$3,817", "2016-03-31": "$3,835", "2015-12-31": "$4,070", "2015-09-30": "$4,954", "2015-06-30": "$4,358", "2015-03-31": "$4,104", "2014-12-31": "$4,664", "2014-09-30": "$4,654", "2014-06-30": "$4,029", "2014-03-31": "$3,674", "2013-12-31": "$3,630", "2013-09-30": "$4,394", "2013-06-30": "$3,833", "2013-03-31": "$3,279", "2012-12-31": "$3,375", "2012-09-30": "$3,843", "2012-06-30": "$3,667", "2012-03-31": "$3,371", "2011-12-31": "$3,864", "2011-09-30": "$4,382", "2011-06-30": "$3,961", "2011-03-31": "$3,134", "2010-12-31": "$3,413", "2010-09-30": "$4,691", "2010-06-30": "$3,591", "2010-03-31": "$3,622", "2009-12-31": "$3,654", "2009-09-30": "$4,473", "2009-06-30": "$3,811", "2009-03-31": "$3,705", "2008-12-31": "$4,004", "2008-09-30": "$5,387", "2008-06-30": "$3,585", "2008-03-31": "$3,434", "2007-12-31": "$3,684", "2007-09-30": "$4,575", "2007-06-30": "$3,929", "2007-03-31": "$3,075", "2006-12-31": "$3,623", "2006-09-30": "$4,694", "2006-06-30": "$3,809", "2006-03-31": "$3,584", "2005-12-31": "$3,164", "2005-09-30": "$3,504", "2005-06-30": "$2,741", "2005-03-31": "$2,437"}}, "gross-profit": {"NextEra Energy Annual Gross Profit (Millions of US $)": {"2020": "$14,458", "2019": "$14,841", "2018": "$12,995", "2017": "$13,102", "2016": "$12,146", "2015": "$12,159", "2014": "$11,419", "2013": "$10,178", "2012": "$9,135", "2011": "$9,085", "2010": "$9,075", "2009": "$8,238", "2008": "$7,998", "2007": "$7,071", "2006": "$6,767", "2005": "$5,675"}, "NextEra Energy Quarterly Gross Profit (Millions of US $)": {"2020-12-31": "$3,519", "2020-09-30": "$3,674", "2020-06-30": "$3,473", "2020-03-31": "$3,792", "2019-12-31": "$3,531", "2019-09-30": "$4,306", "2019-06-30": "$3,896", "2019-03-31": "$3,108", "2018-12-31": "$3,455", "2018-09-30": "$3,333", "2018-06-30": "$3,169", "2018-03-31": "$3,038", "2017-12-31": "$3,011", "2017-09-30": "$3,632", "2017-06-30": "$3,386", "2017-03-31": "$3,073", "2016-12-31": "$2,794", "2016-09-30": "$3,588", "2016-06-30": "$2,857", "2016-03-31": "$2,907", "2015-12-31": "$2,894", "2015-09-30": "$3,482", "2015-06-30": "$3,042", "2015-03-31": "$2,741", "2014-12-31": "$3,398", "2014-09-30": "$3,088", "2014-06-30": "$2,656", "2014-03-31": "$2,277", "2013-12-31": "$2,437", "2013-09-30": "$2,956", "2013-06-30": "$2,571", "2013-03-31": "$2,214", "2012-12-31": "$2,198", "2012-09-30": "$2,317", "2012-06-30": "$2,431", "2012-03-31": "$2,189", "2011-12-31": "$2,480", "2011-09-30": "$2,471", "2011-06-30": "$2,404", "2011-03-31": "$1,730", "2010-12-31": "$1,966", "2010-09-30": "$2,700", "2010-06-30": "$2,136", "2010-03-31": "$2,273", "2009-12-31": "$2,021", "2009-09-30": "$2,309", "2009-06-30": "$2,014", "2009-03-31": "$1,894", "2008-12-31": "$2,010", "2008-09-30": "$2,659", "2008-06-30": "$1,621", "2008-03-31": "$1,708", "2007-12-31": "$1,713", "2007-09-30": "$2,132", "2007-06-30": "$1,823", "2007-03-31": "$1,403", "2006-12-31": "$1,563", "2006-09-30": "$2,038", "2006-06-30": "$1,635", "2006-03-31": "$1,531", "2005-12-31": "$1,450", "2005-09-30": "$1,678", "2005-06-30": "$1,348", "2005-03-31": "$1,199"}}, "operating-income": {"NextEra Energy Annual Operating Income (Millions of US $)": {"2020": "$5,116", "2019": "$5,353", "2018": "$4,280", "2017": "$5,173", "2016": "$4,459", "2015": "$4,632", "2014": "$4,384", "2013": "$3,241", "2012": "$3,276", "2011": "$3,261", "2010": "$3,227", "2009": "$2,594", "2008": "$2,825", "2007": "$2,283", "2006": "$2,097", "2005": "$1,490"}, "NextEra Energy Quarterly Operating Income (Millions of US $)": {"2020-12-31": "$941", "2020-09-30": "$1,008", "2020-06-30": "$1,186", "2020-03-31": "$1,981", "2019-12-31": "$878", "2019-09-30": "$1,593", "2019-06-30": "$1,747", "2019-03-31": "$1,135", "2018-12-31": "$1,107", "2018-09-30": "$968", "2018-06-30": "$1,146", "2018-03-31": "$1,059", "2017-12-31": "$184", "2017-09-30": "$1,351", "2017-06-30": "$1,276", "2017-03-31": "$2,362", "2016-12-31": "$777", "2016-09-30": "$1,279", "2016-06-30": "$1,169", "2016-03-31": "$1,234", "2015-12-31": "$876", "2015-09-30": "$1,481", "2015-06-30": "$1,146", "2015-03-31": "$1,129", "2014-12-31": "$1,532", "2014-09-30": "$1,163", "2014-06-30": "$951", "2014-03-31": "$738", "2013-12-31": "$641", "2013-09-30": "$1,185", "2013-06-30": "$981", "2013-03-31": "$434", "2012-12-31": "$731", "2012-09-30": "$742", "2012-06-30": "$1,000", "2012-03-31": "$803", "2011-12-31": "$1,015", "2011-09-30": "$911", "2011-06-30": "$907", "2011-03-31": "$428", "2010-12-31": "$454", "2010-09-30": "$1,125", "2010-06-30": "$709", "2010-03-31": "$939", "2009-12-31": "$557", "2009-09-30": "$849", "2009-06-30": "$605", "2009-03-31": "$583", "2008-12-31": "$753", "2008-09-30": "$1,316", "2008-06-30": "$313", "2008-03-31": "$443", "2007-12-31": "$421", "2007-09-30": "$900", "2007-06-30": "$664", "2007-03-31": "$298", "2006-12-31": "$317", "2006-09-30": "$872", "2006-06-30": "$435", "2006-03-31": "$473", "2005-12-31": "$377", "2005-09-30": "$559", "2005-06-30": "$320", "2005-03-31": "$234"}}, "ebitda": {"NextEra Energy Annual EBITDA (Millions of US $)": {"2019": "$9,831", "2018": "$8,427", "2017": "$7,811", "2016": "$7,887", "2015": "$7,835", "2014": "$7,280", "2013": "$5,762", "2012": "$5,053", "2011": "$5,110", "2010": "$5,300", "2009": "$4,598", "2008": "$4,468", "2007": "$3,762", "2006": "$3,518", "2005": "$2,986"}, "NextEra Energy Quarterly EBITDA (Millions of US $)": {"2020-09-30": "$2,346", "2020-06-30": "$2,218", "2020-03-31": "$2,903", "2019-12-31": "$1,919", "2019-09-30": "$2,906", "2019-06-30": "$3,009", "2019-03-31": "$1,997", "2018-12-31": "$2,252", "2018-09-30": "$2,151", "2018-06-30": "$2,040", "2018-03-31": "$1,984", "2017-12-31": "$36", "2017-09-30": "$2,489", "2017-06-30": "$2,233", "2017-03-31": "$3,053", "2016-12-31": "$1,668", "2016-09-30": "$2,349", "2016-06-30": "$1,985", "2016-03-31": "$1,885", "2015-12-31": "$1,717", "2015-09-30": "$2,381", "2015-06-30": "$1,971", "2015-03-31": "$1,766", "2014-12-31": "$2,310", "2014-09-30": "$2,035", "2014-06-30": "$1,646", "2014-03-31": "$1,289", "2013-12-31": "$1,377", "2013-09-30": "$1,875", "2013-06-30": "$1,576", "2013-03-31": "$934", "2012-12-31": "$1,183", "2012-09-30": "$1,263", "2012-06-30": "$1,408", "2012-03-31": "$1,199", "2011-12-31": "$1,418", "2011-09-30": "$1,486", "2011-06-30": "$1,376", "2011-03-31": "$830", "2010-12-31": "$983", "2010-09-30": "$1,729", "2010-06-30": "$1,163", "2010-03-31": "$1,425", "2009-12-31": "$1,098", "2009-09-30": "$1,349", "2009-06-30": "$1,099", "2009-03-31": "$1,052", "2008-12-31": "$1,179", "2008-09-30": "$1,765", "2008-06-30": "$690", "2008-03-31": "$834", "2007-12-31": "$883", "2007-09-30": "$1,205", "2007-06-30": "$1,025", "2007-03-31": "$649", "2006-12-31": "$792", "2006-09-30": "$1,124", "2006-06-30": "$787", "2006-03-31": "$815", "2005-12-31": "$758", "2005-09-30": "$966", "2005-06-30": "$689", "2005-03-31": "$573"}}, "net-income": {"NextEra Energy Annual Net Income (Millions of US $)": {"2020": "$2,919", "2019": "$3,769", "2018": "$6,638", "2017": "$5,380", "2016": "$2,906", "2015": "$2,752", "2014": "$2,465", "2013": "$1,908", "2012": "$1,911", "2011": "$1,923", "2010": "$1,957", "2009": "$1,615", "2008": "$1,639", "2007": "$1,312", "2006": "$1,281", "2005": "$901"}, "NextEra Energy Quarterly Net Income (Millions of US $)": {"2020-12-31": "$-5", "2020-09-30": "$1,229", "2020-06-30": "$1,275", "2020-03-31": "$421", "2019-12-31": "$976", "2019-09-30": "$879", "2019-06-30": "$1,234", "2019-03-31": "$680", "2018-12-31": "$421", "2018-09-30": "$1,005", "2018-06-30": "$781", "2018-03-31": "$4,431", "2017-12-31": "$2,157", "2017-09-30": "$847", "2017-06-30": "$793", "2017-03-31": "$1,583", "2016-12-31": "$960", "2016-09-30": "$753", "2016-06-30": "$540", "2016-03-31": "$653", "2015-12-31": "$507", "2015-09-30": "$879", "2015-06-30": "$716", "2015-03-31": "$650", "2014-12-31": "$883", "2014-09-30": "$660", "2014-06-30": "$492", "2014-03-31": "$430", "2013-12-31": "$328", "2013-09-30": "$698", "2013-06-30": "$610", "2013-03-31": "$272", "2012-12-31": "$428", "2012-09-30": "$415", "2012-06-30": "$607", "2012-03-31": "$461", "2011-12-31": "$668", "2011-09-30": "$407", "2011-06-30": "$580", "2011-03-31": "$268", "2010-12-31": "$264", "2010-09-30": "$720", "2010-06-30": "$417", "2010-03-31": "$556", "2009-12-31": "$348", "2009-09-30": "$533", "2009-06-30": "$370", "2009-03-31": "$364", "2008-12-31": "$407", "2008-09-30": "$774", "2008-06-30": "$209", "2008-03-31": "$249", "2007-12-31": "$224", "2007-09-30": "$533", "2007-06-30": "$405", "2007-03-31": "$150", "2006-12-31": "$267", "2006-09-30": "$527", "2006-06-30": "$236", "2006-03-31": "$251", "2005-12-31": "$222", "2005-09-30": "$339", "2005-06-30": "$203", "2005-03-31": "$137"}}, "eps-earnings-per-share-diluted": {"NextEra Energy Annual EPS": {"2020": "$2.31", "2019": "$1.94", "2018": "$3.47", "2017": "$2.85", "2016": "$1.56", "2015": "$1.52", "2014": "$1.40", "2013": "$1.12", "2012": "$1.14", "2011": "$1.15", "2010": "$1.19", "2009": "$0.99", "2008": "$1.02", "2007": "$0.82", "2006": "$0.81", "2005": "$0.59"}, "NextEra Energy Quarterly EPS": {"2020-12-31": "$0.40", "2020-09-30": "$0.63", "2020-06-30": "$0.65", "2020-03-31": "$0.22", "2019-12-31": "$0.50", "2019-09-30": "$0.45", "2019-06-30": "$0.64", "2019-03-31": "$0.35", "2018-12-31": "$0.21", "2018-09-30": "$0.53", "2018-06-30": "$0.40", "2018-03-31": "$2.33", "2017-12-31": "$1.14", "2017-09-30": "$0.45", "2017-06-30": "$0.42", "2017-03-31": "$0.84", "2016-12-31": "$0.51", "2016-09-30": "$0.41", "2016-06-30": "$0.29", "2016-03-31": "$0.35", "2015-12-31": "$0.27", "2015-09-30": "$0.48", "2015-06-30": "$0.40", "2015-03-31": "$0.36", "2014-12-31": "$0.50", "2014-09-30": "$0.38", "2014-06-30": "$0.28", "2014-03-31": "$0.25", "2013-12-31": "$0.19", "2013-09-30": "$0.41", "2013-06-30": "$0.36", "2013-03-31": "$0.16", "2012-12-31": "$0.26", "2012-09-30": "$0.25", "2012-06-30": "$0.36", "2012-03-31": "$0.28", "2011-12-31": "$0.40", "2011-09-30": "$0.24", "2011-06-30": "$0.35", "2011-03-31": "$0.16", "2010-12-31": "$0.16", "2010-09-30": "$0.44", "2010-06-30": "$0.25", "2010-03-31": "$0.34", "2009-12-31": "$0.21", "2009-09-30": "$0.33", "2009-06-30": "$0.23", "2009-03-31": "$0.23", "2008-12-31": "$0.25", "2008-09-30": "$0.48", "2008-06-30": "$0.13", "2008-03-31": "$0.16", "2007-12-31": "$0.14", "2007-09-30": "$0.33", "2007-06-30": "$0.25", "2007-03-31": "$0.10", "2006-12-31": "$0.17", "2006-09-30": "$0.33", "2006-06-30": "$0.15", "2006-03-31": "$0.16", "2005-12-31": "$0.15", "2005-09-30": "$0.22", "2005-06-30": "$0.13", "2005-03-31": "$0.09"}}, "shares-outstanding": {"NextEra Energy Annual Shares Outstanding (Millions of Shares)": {"2020": "1,969", "2019": "1,942", "2018": "1,908", "2017": "1,890", "2016": "1,863", "2015": "1,816", "2014": "1,760", "2013": "1,708", "2012": "1,677", "2011": "1,676", "2010": "1,652", "2009": "1,629", "2008": "1,611", "2007": "1,602", "2006": "1,586", "2005": "1,543"}, "NextEra Energy Quarterly Shares Outstanding (Millions of Shares)": {"2020-12-31": "1,972", "2020-09-30": "1,969", "2020-06-30": "1,967", "2020-03-31": "1,967", "2019-12-31": "1,942", "2019-09-30": "1,944", "2019-06-30": "1,931", "2019-03-31": "1,927", "2018-12-31": "1,908", "2018-09-30": "1,910", "2018-06-30": "1,901", "2018-03-31": "1,897", "2017-12-31": "1,890", "2017-09-30": "1,894", "2017-06-30": "1,887", "2017-03-31": "1,881", "2016-12-31": "1,863", "2016-09-30": "1,864", "2016-06-30": "1,858", "2016-03-31": "1,854", "2015-12-31": "1,816", "2015-09-30": "1,824", "2015-06-30": "1,797", "2015-03-31": "1,795", "2014-12-31": "1,760", "2014-09-30": "1,762", "2014-06-30": "1,760", "2014-03-31": "1,753", "2013-12-31": "1,708", "2013-09-30": "1,707", "2013-06-30": "1,699", "2013-03-31": "1,695", "2012-12-31": "1,677", "2012-09-30": "1,687", "2012-06-30": "1,669", "2012-03-31": "1,659", "2011-12-31": "1,676", "2011-09-30": "1,679", "2011-06-30": "1,677", "2011-03-31": "1,674", "2010-12-31": "1,652", "2010-09-30": "1,655", "2010-06-30": "1,646", "2010-03-31": "1,640", "2009-12-31": "1,629", "2009-09-30": "1,632", "2009-06-30": "1,626", "2009-03-31": "1,619", "2008-12-31": "1,611", "2008-09-30": "1,612", "2008-06-30": "1,610", "2008-03-31": "1,608", "2007-12-31": "1,602", "2007-09-30": "1,604", "2007-06-30": "1,602", "2007-03-31": "1,599", "2006-12-31": "1,586", "2006-09-30": "1,590", "2006-06-30": "1,587", "2006-03-31": "1,572", "2005-12-31": "1,543", "2005-09-30": "1,559", "2005-06-30": "1,545", "2005-03-31": "1,507"}}, "total-assets": {"NextEra Energy Annual Total Assets (Millions of US $)": {"2019": "$117,691", "2018": "$103,702", "2017": "$97,963", "2016": "$89,993", "2015": "$82,479", "2014": "$74,605", "2013": "$69,306", "2012": "$64,439", "2011": "$57,188", "2010": "$52,994", "2009": "$48,458", "2008": "$44,821", "2007": "$40,123", "2006": "$35,822", "2005": "$32,990"}, "NextEra Energy Quarterly Total Assets (Millions of US $)": {"2020-09-30": "$126,382", "2020-06-30": "$121,961", "2020-03-31": "$120,637", "2019-12-31": "$117,691", "2019-09-30": "$114,222", "2019-06-30": "$110,552", "2019-03-31": "$109,029", "2018-12-31": "$103,702", "2018-09-30": "$98,603", "2018-06-30": "$95,490", "2018-03-31": "$94,284", "2017-12-31": "$97,963", "2017-09-30": "$96,781", "2017-06-30": "$92,890", "2017-03-31": "$91,205", "2016-12-31": "$89,993", "2016-09-30": "$87,864", "2016-06-30": "$85,420", "2016-03-31": "$84,637", "2015-12-31": "$82,479", "2015-09-30": "$79,963", "2015-06-30": "$77,201", "2015-03-31": "$74,929", "2014-12-31": "$74,605", "2014-09-30": "$72,193", "2014-06-30": "$71,590", "2014-03-31": "$70,331", "2013-12-31": "$69,306", "2013-09-30": "$67,166", "2013-06-30": "$65,217", "2013-03-31": "$63,843", "2012-12-31": "$64,439", "2012-09-30": "$62,049", "2012-06-30": "$60,390", "2012-03-31": "$59,207", "2011-12-31": "$57,188", "2011-09-30": "$56,585", "2011-06-30": "$54,557", "2011-03-31": "$53,257", "2010-12-31": "$52,994", "2010-09-30": "$52,734", "2010-06-30": "$51,209", "2010-03-31": "$50,942", "2009-12-31": "$48,458", "2009-09-30": "$47,155", "2009-06-30": "$46,404", "2009-03-31": "$45,304", "2008-12-31": "$44,821", "2008-09-30": "$45,478", "2008-06-30": "$43,753", "2008-03-31": "$41,330", "2007-12-31": "$40,123", "2007-09-30": "$39,571", "2007-06-30": "$37,343", "2007-03-31": "$35,535", "2006-12-31": "$35,822", "2006-09-30": "$34,869", "2006-06-30": "$33,764", "2006-03-31": "$32,836", "2005-12-31": "$32,990", "2005-09-30": "$33,644", "2005-06-30": "$29,971", "2005-03-31": "$29,343"}}, "cash-on-hand": {"NextEra Energy Annual Cash on Hand (Millions of US $)": {"2019": "$600", "2018": "$638", "2017": "$1,714", "2016": "$1,292", "2015": "$571", "2014": "$577", "2013": "$438", "2012": "$329", "2011": "$377", "2010": "$302", "2009": "$238", "2008": "$535", "2007": "$290", "2006": "$620", "2005": "$530"}, "NextEra Energy Quarterly Cash on Hand (Millions of US $)": {"2020-09-30": "$1,961", "2020-06-30": "$1,009", "2020-03-31": "$3,335", "2019-12-31": "$600", "2019-09-30": "$1,131", "2019-06-30": "$1,019", "2019-03-31": "$972", "2018-12-31": "$638", "2018-09-30": "$497", "2018-06-30": "$478", "2018-03-31": "$550", "2017-12-31": "$1,714", "2017-09-30": "$1,381", "2017-06-30": "$642", "2017-03-31": "$600", "2016-12-31": "$1,292", "2016-09-30": "$681", "2016-06-30": "$730", "2016-03-31": "$628", "2015-12-31": "$571", "2015-09-30": "$1,181", "2015-06-30": "$551", "2015-03-31": "$469", "2014-12-31": "$577", "2014-09-30": "$485", "2014-06-30": "$622", "2014-03-31": "$488", "2013-12-31": "$438", "2013-09-30": "$558", "2013-06-30": "$411", "2013-03-31": "$215", "2012-12-31": "$329", "2012-09-30": "$246", "2012-06-30": "$295", "2012-03-31": "$275", "2011-12-31": "$377", "2011-09-30": "$640", "2011-06-30": "$287", "2011-03-31": "$425", "2010-12-31": "$302", "2010-09-30": "$791", "2010-06-30": "$829", "2010-03-31": "$1,215", "2009-12-31": "$238", "2009-09-30": "$164", "2009-06-30": "$276", "2009-03-31": "$276", "2008-12-31": "$535", "2008-09-30": "$1,592", "2008-06-30": "$424", "2008-03-31": "$603", "2007-12-31": "$290", "2007-09-30": "$350", "2007-06-30": "$723", "2007-03-31": "$226", "2006-12-31": "$620", "2006-09-30": "$159", "2006-06-30": "$134", "2006-03-31": "$148", "2005-12-31": "$530", "2005-09-30": "$1,102", "2005-06-30": "$154", "2005-03-31": "$241"}}, "long-term-debt": {"NextEra Energy Annual Long Term Debt (Millions of US $)": {"2019": "$37,543", "2018": "$26,782", "2017": "$31,410", "2016": "$27,818", "2015": "$26,681", "2014": "$24,044", "2013": "$23,969", "2012": "$23,177", "2011": "$20,810", "2010": "$18,013", "2009": "$16,300", "2008": "$13,833", "2007": "$11,280", "2006": "$9,591", "2005": "$8,039"}, "NextEra Energy Quarterly Long Term Debt (Millions of US $)": {"2020-09-30": "$42,794", "2020-06-30": "$42,667", "2020-03-31": "$41,116", "2019-12-31": "$37,543", "2019-09-30": "$36,144", "2019-06-30": "$33,947", "2019-03-31": "$29,883", "2018-12-31": "$26,782", "2018-09-30": "$27,048", "2018-06-30": "$28,356", "2018-03-31": "$28,062", "2017-12-31": "$31,410", "2017-09-30": "$30,345", "2017-06-30": "$30,392", "2017-03-31": "$28,539", "2016-12-31": "$27,818", "2016-09-30": "$28,195", "2016-06-30": "$27,001", "2016-03-31": "$27,791", "2015-12-31": "$26,681", "2015-09-30": "$25,604", "2015-06-30": "$25,235", "2015-03-31": "$24,264", "2014-12-31": "$24,044", "2014-09-30": "$24,853", "2014-06-30": "$25,049", "2014-03-31": "$23,824", "2013-12-31": "$23,969", "2013-09-30": "$23,862", "2013-06-30": "$23,514", "2013-03-31": "$22,866", "2012-12-31": "$23,177", "2012-09-30": "$22,714", "2012-06-30": "$21,580", "2012-03-31": "$20,582", "2011-12-31": "$20,810", "2011-09-30": "$20,039", "2011-06-30": "$19,235", "2011-03-31": "$18,288", "2010-12-31": "$18,013", "2010-09-30": "$17,680", "2010-06-30": "$17,171", "2010-03-31": "$16,601", "2009-12-31": "$16,300", "2009-09-30": "$15,601", "2009-06-30": "$15,664", "2009-03-31": "$15,099", "2008-12-31": "$13,833", "2008-09-30": "$12,814", "2008-06-30": "$12,057", "2008-03-31": "$12,304", "2007-12-31": "$11,280", "2007-09-30": "$10,844", "2007-06-30": "$10,322", "2007-03-31": "$9,091", "2006-12-31": "$9,591", "2006-09-30": "$9,631", "2006-06-30": "$8,360", "2006-03-31": "$7,828", "2005-12-31": "$8,039", "2005-09-30": "$7,787", "2005-06-30": "$8,108", "2005-03-31": "$8,501"}}, "total-liabilities": {"NextEra Energy Annual Total Liabilities (Millions of US $)": {"2019": "$76,331", "2018": "$66,289", "2017": "$68,432", "2016": "$64,662", "2015": "$59,367", "2014": "$54,437", "2013": "$51,266", "2012": "$48,371", "2011": "$42,245", "2010": "$38,533", "2009": "$35,491", "2008": "$33,140", "2007": "$29,388", "2006": "$25,892", "2005": "$24,429"}, "NextEra Energy Quarterly Total Liabilities (Millions of US $)": {"2020-09-30": "$84,320", "2020-06-30": "$80,387", "2020-03-31": "$79,762", "2019-12-31": "$76,331", "2019-09-30": "$74,048", "2019-06-30": "$72,126", "2019-03-31": "$71,189", "2018-12-31": "$66,289", "2018-09-30": "$61,265", "2018-06-30": "$59,318", "2018-03-31": "$58,291", "2017-12-31": "$68,432", "2017-09-30": "$69,460", "2017-06-30": "$66,014", "2017-03-31": "$64,736", "2016-12-31": "$64,662", "2016-09-30": "$62,995", "2016-06-30": "$61,538", "2016-03-31": "$61,007", "2015-12-31": "$59,367", "2015-09-30": "$57,137", "2015-06-30": "$55,600", "2015-03-31": "$54,465", "2014-12-31": "$54,437", "2014-09-30": "$53,049", "2014-06-30": "$53,161", "2014-03-31": "$52,171", "2013-12-31": "$51,266", "2013-09-30": "$49,757", "2013-06-30": "$48,616", "2013-03-31": "$47,641", "2012-12-31": "$48,371", "2012-09-30": "$46,163", "2012-06-30": "$44,602", "2012-03-31": "$43,984", "2011-12-31": "$42,245", "2011-09-30": "$41,698", "2011-06-30": "$39,651", "2011-03-31": "$38,658", "2010-12-31": "$38,533", "2010-09-30": "$38,583", "2010-06-30": "$37,680", "2010-03-31": "$37,606", "2009-12-31": "$35,491", "2009-09-30": "$34,423", "2009-06-30": "$34,160", "2009-03-31": "$33,305", "2008-12-31": "$33,140", "2008-09-30": "$33,944", "2008-06-30": "$33,139", "2008-03-31": "$30,616", "2007-12-31": "$29,388", "2007-09-30": "$28,956", "2007-06-30": "$27,142", "2007-03-31": "$25,664", "2006-12-31": "$25,892", "2006-09-30": "$25,289", "2006-06-30": "$24,689", "2006-03-31": "$23,895", "2005-12-31": "$24,429", "2005-09-30": "$25,247", "2005-06-30": "$21,718", "2005-03-31": "$21,253"}}, "total-share-holder-equity": {"NextEra Energy Annual Share Holder Equity (Millions of US $)": {"2019": "$41,360", "2018": "$37,413", "2017": "$29,531", "2016": "$25,331", "2015": "$23,112", "2014": "$20,168", "2013": "$18,040", "2012": "$16,068", "2011": "$14,943", "2010": "$14,461", "2009": "$12,967", "2008": "$11,681", "2007": "$10,735", "2006": "$9,930", "2005": "$8,561"}, "NextEra Energy Quarterly Share Holder Equity (Millions of US $)": {"2020-09-30": "$42,062", "2020-06-30": "$41,574", "2020-03-31": "$40,875", "2019-12-31": "$41,360", "2019-09-30": "$40,174", "2019-06-30": "$38,426", "2019-03-31": "$37,840", "2018-12-31": "$37,413", "2018-09-30": "$37,338", "2018-06-30": "$36,172", "2018-03-31": "$35,993", "2017-12-31": "$29,531", "2017-09-30": "$27,321", "2017-06-30": "$26,876", "2017-03-31": "$26,469", "2016-12-31": "$25,331", "2016-09-30": "$24,869", "2016-06-30": "$23,882", "2016-03-31": "$23,630", "2015-12-31": "$23,112", "2015-09-30": "$22,826", "2015-06-30": "$21,601", "2015-03-31": "$20,464", "2014-12-31": "$20,168", "2014-09-30": "$19,144", "2014-06-30": "$18,429", "2014-03-31": "$18,160", "2013-12-31": "$18,040", "2013-09-30": "$17,409", "2013-06-30": "$16,601", "2013-03-31": "$16,202", "2012-12-31": "$16,068", "2012-09-30": "$15,886", "2012-06-30": "$15,788", "2012-03-31": "$15,223", "2011-12-31": "$14,943", "2011-09-30": "$14,887", "2011-06-30": "$14,906", "2011-03-31": "$14,599", "2010-12-31": "$14,461", "2010-09-30": "$14,151", "2010-06-30": "$13,529", "2010-03-31": "$13,336", "2009-12-31": "$12,967", "2009-09-30": "$12,732", "2009-06-30": "$12,244", "2009-03-31": "$11,999", "2008-12-31": "$11,681", "2008-09-30": "$11,534", "2008-06-30": "$10,614", "2008-03-31": "$10,714", "2007-12-31": "$10,735", "2007-09-30": "$10,615", "2007-06-30": "$10,201", "2007-03-31": "$9,871", "2006-12-31": "$9,930", "2006-09-30": "$9,580", "2006-06-30": "$9,075", "2006-03-31": "$8,941", "2005-12-31": "$8,561", "2005-09-30": "$8,397", "2005-06-30": "$8,253", "2005-03-31": "$8,090"}}, "profit-margins": {"current": "16.23%"}, "gross margin": {"2020-12-31": "80.34%", "2020-09-30": "79.55%", "2020-06-30": "79.58%", "2020-03-31": "78.64%", "2019-12-31": "77.28%", "2019-09-30": "77.68%", "2019-06-30": "77.26%", "2019-03-31": "77.10%", "2018-12-31": "77.69%", "2018-09-30": "76.88%", "2018-06-30": "76.87%", "2018-03-31": "76.60%", "2017-12-31": "76.29%", "2017-09-30": "76.40%", "2017-06-30": "76.15%", "2017-03-31": "75.65%", "2016-12-31": "75.26%", "2016-09-30": "74.10%", "2016-06-30": "72.80%", "2016-03-31": "71.59%", "2015-12-31": "69.54%", "2015-09-30": "70.04%", "2015-06-30": "69.00%", "2015-03-31": "68.09%", "2014-12-31": "67.09%", "2014-09-30": "65.42%", "2014-06-30": "65.66%", "2014-03-31": "65.94%", "2013-12-31": "67.24%", "2013-09-30": "66.79%", "2013-06-30": "64.90%", "2013-03-31": "64.67%", "2012-12-31": "64.08%", "2012-09-30": "63.87%", "2012-06-30": "62.62%", "2012-03-31": "61.27%", "2011-12-31": "59.22%", "2011-09-30": "57.56%", "2011-06-30": "57.90%", "2011-03-31": "57.54%", "2010-12-31": "59.25%", "2010-09-30": "58.68%", "2010-06-30": "56.97%", "2010-03-31": "55.38%", "2009-12-31": "52.66%", "2009-09-30": "51.44%", "2009-06-30": "50.73%", "2009-03-31": "49.06%", "2008-12-31": "48.74%", "2008-09-30": "47.86%", "2008-06-30": "46.96%", "2008-03-31": "47.22%", "2007-12-31": "46.33%", "2007-09-30": "45.53%", "2007-06-30": "44.56%", "2007-03-31": "43.67%", "2006-12-31": "43.07%", "2006-09-30": "43.63%", "2006-06-30": "44.76%", "2006-03-31": "46.23%", "2005-12-31": "47.91%"}, "operating margin": {"2020-12-31": "28.43%", "2020-09-30": "27.78%", "2020-06-30": "29.71%", "2020-03-31": "31.40%", "2019-12-31": "27.87%", "2019-09-30": "29.37%", "2019-06-30": "27.77%", "2019-03-31": "25.71%", "2018-12-31": "25.59%", "2018-09-30": "20.56%", "2018-06-30": "22.37%", "2018-03-31": "22.69%", "2017-12-31": "30.12%", "2017-09-30": "34.19%", "2017-06-30": "33.77%", "2017-03-31": "34.33%", "2016-12-31": "27.63%", "2016-09-30": "27.58%", "2016-06-30": "28.54%", "2016-03-31": "27.51%", "2015-12-31": "26.49%", "2015-09-30": "29.25%", "2015-06-30": "27.95%", "2015-03-31": "27.36%", "2014-12-31": "25.76%", "2014-09-30": "21.85%", "2014-06-30": "22.35%", "2014-03-31": "22.83%", "2013-12-31": "21.41%", "2013-09-30": "22.38%", "2013-06-30": "20.15%", "2013-03-31": "20.52%", "2012-12-31": "22.98%", "2012-09-30": "24.14%", "2012-06-30": "24.40%", "2012-03-31": "23.34%", "2011-12-31": "21.26%", "2011-09-30": "18.13%", "2011-06-30": "19.17%", "2011-03-31": "18.32%", "2010-12-31": "21.07%", "2010-09-30": "21.40%", "2010-06-30": "19.91%", "2010-03-31": "18.96%", "2009-12-31": "16.58%", "2009-09-30": "17.45%", "2009-06-30": "19.26%", "2009-03-31": "17.77%", "2008-12-31": "17.22%", "2008-09-30": "15.49%", "2008-06-30": "13.59%", "2008-03-31": "15.54%", "2007-12-31": "14.96%", "2007-09-30": "14.33%", "2007-06-30": "14.04%", "2007-03-31": "12.64%", "2006-12-31": "13.35%", "2006-09-30": "14.14%", "2006-06-30": "13.11%", "2006-03-31": "13.31%", "2005-12-31": "12.58%"}, "ebitda margin": {"2020-09-30": "51.60%", "2020-06-30": "52.41%", "2020-03-31": "54.39%", "2019-12-31": "51.19%", "2019-09-30": "53.47%", "2019-06-30": "52.71%", "2019-03-31": "49.81%", "2018-12-31": "50.38%", "2018-09-30": "38.05%", "2018-06-30": "39.18%", "2018-03-31": "39.52%", "2017-12-31": "45.48%", "2017-09-30": "55.99%", "2017-06-30": "55.17%", "2017-03-31": "55.64%", "2016-12-31": "48.87%", "2016-09-30": "48.02%", "2016-06-30": "47.78%", "2016-03-31": "46.20%", "2015-12-31": "44.81%", "2015-09-30": "46.62%", "2015-06-30": "45.46%", "2015-03-31": "44.45%", "2014-12-31": "42.77%", "2014-09-30": "39.70%", "2014-06-30": "39.34%", "2014-03-31": "39.39%", "2013-12-31": "38.07%", "2013-09-30": "37.42%", "2013-06-30": "34.58%", "2013-03-31": "33.80%", "2012-12-31": "35.44%", "2012-09-30": "35.86%", "2012-06-30": "36.06%", "2012-03-31": "35.17%", "2011-12-31": "33.31%", "2011-09-30": "31.40%", "2011-06-30": "32.36%", "2011-03-31": "31.73%", "2010-12-31": "34.60%", "2010-09-30": "34.81%", "2010-06-30": "32.82%", "2010-03-31": "31.95%", "2009-12-31": "29.39%", "2009-09-30": "29.26%", "2009-06-30": "30.14%", "2009-03-31": "28.09%", "2008-12-31": "27.23%", "2008-09-30": "25.93%", "2008-06-30": "23.64%", "2008-03-31": "25.27%", "2007-12-31": "24.65%", "2007-09-30": "24.15%", "2007-06-30": "23.43%", "2007-03-31": "22.05%", "2006-12-31": "22.39%", "2006-09-30": "22.84%", "2006-06-30": "23.65%", "2006-03-31": "24.84%", "2005-12-31": "25.21%"}, "pre tax profit margin": {"2020-12-31": "13.41%", "2020-09-30": "20.21%", "2020-06-30": "17.28%", "2020-03-31": "16.36%", "2019-12-31": "19.98%", "2019-09-30": "16.25%", "2019-06-30": "18.47%", "2019-03-31": "17.40%", "2018-12-31": "43.95%", "2018-09-30": "43.78%", "2018-06-30": "43.67%", "2018-03-31": "43.86%", "2017-12-31": "27.15%", "2017-09-30": "36.12%", "2017-06-30": "36.05%", "2017-03-31": "35.32%", "2016-12-31": "27.13%", "2016-09-30": "21.93%", "2016-06-30": "22.30%", "2016-03-31": "22.94%", "2015-12-31": "22.82%", "2015-09-30": "25.26%", "2015-06-30": "23.67%", "2015-03-31": "22.91%", "2014-12-31": "21.41%", "2014-09-30": "17.28%", "2014-06-30": "17.90%", "2014-03-31": "18.36%", "2013-12-31": "16.21%", "2013-09-30": "17.25%", "2013-06-30": "14.94%", "2013-03-31": "15.32%", "2012-12-31": "18.26%", "2012-09-30": "20.08%", "2012-06-30": "19.35%", "2012-03-31": "18.19%", "2011-12-31": "15.98%", "2011-09-30": "12.04%", "2011-06-30": "14.40%", "2011-03-31": "13.18%", "2010-12-31": "16.25%", "2010-09-30": "16.89%", "2010-06-30": "15.53%", "2010-03-31": "14.97%", "2009-12-31": "12.41%", "2009-09-30": "12.84%", "2009-06-30": "14.63%", "2009-03-31": "13.15%", "2008-12-31": "12.73%", "2008-09-30": "11.22%", "2008-06-30": "9.37%", "2008-03-31": "11.54%", "2007-12-31": "11.01%", "2007-09-30": "11.37%", "2007-06-30": "11.27%", "2007-03-31": "9.91%", "2006-12-31": "10.68%", "2006-09-30": "10.96%", "2006-06-30": "10.00%", "2006-03-31": "10.41%", "2005-12-31": "9.99%"}, "net profit margin": {"2020-12-31": "16.22%", "2020-09-30": "21.45%", "2020-06-30": "18.71%", "2020-03-31": "17.78%", "2019-12-31": "19.63%", "2019-09-30": "16.91%", "2019-06-30": "18.71%", "2019-03-31": "17.04%", "2018-12-31": "39.68%", "2018-09-30": "51.30%", "2018-06-30": "49.15%", "2018-03-31": "48.24%", "2017-12-31": "31.33%", "2017-09-30": "24.80%", "2017-06-30": "24.25%", "2017-03-31": "23.57%", "2016-12-31": "18.01%", "2016-09-30": "14.84%", "2016-06-30": "15.47%", "2016-03-31": "16.00%", "2015-12-31": "15.74%", "2015-09-30": "17.30%", "2015-06-30": "16.36%", "2015-03-31": "15.39%", "2014-12-31": "14.48%", "2014-09-30": "11.95%", "2014-06-30": "12.39%", "2014-03-31": "13.30%", "2013-12-31": "12.61%", "2013-09-30": "13.49%", "2013-06-30": "12.04%", "2013-03-31": "12.16%", "2012-12-31": "13.40%", "2012-09-30": "14.59%", "2012-06-30": "14.02%", "2012-03-31": "13.58%", "2011-12-31": "12.54%", "2011-09-30": "10.20%", "2011-06-30": "12.05%", "2011-03-31": "11.25%", "2010-12-31": "12.78%", "2010-09-30": "13.12%", "2010-06-30": "12.09%", "2010-03-31": "11.61%", "2009-12-31": "10.32%", "2009-09-30": "10.47%", "2009-06-30": "11.33%", "2009-03-31": "10.51%", "2008-12-31": "9.99%", "2008-09-30": "9.05%", "2008-06-30": "7.95%", "2008-03-31": "9.03%", "2007-12-31": "8.60%", "2007-09-30": "8.91%", "2007-06-30": "8.80%", "2007-03-31": "7.76%", "2006-12-31": "8.15%", "2006-09-30": "8.10%", "2006-06-30": "7.45%", "2006-03-31": "7.81%", "2005-12-31": "7.61%"}, "pe ratio": {"current": "36.15", "2021-02-05": "56.20", "2020-12-31": "51.87", "2020-09-30": "34.80", "2020-06-30": "32.81", "2020-03-31": "32.83", "2019-12-31": "30.53", "2019-09-30": "34.09", "2019-06-30": "28.52", "2019-03-31": "30.82", "2018-12-31": "11.92", "2018-09-30": "9.10", "2018-06-30": "9.18", "2018-03-31": "8.89", "2017-12-31": "12.85", "2017-09-30": "15.33", "2017-06-30": "14.85", "2017-03-31": "14.36", "2016-12-31": "17.54", "2016-09-30": "21.08", "2016-06-30": "21.07", "2016-03-31": "17.62", "2015-12-31": "15.15", "2015-09-30": "12.30", "2015-06-30": "13.07", "2015-03-31": "14.83", "2014-12-31": "16.30", "2014-09-30": "18.41", "2014-06-30": "19.32", "2014-03-31": "16.71", "2013-12-31": "15.97", "2013-09-30": "13.99", "2013-06-30": "16.39", "2013-03-31": "15.45", "2012-12-31": "12.23", "2012-09-30": "10.95", "2012-06-30": "10.64", "2012-03-31": "9.49", "2011-12-31": "10.33", "2011-09-30": "11.48", "2011-06-30": "9.97", "2011-03-31": "10.34", "2010-12-31": "8.19", "2010-09-30": "8.11", "2010-06-30": "7.88", "2010-03-31": "7.91", "2009-12-31": "9.55", "2009-09-30": "9.51", "2009-06-30": "8.46", "2009-03-31": "8.16", "2008-12-31": "8.56", "2008-09-30": "9.53", "2008-06-30": "14.74", "2008-03-31": "12.06", "2007-12-31": "13.88", "2007-09-30": "11.99", "2007-06-30": "11.13", "2007-03-31": "13.57", "2006-12-31": "11.06"}, "price sales": {"2021-02-05": "9.15", "2020-12-31": "8.44", "2020-09-30": "7.45", "2020-06-30": "6.12", "2020-03-31": "5.84", "2019-12-31": "5.98", "2019-09-30": "5.76", "2019-06-30": "5.34", "2019-03-31": "5.25", "2018-12-31": "4.73", "2018-09-30": "4.66", "2018-06-30": "4.50", "2018-03-31": "4.27", "2017-12-31": "4.02", "2017-09-30": "3.81", "2017-06-30": "3.60", "2017-03-31": "3.38", "2016-12-31": "3.14", "2016-09-30": "3.09", "2016-06-30": "3.23", "2016-03-31": "2.79", "2015-12-31": "2.38", "2015-09-30": "2.13", "2015-06-30": "2.14", "2015-03-31": "2.28", "2014-12-31": "2.36", "2014-09-30": "2.19", "2014-06-30": "2.39", "2014-03-31": "2.22", "2013-12-31": "2.01", "2013-09-30": "1.89", "2013-06-30": "1.97", "2013-03-31": "1.88", "2012-12-31": "1.64", "2012-09-30": "1.59", "2012-06-30": "1.49", "2012-03-31": "1.29", "2011-12-31": "1.29", "2011-09-30": "1.17", "2011-06-30": "1.20", "2011-03-31": "1.16", "2010-12-31": "1.04", "2010-09-30": "1.06", "2010-06-30": "0.95", "2010-03-31": "0.92", "2009-12-31": "0.99", "2009-09-30": "1.00", "2009-06-30": "0.96", "2009-03-31": "0.86", "2008-12-31": "0.86", "2008-09-30": "0.86", "2008-06-30": "1.17", "2008-03-31": "1.09", "2007-12-31": "1.19", "2007-09-30": "1.07", "2007-06-30": "0.98", "2007-03-31": "1.05", "2006-12-31": "0.90"}, "price book": {"current": "3.65", "2021-02-05": "3.90", "2020-09-30": "3.22", "2020-06-30": "2.80", "2020-03-31": "2.84", "2019-12-31": "2.80", "2019-09-30": "2.76", "2019-06-30": "2.47", "2019-03-31": "2.36", "2018-12-31": "2.12", "2018-09-30": "2.05", "2018-06-30": "2.07", "2018-03-31": "2.02", "2017-12-31": "2.33", "2017-09-30": "2.35", "2017-06-30": "2.26", "2017-03-31": "2.09", "2016-12-31": "2.01", "2016-09-30": "2.08", "2016-06-30": "2.27", "2016-03-31": "2.06", "2015-12-31": "1.83", "2015-09-30": "1.73", "2015-06-30": "1.79", "2015-03-31": "1.95", "2014-12-31": "2.01", "2014-09-30": "1.82", "2014-06-30": "2.05", "2014-03-31": "1.93", "2013-12-31": "1.72", "2013-09-30": "1.64", "2013-06-30": "1.71", "2013-03-31": "1.66", "2012-12-31": "1.47", "2012-09-30": "1.50", "2012-06-30": "1.46", "2012-03-31": "1.31", "2011-12-31": "1.32", "2011-09-30": "1.18", "2011-06-30": "1.24", "2011-03-31": "1.20", "2010-12-31": "1.13", "2010-09-30": "1.19", "2010-06-30": "1.10", "2010-03-31": "1.09", "2009-12-31": "1.21", "2009-09-30": "1.28", "2009-06-30": "1.35", "2009-03-31": "1.22", "2008-12-31": "1.22", "2008-09-30": "1.22", "2008-06-30": "1.72", "2008-03-31": "1.62", "2007-12-31": "1.73", "2007-09-30": "1.56", "2007-06-30": "1.50", "2007-03-31": "1.66", "2006-12-31": "1.45", "2006-09-30": "1.23", "2006-06-30": "1.19", "2006-03-31": "1.16"}, "price fcf": {"2021-02-05": "", "2020-09-30": "$0.59", "2020-06-30": "$0.76", "2020-03-31": "$1.21", "2019-12-31": "$-0.91", "2019-09-30": "$-0.19", "2019-06-30": "$1.02", "2019-03-31": "$-1.64", "2018-12-31": "$1.18", "2018-09-30": "$2.88", "2018-06-30": "$-0.98", "2018-03-31": "$2.74", "2017-12-31": "$0.65", "2017-09-30": "$1.06", "2017-06-30": "$3.01", "2017-03-31": "$0.67", "2016-12-31": "$1.50", "2016-09-30": "$-1.81", "2016-06-30": "$-2.05", "2016-03-31": "$-2.28", "2015-12-31": "$-1.23", "2015-09-30": "$-0.86", "2015-06-30": "$-0.86", "2015-03-31": "$-0.45", "2014-12-31": "$-0.69", "2014-09-30": "$-0.53", "2014-06-30": "$-0.59", "2014-03-31": "$-0.82", "2013-12-31": "$-0.83", "2013-09-30": "$-1.91", "2013-06-30": "$-2.53", "2013-03-31": "$-3.01", "2012-12-31": "$-3.26", "2012-09-30": "$-2.18", "2012-06-30": "$-1.55", "2012-03-31": "$-1.24", "2011-12-31": "$-0.81", "2011-09-30": "$-1.14", "2011-06-30": "$-1.12", "2011-03-31": "$-1.18", "2010-12-31": "$-1.22", "2010-09-30": "$-1.31", "2010-06-30": "$-1.38", "2010-03-31": "$-1.25", "2009-12-31": "$-0.95", "2009-09-30": "$-0.73", "2009-06-30": "$-1.07", "2009-03-31": "$-1.23", "2008-12-31": "$-1.14", "2008-09-30": "$-0.70", "2008-06-30": "$-0.80", "2008-03-31": "$-0.61", "2007-12-31": "$-0.45", "2007-09-30": "$-0.47", "2007-06-30": "$0.37", "2007-03-31": "$0.31", "2006-12-31": "$-0.77"}, "net worth": {"value": "$163.78B"}, "current ratio": {"2020-12-31": "0.47", "2020-09-30": "0.57", "2020-06-30": "0.61", "2020-03-31": "0.71", "2019-12-31": "0.54", "2019-09-30": "0.58", "2019-06-30": "0.52", "2019-03-31": "0.46", "2018-12-31": "0.36", "2018-09-30": "0.65", "2018-06-30": "0.58", "2018-03-31": "0.59", "2017-12-31": "0.64", "2017-09-30": "0.61", "2017-06-30": "0.66", "2017-03-31": "0.60", "2016-12-31": "0.68", "2016-09-30": "0.65", "2016-06-30": "0.57", "2016-03-31": "0.67", "2015-12-31": "0.67", "2015-09-30": "0.64", "2015-06-30": "0.67", "2015-03-31": "0.67", "2014-12-31": "0.72", "2014-09-30": "0.59", "2014-06-30": "0.63", "2014-03-31": "0.60", "2013-12-31": "0.64", "2013-09-30": "0.59", "2013-06-30": "0.53", "2013-03-31": "0.46", "2012-12-31": "0.59", "2012-09-30": "0.56", "2012-06-30": "0.64", "2012-03-31": "0.64", "2011-12-31": "0.73", "2011-09-30": "0.84", "2011-06-30": "0.75", "2011-03-31": "0.67", "2010-12-31": "0.76", "2010-09-30": "0.80", "2010-06-30": "0.74", "2010-03-31": "0.71", "2009-12-31": "0.67", "2009-09-30": "0.64", "2009-06-30": "0.73", "2009-03-31": "0.78", "2008-12-31": "0.70", "2008-09-30": "0.74", "2008-06-30": "0.66", "2008-03-31": "0.73", "2007-12-31": "0.66", "2007-09-30": "0.64", "2007-06-30": "0.76", "2007-03-31": "0.66", "2006-12-31": "0.76", "2006-09-30": "0.78", "2006-06-30": "0.64", "2006-03-31": "0.62", "2005-12-31": "0.69", "2005-09-30": "0.76", "2005-06-30": "0.74", "2005-03-31": "0.80"}, "quick ratio": {"2020-12-31": "0.38", "2020-09-30": "0.48", "2020-06-30": "0.50", "2020-03-31": "0.61", "2019-12-31": "0.44", "2019-09-30": "0.47", "2019-06-30": "0.42", "2019-03-31": "0.38", "2018-12-31": "0.29", "2018-09-30": "0.57", "2018-06-30": "0.46", "2018-03-31": "0.46", "2017-12-31": "0.53", "2017-09-30": "0.49", "2017-06-30": "0.52", "2017-03-31": "0.46", "2016-12-31": "0.56", "2016-09-30": "0.52", "2016-06-30": "0.46", "2016-03-31": "0.55", "2015-12-31": "0.55", "2015-09-30": "0.51", "2015-06-30": "0.54", "2015-03-31": "0.54", "2014-12-31": "0.59", "2014-09-30": "0.46", "2014-06-30": "0.51", "2014-03-31": "0.49", "2013-12-31": "0.51", "2013-09-30": "0.47", "2013-06-30": "0.41", "2013-03-31": "0.34", "2012-12-31": "0.47", "2012-09-30": "0.43", "2012-06-30": "0.49", "2012-03-31": "0.50", "2011-12-31": "0.57", "2011-09-30": "0.70", "2011-06-30": "0.59", "2011-03-31": "0.54", "2010-12-31": "0.64", "2010-09-30": "0.68", "2010-06-30": "0.63", "2010-03-31": "0.61", "2009-12-31": "0.54", "2009-09-30": "0.50", "2009-06-30": "0.60", "2009-03-31": "0.65", "2008-12-31": "0.58", "2008-09-30": "0.62", "2008-06-30": "0.53", "2008-03-31": "0.59", "2007-12-31": "0.51", "2007-09-30": "0.51", "2007-06-30": "0.63", "2007-03-31": "0.54", "2006-12-31": "0.64", "2006-09-30": "0.66", "2006-06-30": "0.53", "2006-03-31": "0.51", "2005-12-31": "0.61", "2005-09-30": "0.70", "2005-06-30": "0.63", "2005-03-31": "0.68"}, "debt equity ratio": {"current": "0.93", "2020-12-31": "1.84", "2020-09-30": "2.01", "2020-06-30": "1.93", "2020-03-31": "1.95", "2019-12-31": "1.85", "2019-09-30": "1.84", "2019-06-30": "1.88", "2019-03-31": "1.88", "2018-12-31": "1.77", "2018-09-30": "1.64", "2018-06-30": "1.64", "2018-03-31": "1.62", "2017-12-31": "2.32", "2017-09-30": "2.54", "2017-06-30": "2.46", "2017-03-31": "2.45", "2016-12-31": "2.55", "2016-09-30": "2.53", "2016-06-30": "2.58", "2016-03-31": "2.58", "2015-12-31": "2.57", "2015-09-30": "2.50", "2015-06-30": "2.57", "2015-03-31": "2.66", "2014-12-31": "2.70", "2014-09-30": "2.77", "2014-06-30": "2.89", "2014-03-31": "2.87", "2013-12-31": "2.84", "2013-09-30": "2.86", "2013-06-30": "2.93", "2013-03-31": "2.94", "2012-12-31": "3.01", "2012-09-30": "2.91", "2012-06-30": "2.83", "2012-03-31": "2.89", "2011-12-31": "2.83", "2011-09-30": "2.80", "2011-06-30": "2.66", "2011-03-31": "2.65", "2010-12-31": "2.67", "2010-09-30": "2.73", "2010-06-30": "2.79", "2010-03-31": "2.82", "2009-12-31": "2.74", "2009-09-30": "2.70", "2009-06-30": "2.79", "2009-03-31": "2.78", "2008-12-31": "2.84", "2008-09-30": "2.94", "2008-06-30": "3.12", "2008-03-31": "2.86", "2007-12-31": "2.74", "2007-09-30": "2.73", "2007-06-30": "2.66", "2007-03-31": "2.60", "2006-12-31": "2.61", "2006-09-30": "2.64", "2006-06-30": "2.72", "2006-03-31": "2.67", "2005-12-31": "2.85", "2005-09-30": "3.01", "2005-06-30": "2.63", "2005-03-31": "2.63"}, "return on equity": {"2020-12-31": "6.89%", "2020-09-30": "9.41%", "2020-06-30": "8.66%", "2020-03-31": "8.73%", "2019-12-31": "9.55%", "2019-09-30": "8.36%", "2019-06-30": "8.85%", "2019-03-31": "7.76%", "2018-12-31": "18.07%", "2018-09-30": "24.09%", "2018-06-30": "25.47%", "2018-03-31": "27.49%", "2017-12-31": "19.53%", "2017-09-30": "15.79%", "2017-06-30": "15.80%", "2017-03-31": "15.26%", "2016-12-31": "11.90%", "2016-09-30": "10.28%", "2016-06-30": "11.04%", "2016-03-31": "12.09%", "2015-12-31": "12.51%", "2015-09-30": "14.71%", "2015-06-30": "14.30%", "2015-03-31": "13.73%", "2014-12-31": "12.99%", "2014-09-30": "10.36%", "2014-06-30": "10.82%", "2014-03-31": "11.77%", "2013-12-31": "11.18%", "2013-09-30": "12.12%", "2013-06-30": "10.66%", "2013-03-31": "10.77%", "2012-12-31": "12.14%", "2012-09-30": "13.91%", "2012-06-30": "14.09%", "2012-03-31": "14.12%", "2011-12-31": "12.96%", "2011-09-30": "10.32%", "2011-06-30": "12.61%", "2011-03-31": "11.77%", "2010-12-31": "14.11%", "2010-09-30": "15.12%", "2010-06-30": "14.11%", "2010-03-31": "14.10%", "2009-12-31": "12.94%", "2009-09-30": "13.76%", "2009-06-30": "16.14%", "2009-03-31": "15.31%", "2008-12-31": "14.72%", "2008-09-30": "13.36%", "2008-06-30": "11.39%", "2008-03-31": "13.35%", "2007-12-31": "12.67%", "2007-09-30": "13.34%", "2007-06-30": "13.63%", "2007-03-31": "12.27%", "2006-12-31": "13.65%", "2006-09-30": "13.67%", "2006-06-30": "11.99%", "2006-03-31": "11.89%", "2005-12-31": "10.82%"}, "return on assets": {"2020-12-31": "2.35%", "2020-09-30": "3.21%", "2020-06-30": "2.99%", "2020-03-31": "3.03%", "2019-12-31": "3.34%", "2019-09-30": "2.94%", "2019-06-30": "3.17%", "2019-03-31": "2.84%", "2018-12-31": "6.77%", "2018-09-30": "8.67%", "2018-06-30": "8.55%", "2018-03-31": "8.62%", "2017-12-31": "5.68%", "2017-09-30": "4.51%", "2017-06-30": "4.52%", "2017-03-31": "4.33%", "2016-12-31": "3.34%", "2016-09-30": "2.88%", "2016-06-30": "3.10%", "2016-03-31": "3.40%", "2015-12-31": "3.50%", "2015-09-30": "4.08%", "2015-06-30": "3.89%", "2015-03-31": "3.66%", "2014-12-31": "3.42%", "2014-09-30": "2.70%", "2014-06-30": "2.80%", "2014-03-31": "3.04%", "2013-12-31": "2.87%", "2013-09-30": "3.08%", "2013-06-30": "2.70%", "2013-03-31": "2.75%", "2012-12-31": "3.11%", "2012-09-30": "3.60%", "2012-06-30": "3.67%", "2012-03-31": "3.72%", "2011-12-31": "3.47%", "2011-09-30": "2.79%", "2011-06-30": "3.43%", "2011-03-31": "3.18%", "2010-12-31": "3.77%", "2010-09-30": "4.01%", "2010-06-30": "3.75%", "2010-03-31": "3.75%", "2009-12-31": "3.45%", "2009-09-30": "3.65%", "2009-06-30": "4.21%", "2009-03-31": "3.91%", "2008-12-31": "3.74%", "2008-09-30": "3.41%", "2008-06-30": "2.95%", "2008-03-31": "3.56%", "2007-12-31": "3.44%", "2007-09-30": "3.66%", "2007-06-30": "3.76%", "2007-03-31": "3.37%", "2006-12-31": "3.73%", "2006-09-30": "3.68%", "2006-06-30": "3.15%", "2006-03-31": "3.14%", "2005-12-31": "2.86%"}, "return on investments": {"2020-12-31": "6.06%", "2020-09-30": "6.13%", "2020-06-30": "7.02%", "2020-03-31": "8.01%", "2019-12-31": "7.25%", "2019-09-30": "7.96%", "2019-06-30": "7.38%", "2019-03-31": "6.68%", "2018-12-31": "6.66%", "2018-09-30": "5.29%", "2018-06-30": "6.05%", "2018-03-31": "6.45%", "2017-12-31": "8.96%", "2017-09-30": "10.34%", "2017-06-30": "10.42%", "2017-03-31": "10.54%", "2016-12-31": "8.55%", "2016-09-30": "8.89%", "2016-06-30": "9.49%", "2016-03-31": "9.64%", "2015-12-31": "9.76%", "2015-09-30": "11.48%", "2015-06-30": "11.06%", "2015-03-31": "10.83%", "2014-12-31": "10.10%", "2014-09-30": "8.15%", "2014-06-30": "8.33%", "2014-03-31": "8.57%", "2013-12-31": "7.98%", "2013-09-30": "8.34%", "2013-06-30": "7.36%", "2013-03-31": "7.54%", "2012-12-31": "8.68%", "2012-09-30": "9.65%", "2012-06-30": "10.37%", "2012-03-31": "10.34%", "2011-12-31": "9.47%", "2011-09-30": "8.03%", "2011-06-30": "8.88%", "2011-03-31": "8.49%", "2010-12-31": "10.33%", "2010-09-30": "10.94%", "2010-06-30": "10.33%", "2010-03-31": "10.22%", "2009-12-31": "9.21%", "2009-09-30": "10.25%", "2009-06-30": "12.42%", "2009-03-31": "11.90%", "2008-12-31": "11.83%", "2008-09-30": "10.83%", "2008-06-30": "9.32%", "2008-03-31": "11.16%", "2007-12-31": "11.01%", "2007-09-30": "10.83%", "2007-06-30": "11.00%", "2007-03-31": "10.23%", "2006-12-31": "11.50%", "2006-09-30": "12.32%", "2006-06-30": "11.01%", "2006-03-31": "10.49%", "2005-12-31": "9.07%"}, "return on tangible equity": {"2020-09-30": "10.47%", "2020-06-30": "9.65%", "2020-03-31": "9.70%", "2019-12-31": "10.58%", "2019-09-30": "9.06%", "2019-06-30": "9.33%", "2019-03-31": "8.00%", "2018-12-31": "18.18%", "2018-09-30": "24.09%", "2018-06-30": "25.47%", "2018-03-31": "27.49%", "2017-12-31": "19.53%", "2017-09-30": "15.79%", "2017-06-30": "15.80%", "2017-03-31": "15.26%", "2016-12-31": "11.90%", "2016-09-30": "10.28%", "2016-06-30": "11.04%", "2016-03-31": "12.09%", "2015-12-31": "12.51%", "2015-09-30": "14.71%", "2015-06-30": "14.30%", "2015-03-31": "13.73%", "2014-12-31": "12.99%", "2014-09-30": "10.36%", "2014-06-30": "10.82%", "2014-03-31": "11.77%", "2013-12-31": "11.18%", "2013-09-30": "12.12%", "2013-06-30": "10.66%", "2013-03-31": "10.77%", "2012-12-31": "12.14%", "2012-09-30": "13.91%", "2012-06-30": "14.09%", "2012-03-31": "14.12%", "2011-12-31": "12.96%", "2011-09-30": "10.32%", "2011-06-30": "12.61%", "2011-03-31": "11.77%", "2010-12-31": "14.11%", "2010-09-30": "15.12%", "2010-06-30": "14.11%", "2010-03-31": "14.10%", "2009-12-31": "12.94%", "2009-09-30": "13.76%", "2009-06-30": "16.14%", "2009-03-31": "15.31%", "2008-12-31": "14.72%", "2008-09-30": "13.36%", "2008-06-30": "11.39%", "2008-03-31": "13.35%", "2007-12-31": "12.67%", "2007-09-30": "13.34%", "2007-06-30": "13.63%", "2007-03-31": "12.27%", "2006-12-31": "13.65%", "2006-09-30": "13.67%", "2006-06-30": "11.99%", "2006-03-31": "11.89%", "2005-12-31": "10.82%"}, "dividend yield history": {"last payout": "$1.40", "last yield": "1.67%"}}