{"ticker": "NLSN", "price": {"title": "Nielsen Holdings Plc Historical Annual Stock Price Data", "value": 22.69, "historical": {"2020": {"Average Stock Price": "15.9790", "Year Open": "20.1200", "Year High": "22.2500", "Year Low": "11.8500", "Year Close": "20.8700", "Annual % Change": "2.81%"}, "2019": {"Average Stock Price": "23.0727", "Year Open": "23.5300", "Year High": "27.4200", "Year Low": "19.4700", "Year Close": "20.3000", "Annual % Change": "-12.99%"}, "2018": {"Average Stock Price": "29.6437", "Year Open": "36.6600", "Year High": "38.5100", "Year Low": "21.7500", "Year Close": "23.3300", "Annual % Change": "-35.91%"}, "2017": {"Average Stock Price": "40.0988", "Year Open": "42.2700", "Year High": "45.5000", "Year Low": "35.6700", "Year Close": "36.4000", "Annual % Change": "-13.23%"}, "2016": {"Average Stock Price": "50.0921", "Year Open": "45.6700", "Year High": "55.8100", "Year Low": "41.9500", "Year Close": "41.9500", "Annual % Change": "-9.98%"}, "2015": {"Average Stock Price": "45.6240", "Year Open": "44.8200", "Year High": "49.0600", "Year Low": "42.2000", "Year Close": "46.6000", "Annual % Change": "4.18%"}, "2014": {"Average Stock Price": "45.2775", "Year Open": "45.0800", "Year High": "49.5100", "Year Low": "41.0400", "Year Close": "44.7300", "Annual % Change": "-2.53%"}, "2013": {"Average Stock Price": "35.7603", "Year Open": "30.9900", "Year High": "45.9300", "Year Low": "30.8400", "Year Close": "45.8900", "Annual % Change": "50.02%"}, "2012": {"Average Stock Price": "28.7589", "Year Open": "29.9300", "Year High": "31.8000", "Year Low": "25.0300", "Year Close": "30.5900", "Annual % Change": "3.03%"}, "2011": {"Average Stock Price": "28.5846", "Year Open": "25.4000", "Year High": "32.0600", "Year Low": "25.0000", "Year Close": "29.6900", "Annual % Change": "0.00%"}}}, "market cap": {"value": "$8.1B"}, "income statement": {"Revenue": {"2019-12-31": "6498.00000", "2018-12-31": "6515.00000", "2017-12-31": "6572.00000", "2016-12-31": "6309.00000", "2015-12-31": "6172.00000", "2014-12-31": "6288.00000", "2013-12-31": "5703.00000", "2012-12-31": "5407.00000", "2011-12-31": "5328.00000", "2010-12-31": "5126.00000", "2009-12-31": "4808.00000", "2008-12-31": "4806.00000"}, "Cost Of Goods Sold": {"2019-12-31": "2822.00000", "2018-12-31": "2805.00000", "2017-12-31": "2765.00000", "2016-12-31": "2607.00000", "2015-12-31": "2539.00000", "2014-12-31": "2620.00000", "2013-12-31": "2398.00000", "2012-12-31": "2225.00000", "2011-12-31": "2188.00000", "2010-12-31": "2129.00000", "2009-12-31": "2023.00000", "2008-12-31": "2057.00000"}, "Gross Profit": {"2019-12-31": "3676.00000", "2018-12-31": "3710.00000", "2017-12-31": "3807.00000", "2016-12-31": "3702.00000", "2015-12-31": "3633.00000", "2014-12-31": "3668.00000", "2013-12-31": "3305.00000", "2012-12-31": "3182.00000", "2011-12-31": "3140.00000", "2010-12-31": "2997.00000", "2009-12-31": "2785.00000", "2008-12-31": "2749.00000"}, "Research And Development Expenses": {"2019-12-31": "", "2018-12-31": "", "2017-12-31": "", "2016-12-31": "", "2015-12-31": "", "2014-12-31": "", "2013-12-31": "", "2012-12-31": "", "2011-12-31": "", "2010-12-31": "", "2009-12-31": "", "2008-12-31": ""}, "SG&A Expenses": {"2019-12-31": "1929.00000", "2018-12-31": "1958.00000", "2017-12-31": "1873.00000", "2016-12-31": "1864.00000", "2015-12-31": "1915.00000", "2014-12-31": "1917.00000", "2013-12-31": "1815.00000", "2012-12-31": "1724.00000", "2011-12-31": "1829.00000", "2010-12-31": "1648.00000", "2009-12-31": "1523.00000", "2008-12-31": "1616.00000"}, "Other Operating Income Or Expenses": {"2019-12-31": "", "2018-12-31": "", "2017-12-31": "", "2016-12-31": "", "2015-12-31": "", "2014-12-31": "", "2013-12-31": "", "2012-12-31": "", "2011-12-31": "", "2010-12-31": "", "2009-12-31": "", "2008-12-31": ""}, "Operating Expenses": {"2019-12-31": "6591.00000", "2018-12-31": "6990.00000", "2017-12-31": "5358.00000", "2016-12-31": "5179.00000", "2015-12-31": "5079.00000", "2014-12-31": "5199.00000", "2013-12-31": "4842.00000", "2012-12-31": "4527.00000", "2011-12-31": "4602.00000", "2010-12-31": "4396.00000", "2009-12-31": "4692.00000", "2008-12-31": "4386.00000"}, "Operating Income": {"2019-12-31": "-93.00000", "2018-12-31": "-475.00000", "2017-12-31": "1214.00000", "2016-12-31": "1130.00000", "2015-12-31": "1093.00000", "2014-12-31": "1089.00000", "2013-12-31": "861.00000", "2012-12-31": "880.00000", "2011-12-31": "726.00000", "2010-12-31": "730.00000", "2009-12-31": "116.00000", "2008-12-31": "420.00000"}, "Total Non-Operating Income/Expense": {"2019-12-31": "-570.00000", "2018-12-31": "-407.00000", "2017-12-31": "-386.00000", "2016-12-31": "-314.00000", "2015-12-31": "-132.00000", "2014-12-31": "-468.00000", "2013-12-31": "-341.00000", "2012-12-31": "-521.00000", "2011-12-31": "-662.00000", "2010-12-31": "-627.00000", "2009-12-31": "-719.00000", "2008-12-31": "-691.00000"}, "Pre-Tax Income": {"2019-12-31": "-663.00000", "2018-12-31": "-882.00000", "2017-12-31": "828.00000", "2016-12-31": "816.00000", "2015-12-31": "961.00000", "2014-12-31": "621.00000", "2013-12-31": "520.00000", "2012-12-31": "359.00000", "2011-12-31": "64.00000", "2010-12-31": "103.00000", "2009-12-31": "-603.00000", "2008-12-31": "-271.00000"}, "Income Taxes": {"2019-12-31": "-260.00000", "2018-12-31": "-182.00000", "2017-12-31": "388.00000", "2016-12-31": "309.00000", "2015-12-31": "383.00000", "2014-12-31": "236.00000", "2013-12-31": "91.00000", "2012-12-31": "122.00000", "2011-12-31": "6.00000", "2010-12-31": "-46.00000", "2009-12-31": "-197.00000", "2008-12-31": "36.00000"}, "Income After Taxes": {"2019-12-31": "-403.00000", "2018-12-31": "-700.00000", "2017-12-31": "440.00000", "2016-12-31": "507.00000", "2015-12-31": "578.00000", "2014-12-31": "385.00000", "2013-12-31": "429.00000", "2012-12-31": "237.00000", "2011-12-31": "58.00000", "2010-12-31": "149.00000", "2009-12-31": "-406.00000", "2008-12-31": "-307.00000"}, "Other Income": {"2019-12-31": "", "2018-12-31": "", "2017-12-31": "", "2016-12-31": "", "2015-12-31": "", "2014-12-31": "", "2013-12-31": "", "2012-12-31": "", "2011-12-31": "", "2010-12-31": "", "2009-12-31": "", "2008-12-31": ""}, "Income From Continuous Operations": {"2019-12-31": "-403.00000", "2018-12-31": "-700.00000", "2017-12-31": "440.00000", "2016-12-31": "507.00000", "2015-12-31": "575.00000", "2014-12-31": "381.00000", "2013-12-31": "431.00000", "2012-12-31": "242.00000", "2011-12-31": "61.00000", "2010-12-31": "154.00000", "2009-12-31": "-428.00000", "2008-12-31": "-314.00000"}, "Income From Discontinued Operations": {"2019-12-31": "", "2018-12-31": "", "2017-12-31": "", "2016-12-31": "", "2015-12-31": "", "2014-12-31": "", "2013-12-31": "305.00000", "2012-12-31": "30.00000", "2011-12-31": "26.00000", "2010-12-31": "-22.00000", "2009-12-31": "-61.00000", "2008-12-31": "-275.00000"}, "Net Income": {"2019-12-31": "-415.00000", "2018-12-31": "-712.00000", "2017-12-31": "429.00000", "2016-12-31": "502.00000", "2015-12-31": "570.00000", "2014-12-31": "384.00000", "2013-12-31": "740.00000", "2012-12-31": "273.00000", "2011-12-31": "84.00000", "2010-12-31": "130.00000", "2009-12-31": "-491.00000", "2008-12-31": "-589.00000"}, "EBITDA": {"2019-12-31": "1667.00000", "2018-12-31": "1613.00000", "2017-12-31": "1854.00000", "2016-12-31": "1733.00000", "2015-12-31": "1667.00000", "2014-12-31": "1662.00000", "2013-12-31": "1382.00000", "2012-12-31": "1400.00000", "2011-12-31": "1255.00000", "2010-12-31": "1288.00000", "2009-12-31": "1260.00000", "2008-12-31": "1356.00000"}, "EBIT": {"2019-12-31": "-93.00000", "2018-12-31": "-475.00000", "2017-12-31": "1214.00000", "2016-12-31": "1130.00000", "2015-12-31": "1093.00000", "2014-12-31": "1089.00000", "2013-12-31": "861.00000", "2012-12-31": "880.00000", "2011-12-31": "726.00000", "2010-12-31": "730.00000", "2009-12-31": "116.00000", "2008-12-31": "420.00000"}, "Basic Shares Outstanding": {"2019-12-31": "355.73200", "2018-12-31": "355.60200", "2017-12-31": "356.71500", "2016-12-31": "358.83000", "2015-12-31": "366.99700", "2014-12-31": "379.33300", "2013-12-31": "375.79800", "2012-12-31": "361.78800", "2011-12-31": "352.46900", "2010-12-31": "276.49900", "2009-12-31": "273.90600", "2008-12-31": "226.67500"}, "Shares Outstanding": {"2019-12-31": "355.73200", "2018-12-31": "355.60200", "2017-12-31": "358.05200", "2016-12-31": "362.16700", "2015-12-31": "370.95800", "2014-12-31": "384.37100", "2013-12-31": "380.92800", "2012-12-31": "366.31100", "2011-12-31": "357.50200", "2010-12-31": "279.65300", "2009-12-31": "273.90600", "2008-12-31": "226.67500"}, "Basic EPS": {"2019-12-31": "-1.17000", "2018-12-31": "-2.00000", "2017-12-31": "1.20000", "2016-12-31": "1.40000", "2015-12-31": "1.55000", "2014-12-31": "1.01000", "2013-12-31": "1.97000", "2012-12-31": "0.75000", "2011-12-31": "0.24000", "2010-12-31": "0.47000", "2009-12-31": "-1.79000", "2008-12-31": "-2.61000"}, "EPS - Earnings Per Share": {"2019-12-31": "-1.17000", "2018-12-31": "-2.00000", "2017-12-31": "1.20000", "2016-12-31": "1.39000", "2015-12-31": "1.54000", "2014-12-31": "1.00000", "2013-12-31": "1.94000", "2012-12-31": "0.75000", "2011-12-31": "0.23000", "2010-12-31": "0.46000", "2009-12-31": "-1.79000", "2008-12-31": "-2.61000"}}, "income statement, quarterly": {"Revenue": {"2020-09-30": "1563.00000", "2020-06-30": "1496.00000", "2020-03-31": "1559.00000", "2019-12-31": "1691.00000", "2019-09-30": "1616.00000", "2019-06-30": "1628.00000", "2019-03-31": "1563.00000", "2018-12-31": "1658.00000", "2018-09-30": "1600.00000", "2018-06-30": "1647.00000", "2018-03-31": "1610.00000", "2017-12-31": "1761.00000", "2017-09-30": "1641.00000", "2017-06-30": "1644.00000", "2017-03-31": "1526.00000", "2016-12-31": "1656.00000", "2016-09-30": "1570.00000", "2016-06-30": "1596.00000", "2016-03-31": "1487.00000", "2015-12-31": "1624.00000", "2015-09-30": "1531.00000", "2015-06-30": "1559.00000", "2015-03-31": "1458.00000", "2014-12-31": "1633.00000", "2014-09-30": "1572.00000", "2014-06-30": "1594.00000", "2014-03-31": "1489.00000", "2013-12-31": "1611.00000", "2013-09-30": "1387.00000", "2013-06-30": "1386.00000", "2013-03-31": "1319.00000", "2012-12-31": "1380.00000", "2012-09-30": "1351.00000", "2012-06-30": "1342.00000", "2012-03-31": "1334.00000", "2011-12-31": "1217.00000", "2011-09-30": "1413.00000", "2011-06-30": "1396.00000", "2011-03-31": "1302.00000", "2010-12-31": "1371.00000", "2010-09-30": "1289.00000", "2010-06-30": "1270.00000", "2010-03-31": "1196.00000", "2009-12-31": "", "2008-12-31": ""}, "Cost Of Goods Sold": {"2020-09-30": "663.00000", "2020-06-30": "664.00000", "2020-03-31": "721.00000", "2019-12-31": "734.00000", "2019-09-30": "694.00000", "2019-06-30": "699.00000", "2019-03-31": "695.00000", "2018-12-31": "707.00000", "2018-09-30": "681.00000", "2018-06-30": "698.00000", "2018-03-31": "719.00000", "2017-12-31": "734.00000", "2017-09-30": "692.00000", "2017-06-30": "678.00000", "2017-03-31": "661.00000", "2016-12-31": "670.00000", "2016-09-30": "642.00000", "2016-06-30": "654.00000", "2016-03-31": "641.00000", "2015-12-31": "654.00000", "2015-09-30": "615.00000", "2015-06-30": "648.00000", "2015-03-31": "622.00000", "2014-12-31": "653.00000", "2014-09-30": "648.00000", "2014-06-30": "677.00000", "2014-03-31": "642.00000", "2013-12-31": "666.00000", "2013-09-30": "573.00000", "2013-06-30": "580.00000", "2013-03-31": "579.00000", "2012-12-31": "562.00000", "2012-09-30": "550.00000", "2012-06-30": "549.00000", "2012-03-31": "564.00000", "2011-12-31": "515.00000", "2011-09-30": "554.00000", "2011-06-30": "570.00000", "2011-03-31": "549.00000", "2010-12-31": "560.00000", "2010-09-30": "521.00000", "2010-06-30": "528.00000", "2010-03-31": "520.00000", "2009-12-31": "", "2008-12-31": ""}, "Gross Profit": {"2020-09-30": "900.00000", "2020-06-30": "832.00000", "2020-03-31": "838.00000", "2019-12-31": "957.00000", "2019-09-30": "922.00000", "2019-06-30": "929.00000", "2019-03-31": "868.00000", "2018-12-31": "951.00000", "2018-09-30": "919.00000", "2018-06-30": "949.00000", "2018-03-31": "891.00000", "2017-12-31": "1027.00000", "2017-09-30": "949.00000", "2017-06-30": "966.00000", "2017-03-31": "865.00000", "2016-12-31": "986.00000", "2016-09-30": "928.00000", "2016-06-30": "942.00000", "2016-03-31": "846.00000", "2015-12-31": "970.00000", "2015-09-30": "916.00000", "2015-06-30": "911.00000", "2015-03-31": "836.00000", "2014-12-31": "980.00000", "2014-09-30": "924.00000", "2014-06-30": "917.00000", "2014-03-31": "847.00000", "2013-12-31": "945.00000", "2013-09-30": "814.00000", "2013-06-30": "806.00000", "2013-03-31": "740.00000", "2012-12-31": "818.00000", "2012-09-30": "801.00000", "2012-06-30": "793.00000", "2012-03-31": "770.00000", "2011-12-31": "702.00000", "2011-09-30": "859.00000", "2011-06-30": "826.00000", "2011-03-31": "753.00000", "2010-12-31": "811.00000", "2010-09-30": "768.00000", "2010-06-30": "742.00000", "2010-03-31": "676.00000", "2009-12-31": "", "2008-12-31": ""}, "Research And Development Expenses": {"2020-09-30": "", "2020-06-30": "", "2020-03-31": "", "2019-12-31": "", "2019-09-30": "", "2019-06-30": "", "2019-03-31": "", "2018-12-31": "", "2018-09-30": "", "2018-06-30": "", "2018-03-31": "", "2017-12-31": "", "2017-09-30": "", "2017-06-30": "", "2017-03-31": "", "2016-12-31": "", "2016-09-30": "", "2016-06-30": "", "2016-03-31": "", "2015-12-31": "", "2015-09-30": "", "2015-06-30": "", "2015-03-31": "", "2014-12-31": "", "2014-09-30": "", "2014-06-30": "", "2014-03-31": "", "2013-12-31": "", "2013-09-30": "", "2013-06-30": "", "2013-03-31": "", "2012-12-31": "", "2012-09-30": "", "2012-06-30": "", "2012-03-31": "", "2011-12-31": "", "2011-09-30": "", "2011-06-30": "", "2011-03-31": "", "2010-12-31": "0.00000", "2010-09-30": "", "2010-06-30": "", "2010-03-31": "", "2009-12-31": "", "2008-12-31": ""}, "SG&A Expenses": {"2020-09-30": "451.00000", "2020-06-30": "451.00000", "2020-03-31": "515.00000", "2019-12-31": "499.00000", "2019-09-30": "467.00000", "2019-06-30": "483.00000", "2019-03-31": "480.00000", "2018-12-31": "507.00000", "2018-09-30": "464.00000", "2018-06-30": "494.00000", "2018-03-31": "493.00000", "2017-12-31": "478.00000", "2017-09-30": "448.00000", "2017-06-30": "474.00000", "2017-03-31": "473.00000", "2016-12-31": "473.00000", "2016-09-30": "452.00000", "2016-06-30": "474.00000", "2016-03-31": "465.00000", "2015-12-31": "510.00000", "2015-09-30": "459.00000", "2015-06-30": "465.00000", "2015-03-31": "481.00000", "2014-12-31": "478.00000", "2014-09-30": "468.00000", "2014-06-30": "482.00000", "2014-03-31": "489.00000", "2013-12-31": "505.00000", "2013-09-30": "434.00000", "2013-06-30": "434.00000", "2013-03-31": "442.00000", "2012-12-31": "420.00000", "2012-09-30": "429.00000", "2012-06-30": "428.00000", "2012-03-31": "447.00000", "2011-12-31": "376.00000", "2011-09-30": "460.00000", "2011-06-30": "450.00000", "2011-03-31": "543.00000", "2010-12-31": "457.00000", "2010-09-30": "414.00000", "2010-06-30": "405.00000", "2010-03-31": "400.00000", "2009-12-31": "", "2008-12-31": ""}, "Other Operating Income Or Expenses": {"2020-09-30": "", "2020-06-30": "", "2020-03-31": "", "2019-12-31": "", "2019-09-30": "", "2019-06-30": "", "2019-03-31": "", "2018-12-31": "", "2018-09-30": "", "2018-06-30": "", "2018-03-31": "", "2017-12-31": "", "2017-09-30": "", "2017-06-30": "", "2017-03-31": "", "2016-12-31": "", "2016-09-30": "", "2016-06-30": "", "2016-03-31": "", "2015-12-31": "", "2015-09-30": "", "2015-06-30": "", "2015-03-31": "", "2014-12-31": "", "2014-09-30": "", "2014-06-30": "", "2014-03-31": "", "2013-12-31": "", "2013-09-30": "", "2013-06-30": "", "2013-03-31": "", "2012-12-31": "", "2012-09-30": "", "2012-06-30": "", "2012-03-31": "", "2011-12-31": "", "2011-09-30": "", "2011-06-30": "", "2011-03-31": "", "2010-12-31": "", "2010-09-30": "", "2010-06-30": "", "2010-03-31": "", "2009-12-31": "", "2008-12-31": ""}, "Operating Expenses": {"2020-09-30": "1389.00000", "2020-06-30": "1468.00000", "2020-03-31": "1461.00000", "2019-12-31": "1467.00000", "2019-09-30": "2356.00000", "2019-06-30": "1379.00000", "2019-03-31": "1389.00000", "2018-12-31": "2829.00000", "2018-09-30": "1339.00000", "2018-06-30": "1419.00000", "2018-03-31": "1403.00000", "2017-12-31": "1407.00000", "2017-09-30": "1307.00000", "2017-06-30": "1323.00000", "2017-03-31": "1321.00000", "2016-12-31": "1328.00000", "2016-09-30": "1274.00000", "2016-06-30": "1314.00000", "2016-03-31": "1263.00000", "2015-12-31": "1314.00000", "2015-09-30": "1233.00000", "2015-06-30": "1273.00000", "2015-03-31": "1259.00000", "2014-12-31": "1325.00000", "2014-09-30": "1261.00000", "2014-06-30": "1317.00000", "2014-03-31": "1296.00000", "2013-12-31": "1373.00000", "2013-09-30": "1144.00000", "2013-06-30": "1148.00000", "2013-03-31": "1177.00000", "2012-12-31": "1130.00000", "2012-09-30": "1107.00000", "2012-06-30": "1113.00000", "2012-03-31": "1177.00000", "2011-12-31": "1025.00000", "2011-09-30": "1148.00000", "2011-06-30": "1178.00000", "2011-03-31": "1251.00000", "2010-12-31": "1156.00000", "2010-09-30": "1088.00000", "2010-06-30": "1088.00000", "2010-03-31": "1064.00000", "2009-12-31": "", "2008-12-31": ""}, "Operating Income": {"2020-09-30": "174.00000", "2020-06-30": "28.00000", "2020-03-31": "98.00000", "2019-12-31": "224.00000", "2019-09-30": "-740.00000", "2019-06-30": "249.00000", "2019-03-31": "174.00000", "2018-12-31": "-1171.00000", "2018-09-30": "261.00000", "2018-06-30": "228.00000", "2018-03-31": "207.00000", "2017-12-31": "354.00000", "2017-09-30": "334.00000", "2017-06-30": "321.00000", "2017-03-31": "205.00000", "2016-12-31": "328.00000", "2016-09-30": "296.00000", "2016-06-30": "282.00000", "2016-03-31": "224.00000", "2015-12-31": "310.00000", "2015-09-30": "298.00000", "2015-06-30": "286.00000", "2015-03-31": "199.00000", "2014-12-31": "308.00000", "2014-09-30": "311.00000", "2014-06-30": "277.00000", "2014-03-31": "193.00000", "2013-12-31": "238.00000", "2013-09-30": "243.00000", "2013-06-30": "238.00000", "2013-03-31": "142.00000", "2012-12-31": "250.00000", "2012-09-30": "244.00000", "2012-06-30": "229.00000", "2012-03-31": "157.00000", "2011-12-31": "192.00000", "2011-09-30": "265.00000", "2011-06-30": "218.00000", "2011-03-31": "51.00000", "2010-12-31": "215.00000", "2010-09-30": "201.00000", "2010-06-30": "182.00000", "2010-03-31": "132.00000", "2009-12-31": "", "2008-12-31": ""}, "Total Non-Operating Income/Expense": {"2020-09-30": "-95.00000", "2020-06-30": "-92.00000", "2020-03-31": "-100.00000", "2019-12-31": "-267.00000", "2019-09-30": "-108.00000", "2019-06-30": "-100.00000", "2019-03-31": "-95.00000", "2018-12-31": "-103.00000", "2018-09-30": "-104.00000", "2018-06-30": "-107.00000", "2018-03-31": "-93.00000", "2017-12-31": "-108.00000", "2017-09-30": "-92.00000", "2017-06-30": "-97.00000", "2017-03-31": "-89.00000", "2016-12-31": "-67.00000", "2016-09-30": "-82.00000", "2016-06-30": "-86.00000", "2016-03-31": "-79.00000", "2015-12-31": "123.00000", "2015-09-30": "-73.00000", "2015-06-30": "-84.00000", "2015-03-31": "-98.00000", "2014-12-31": "-110.00000", "2014-09-30": "-124.00000", "2014-06-30": "-128.00000", "2014-03-31": "-106.00000", "2013-12-31": "-91.00000", "2013-09-30": "-72.00000", "2013-06-30": "-77.00000", "2013-03-31": "-101.00000", "2012-12-31": "-208.00000", "2012-09-30": "-99.00000", "2012-06-30": "-94.00000", "2012-03-31": "-120.00000", "2011-12-31": "-70.00000", "2011-09-30": "-116.00000", "2011-06-30": "-113.00000", "2011-03-31": "-363.00000", "2010-12-31": "-272.00000", "2010-09-30": "-178.00000", "2010-06-30": "-94.00000", "2010-03-31": "-83.00000", "2009-12-31": "", "2008-12-31": ""}, "Pre-Tax Income": {"2020-09-30": "79.00000", "2020-06-30": "-64.00000", "2020-03-31": "-2.00000", "2019-12-31": "-43.00000", "2019-09-30": "-848.00000", "2019-06-30": "149.00000", "2019-03-31": "79.00000", "2018-12-31": "-1274.00000", "2018-09-30": "157.00000", "2018-06-30": "121.00000", "2018-03-31": "114.00000", "2017-12-31": "246.00000", "2017-09-30": "242.00000", "2017-06-30": "224.00000", "2017-03-31": "116.00000", "2016-12-31": "261.00000", "2016-09-30": "214.00000", "2016-06-30": "196.00000", "2016-03-31": "145.00000", "2015-12-31": "433.00000", "2015-09-30": "225.00000", "2015-06-30": "202.00000", "2015-03-31": "101.00000", "2014-12-31": "198.00000", "2014-09-30": "187.00000", "2014-06-30": "149.00000", "2014-03-31": "87.00000", "2013-12-31": "147.00000", "2013-09-30": "171.00000", "2013-06-30": "161.00000", "2013-03-31": "41.00000", "2012-12-31": "42.00000", "2012-09-30": "145.00000", "2012-06-30": "135.00000", "2012-03-31": "37.00000", "2011-12-31": "122.00000", "2011-09-30": "149.00000", "2011-06-30": "105.00000", "2011-03-31": "-312.00000", "2010-12-31": "-57.00000", "2010-09-30": "23.00000", "2010-06-30": "88.00000", "2010-03-31": "49.00000", "2009-12-31": "", "2008-12-31": ""}, "Income Taxes": {"2020-09-30": "69.00000", "2020-06-30": "-38.00000", "2020-03-31": "11.00000", "2019-12-31": "65.00000", "2019-09-30": "-380.00000", "2019-06-30": "23.00000", "2019-03-31": "32.00000", "2018-12-31": "-324.00000", "2018-09-30": "59.00000", "2018-06-30": "44.00000", "2018-03-31": "39.00000", "2017-12-31": "162.00000", "2017-09-30": "92.00000", "2017-06-30": "91.00000", "2017-03-31": "43.00000", "2016-12-31": "101.00000", "2016-09-30": "82.00000", "2016-06-30": "82.00000", "2016-03-31": "44.00000", "2015-12-31": "177.00000", "2015-09-30": "82.00000", "2015-06-30": "86.00000", "2015-03-31": "38.00000", "2014-12-31": "34.00000", "2014-09-30": "95.00000", "2014-06-30": "74.00000", "2014-03-31": "33.00000", "2013-12-31": "-13.00000", "2013-09-30": "40.00000", "2013-06-30": "46.00000", "2013-03-31": "18.00000", "2012-12-31": "19.00000", "2012-09-30": "58.00000", "2012-06-30": "37.00000", "2012-03-31": "8.00000", "2011-12-31": "57.00000", "2011-09-30": "44.00000", "2011-06-30": "39.00000", "2011-03-31": "-134.00000", "2010-12-31": "-60.00000", "2010-09-30": "2.00000", "2010-06-30": "13.00000", "2010-03-31": "-1.00000", "2009-12-31": "", "2008-12-31": ""}, "Income After Taxes": {"2020-09-30": "10.00000", "2020-06-30": "-26.00000", "2020-03-31": "-13.00000", "2019-12-31": "-108.00000", "2019-09-30": "-468.00000", "2019-06-30": "126.00000", "2019-03-31": "47.00000", "2018-12-31": "-950.00000", "2018-09-30": "98.00000", "2018-06-30": "77.00000", "2018-03-31": "75.00000", "2017-12-31": "84.00000", "2017-09-30": "150.00000", "2017-06-30": "133.00000", "2017-03-31": "73.00000", "2016-12-31": "160.00000", "2016-09-30": "132.00000", "2016-06-30": "114.00000", "2016-03-31": "101.00000", "2015-12-31": "256.00000", "2015-09-30": "143.00000", "2015-06-30": "116.00000", "2015-03-31": "63.00000", "2014-12-31": "164.00000", "2014-09-30": "92.00000", "2014-06-30": "75.00000", "2014-03-31": "54.00000", "2013-12-31": "160.00000", "2013-09-30": "131.00000", "2013-06-30": "115.00000", "2013-03-31": "23.00000", "2012-12-31": "23.00000", "2012-09-30": "87.00000", "2012-06-30": "98.00000", "2012-03-31": "29.00000", "2011-12-31": "65.00000", "2011-09-30": "105.00000", "2011-06-30": "66.00000", "2011-03-31": "-178.00000", "2010-12-31": "3.00000", "2010-09-30": "21.00000", "2010-06-30": "75.00000", "2010-03-31": "50.00000", "2009-12-31": "", "2008-12-31": ""}, "Other Income": {"2020-09-30": "", "2020-06-30": "", "2020-03-31": "", "2019-12-31": "", "2019-09-30": "", "2019-06-30": "", "2019-03-31": "", "2018-12-31": "", "2018-09-30": "", "2018-06-30": "", "2018-03-31": "", "2017-12-31": "", "2017-09-30": "", "2017-06-30": "", "2017-03-31": "", "2016-12-31": "", "2016-09-30": "", "2016-06-30": "", "2016-03-31": "", "2015-12-31": "", "2015-09-30": "", "2015-06-30": "", "2015-03-31": "", "2014-12-31": "", "2014-09-30": "", "2014-06-30": "", "2014-03-31": "", "2013-12-31": "", "2013-09-30": "", "2013-06-30": "", "2013-03-31": "", "2012-12-31": "", "2012-09-30": "", "2012-06-30": "", "2012-03-31": "", "2011-12-31": "", "2011-09-30": "", "2011-06-30": "", "2011-03-31": "", "2010-12-31": "-1.00000", "2010-09-30": "", "2010-06-30": "", "2010-03-31": "", "2009-12-31": "", "2008-12-31": ""}, "Income From Continuous Operations": {"2020-09-30": "10.00000", "2020-06-30": "-26.00000", "2020-03-31": "-13.00000", "2019-12-31": "-108.00000", "2019-09-30": "-468.00000", "2019-06-30": "126.00000", "2019-03-31": "47.00000", "2018-12-31": "-949.00000", "2018-09-30": "98.00000", "2018-06-30": "76.00000", "2018-03-31": "75.00000", "2017-12-31": "84.00000", "2017-09-30": "150.00000", "2017-06-30": "133.00000", "2017-03-31": "73.00000", "2016-12-31": "160.00000", "2016-09-30": "132.00000", "2016-06-30": "114.00000", "2016-03-31": "101.00000", "2015-12-31": "254.00000", "2015-09-30": "142.00000", "2015-06-30": "116.00000", "2015-03-31": "63.00000", "2014-12-31": "158.00000", "2014-09-30": "92.00000", "2014-06-30": "76.00000", "2014-03-31": "55.00000", "2013-12-31": "159.00000", "2013-09-30": "131.00000", "2013-06-30": "119.00000", "2013-03-31": "22.00000", "2012-12-31": "27.00000", "2012-09-30": "86.00000", "2012-06-30": "102.00000", "2012-03-31": "27.00000", "2011-12-31": "69.00000", "2011-09-30": "103.00000", "2011-06-30": "69.00000", "2011-03-31": "-180.00000", "2010-12-31": "6.00000", "2010-09-30": "22.00000", "2010-06-30": "77.00000", "2010-03-31": "48.00000", "2009-12-31": "", "2008-12-31": ""}, "Income From Discontinued Operations": {"2020-09-30": "", "2020-06-30": "", "2020-03-31": "", "2019-12-31": "", "2019-09-30": "", "2019-06-30": "", "2019-03-31": "", "2018-12-31": "", "2018-09-30": "", "2018-06-30": "", "2018-03-31": "", "2017-12-31": "", "2017-09-30": "", "2017-06-30": "", "2017-03-31": "", "2016-12-31": "", "2016-09-30": "", "2016-06-30": "", "2016-03-31": "", "2015-12-31": "", "2015-09-30": "", "2015-06-30": "", "2015-03-31": "", "2014-12-31": "", "2014-09-30": "", "2014-06-30": "", "2014-03-31": "", "2013-12-31": "-14.00000", "2013-09-30": "", "2013-06-30": "307.00000", "2013-03-31": "12.00000", "2012-12-31": "9.00000", "2012-09-30": "20.00000", "2012-06-30": "3.00000", "2012-03-31": "-2.00000", "2011-12-31": "27.00000", "2011-09-30": "", "2011-06-30": "", "2011-03-31": "-1.00000", "2010-12-31": "-3.00000", "2010-09-30": "-11.00000", "2010-06-30": "-3.00000", "2010-03-31": "-5.00000", "2009-12-31": "", "2008-12-31": ""}, "Net Income": {"2020-09-30": "7.00000", "2020-06-30": "-30.00000", "2020-03-31": "-18.00000", "2019-12-31": "-109.00000", "2019-09-30": "-472.00000", "2019-06-30": "123.00000", "2019-03-31": "43.00000", "2018-12-31": "-952.00000", "2018-09-30": "96.00000", "2018-06-30": "72.00000", "2018-03-31": "72.00000", "2017-12-31": "81.00000", "2017-09-30": "146.00000", "2017-06-30": "131.00000", "2017-03-31": "71.00000", "2016-12-31": "159.00000", "2016-09-30": "130.00000", "2016-06-30": "113.00000", "2016-03-31": "100.00000", "2015-12-31": "251.00000", "2015-09-30": "142.00000", "2015-06-30": "114.00000", "2015-03-31": "63.00000", "2014-12-31": "161.00000", "2014-09-30": "91.00000", "2014-06-30": "74.00000", "2014-03-31": "58.00000", "2013-12-31": "145.00000", "2013-09-30": "134.00000", "2013-06-30": "426.00000", "2013-03-31": "35.00000", "2012-12-31": "39.00000", "2012-09-30": "105.00000", "2012-06-30": "104.00000", "2012-03-31": "25.00000", "2011-12-31": "95.00000", "2011-09-30": "102.00000", "2011-06-30": "69.00000", "2011-03-31": "-182.00000", "2010-12-31": "3.00000", "2010-09-30": "11.00000", "2010-06-30": "74.00000", "2010-03-31": "42.00000", "2009-12-31": "", "2008-12-31": ""}, "EBITDA": {"2020-09-30": "399.00000", "2020-06-30": "297.00000", "2020-03-31": "312.00000", "2019-12-31": "430.00000", "2019-09-30": "450.00000", "2019-06-30": "434.00000", "2019-03-31": "353.00000", "2018-12-31": "413.00000", "2018-09-30": "436.00000", "2018-06-30": "390.00000", "2018-03-31": "374.00000", "2017-12-31": "517.00000", "2017-09-30": "494.00000", "2017-06-30": "483.00000", "2017-03-31": "360.00000", "2016-12-31": "481.00000", "2016-09-30": "447.00000", "2016-06-30": "434.00000", "2016-03-31": "371.00000", "2015-12-31": "452.00000", "2015-09-30": "442.00000", "2015-06-30": "432.00000", "2015-03-31": "341.00000", "2014-12-31": "456.00000", "2014-09-30": "450.00000", "2014-06-30": "422.00000", "2014-03-31": "334.00000", "2013-12-31": "384.00000", "2013-09-30": "360.00000", "2013-06-30": "368.00000", "2013-03-31": "270.00000", "2012-12-31": "382.00000", "2012-09-30": "374.00000", "2012-06-30": "356.00000", "2012-03-31": "288.00000", "2011-12-31": "325.00000", "2011-09-30": "390.00000", "2011-06-30": "353.00000", "2011-03-31": "187.00000", "2010-12-31": "354.00000", "2010-09-30": "343.00000", "2010-06-30": "318.00000", "2010-03-31": "273.00000", "2009-12-31": "", "2008-12-31": ""}, "EBIT": {"2020-09-30": "174.00000", "2020-06-30": "28.00000", "2020-03-31": "98.00000", "2019-12-31": "224.00000", "2019-09-30": "-740.00000", "2019-06-30": "249.00000", "2019-03-31": "174.00000", "2018-12-31": "-1171.00000", "2018-09-30": "261.00000", "2018-06-30": "228.00000", "2018-03-31": "207.00000", "2017-12-31": "354.00000", "2017-09-30": "334.00000", "2017-06-30": "321.00000", "2017-03-31": "205.00000", "2016-12-31": "328.00000", "2016-09-30": "296.00000", "2016-06-30": "282.00000", "2016-03-31": "224.00000", "2015-12-31": "310.00000", "2015-09-30": "298.00000", "2015-06-30": "286.00000", "2015-03-31": "199.00000", "2014-12-31": "308.00000", "2014-09-30": "311.00000", "2014-06-30": "277.00000", "2014-03-31": "193.00000", "2013-12-31": "238.00000", "2013-09-30": "243.00000", "2013-06-30": "238.00000", "2013-03-31": "142.00000", "2012-12-31": "250.00000", "2012-09-30": "244.00000", "2012-06-30": "229.00000", "2012-03-31": "157.00000", "2011-12-31": "192.00000", "2011-09-30": "265.00000", "2011-06-30": "218.00000", "2011-03-31": "51.00000", "2010-12-31": "215.00000", "2010-09-30": "201.00000", "2010-06-30": "182.00000", "2010-03-31": "132.00000", "2009-12-31": "", "2008-12-31": ""}, "Basic Shares Outstanding": {"2020-09-30": "356.91300", "2020-06-30": "356.67300", "2020-03-31": "356.38900", "2019-12-31": "355.73200", "2019-09-30": "355.77900", "2019-06-30": "355.63000", "2019-03-31": "355.44500", "2018-12-31": "355.60200", "2018-09-30": "354.99300", "2018-06-30": "355.77300", "2018-03-31": "356.46060", "2017-12-31": "356.71500", "2017-09-30": "356.42700", "2017-06-30": "356.83000", "2017-03-31": "357.40000", "2016-12-31": "358.83000", "2016-09-30": "357.08800", "2016-06-30": "359.26400", "2016-03-31": "361.58100", "2015-12-31": "366.99700", "2015-09-30": "365.49900", "2015-06-30": "368.36500", "2015-03-31": "371.17000", "2014-12-31": "379.33300", "2014-09-30": "380.88500", "2014-06-30": "379.75600", "2014-03-31": "379.01300", "2013-12-31": "375.79800", "2013-09-30": "377.59100", "2013-06-30": "376.58000", "2013-03-31": "370.58300", "2012-12-31": "361.78800", "2012-09-30": "362.01600", "2012-06-30": "361.52900", "2012-03-31": "360.88200", "2011-12-31": "352.46900", "2011-09-30": "359.38100", "2011-06-30": "358.79200", "2011-03-31": "331.24900", "2010-12-31": "276.54500", "2010-09-30": "276.65100", "2010-06-30": "276.74800", "2010-03-31": "276.15400", "2009-12-31": "", "2008-12-31": ""}, "Shares Outstanding": {"2020-09-30": "358.44300", "2020-06-30": "356.67300", "2020-03-31": "356.38900", "2019-12-31": "355.73200", "2019-09-30": "355.77900", "2019-06-30": "356.62800", "2019-03-31": "356.35700", "2018-12-31": "355.60200", "2018-09-30": "355.56200", "2018-06-30": "356.37600", "2018-03-31": "357.27380", "2017-12-31": "358.05200", "2017-09-30": "357.69200", "2017-06-30": "358.08500", "2017-03-31": "359.05500", "2016-12-31": "362.16700", "2016-09-30": "360.57500", "2016-06-30": "363.21700", "2016-03-31": "365.20100", "2015-12-31": "370.95800", "2015-09-30": "369.49800", "2015-06-30": "372.58100", "2015-03-31": "375.36200", "2014-12-31": "384.37100", "2014-09-30": "385.89100", "2014-06-30": "385.35700", "2014-03-31": "384.74000", "2013-12-31": "380.92800", "2013-09-30": "382.30200", "2013-06-30": "381.55900", "2013-03-31": "375.55700", "2012-12-31": "366.31100", "2012-09-30": "366.22200", "2012-06-30": "365.87600", "2012-03-31": "365.72100", "2011-12-31": "357.50200", "2011-09-30": "364.47200", "2011-06-30": "364.20300", "2011-03-31": "331.24900", "2010-12-31": "280.24100", "2010-09-30": "280.17700", "2010-06-30": "279.58500", "2010-03-31": "278.72700", "2009-12-31": "", "2008-12-31": ""}, "Basic EPS": {"2020-09-30": "0.02000", "2020-06-30": "-0.08000", "2020-03-31": "-0.05000", "2019-12-31": "-0.31000", "2019-09-30": "-1.33000", "2019-06-30": "0.35000", "2019-03-31": "0.12000", "2018-12-31": "-2.67000", "2018-09-30": "0.27000", "2018-06-30": "0.20000", "2018-03-31": "0.20000", "2017-12-31": "0.22000", "2017-09-30": "0.41000", "2017-06-30": "0.37000", "2017-03-31": "0.20000", "2016-12-31": "0.45000", "2016-09-30": "0.36000", "2016-06-30": "0.31000", "2016-03-31": "0.28000", "2015-12-31": "0.68000", "2015-09-30": "0.39000", "2015-06-30": "0.31000", "2015-03-31": "0.17000", "2014-12-31": "0.43000", "2014-09-30": "0.24000", "2014-06-30": "0.19000", "2014-03-31": "0.15000", "2013-12-31": "0.39000", "2013-09-30": "0.35000", "2013-06-30": "1.14000", "2013-03-31": "0.09000", "2012-12-31": "0.10000", "2012-09-30": "0.29000", "2012-06-30": "0.29000", "2012-03-31": "0.07000", "2011-12-31": "0.32000", "2011-09-30": "0.28000", "2011-06-30": "0.19000", "2011-03-31": "-0.55000", "2010-12-31": "0.01000", "2010-09-30": "0.04000", "2010-06-30": "0.27000", "2010-03-31": "0.15000", "2009-12-31": "", "2008-12-31": ""}, "EPS - Earnings Per Share": {"2020-09-30": "0.02000", "2020-06-30": "-0.08000", "2020-03-31": "-0.05000", "2019-12-31": "-0.30000", "2019-09-30": "-1.33000", "2019-06-30": "0.34000", "2019-03-31": "0.12000", "2018-12-31": "-2.67000", "2018-09-30": "0.27000", "2018-06-30": "0.20000", "2018-03-31": "0.20000", "2017-12-31": "0.22000", "2017-09-30": "0.41000", "2017-06-30": "0.37000", "2017-03-31": "0.20000", "2016-12-31": "0.45000", "2016-09-30": "0.36000", "2016-06-30": "0.31000", "2016-03-31": "0.27000", "2015-12-31": "0.68000", "2015-09-30": "0.38000", "2015-06-30": "0.31000", "2015-03-31": "0.17000", "2014-12-31": "0.42000", "2014-09-30": "0.24000", "2014-06-30": "0.19000", "2014-03-31": "0.15000", "2013-12-31": "0.38000", "2013-09-30": "0.35000", "2013-06-30": "1.12000", "2013-03-31": "0.09000", "2012-12-31": "0.11000", "2012-09-30": "0.29000", "2012-06-30": "0.28000", "2012-03-31": "0.07000", "2011-12-31": "0.31000", "2011-09-30": "0.28000", "2011-06-30": "0.19000", "2011-03-31": "-0.55000", "2010-12-31": "0.01000", "2010-09-30": "0.04000", "2010-06-30": "0.27000", "2010-03-31": "0.15000", "2009-12-31": "0.00000", "2008-12-31": "0.00000"}}, "balance sheet": {"Cash On Hand": {"2019-12-31": "454.00000", "2018-12-31": "524.00000", "2017-12-31": "656.00000", "2016-12-31": "754.00000", "2015-12-31": "357.00000", "2014-12-31": "273.00000", "2013-12-31": "564.00000", "2012-12-31": "288.00000", "2011-12-31": "319.00000", "2010-12-31": "421.00000", "2009-12-31": "514.00000", "2008-12-31": ""}, "Receivables": {"2019-12-31": "1103.00000", "2018-12-31": "1118.00000", "2017-12-31": "1280.00000", "2016-12-31": "1171.00000", "2015-12-31": "1235.00000", "2014-12-31": "1241.00000", "2013-12-31": "1196.00000", "2012-12-31": "1110.00000", "2011-12-31": "1080.00000", "2010-12-31": "1014.00000", "2009-12-31": "937.00000", "2008-12-31": ""}, "Inventory": {"2019-12-31": "", "2018-12-31": "", "2017-12-31": "", "2016-12-31": "", "2015-12-31": "", "2014-12-31": "", "2013-12-31": "", "2012-12-31": "", "2011-12-31": "", "2010-12-31": "", "2009-12-31": "", "2008-12-31": ""}, "Pre-Paid Expenses": {"2019-12-31": "420.00000", "2018-12-31": "361.00000", "2017-12-31": "346.00000", "2016-12-31": "297.00000", "2015-12-31": "316.00000", "2014-12-31": "497.00000", "2013-12-31": "374.00000", "2012-12-31": "278.00000", "2011-12-31": "266.00000", "2010-12-31": "219.00000", "2009-12-31": "195.00000", "2008-12-31": ""}, "Other Current Assets": {"2019-12-31": "", "2018-12-31": "", "2017-12-31": "", "2016-12-31": "", "2015-12-31": "", "2014-12-31": "", "2013-12-31": "", "2012-12-31": "", "2011-12-31": "", "2010-12-31": "", "2009-12-31": "", "2008-12-31": ""}, "Total Current Assets": {"2019-12-31": "1977.00000", "2018-12-31": "2003.00000", "2017-12-31": "2282.00000", "2016-12-31": "2222.00000", "2015-12-31": "1908.00000", "2014-12-31": "2011.00000", "2013-12-31": "2134.00000", "2012-12-31": "1676.00000", "2011-12-31": "1665.00000", "2010-12-31": "1654.00000", "2009-12-31": "1646.00000", "2008-12-31": ""}, "Property, Plant, And Equipment": {"2019-12-31": "466.00000", "2018-12-31": "468.00000", "2017-12-31": "482.00000", "2016-12-31": "471.00000", "2015-12-31": "490.00000", "2014-12-31": "533.00000", "2013-12-31": "560.00000", "2012-12-31": "560.00000", "2011-12-31": "609.00000", "2010-12-31": "599.00000", "2009-12-31": "593.00000", "2008-12-31": ""}, "Long-Term Investments": {"2019-12-31": "", "2018-12-31": "", "2017-12-31": "", "2016-12-31": "", "2015-12-31": "", "2014-12-31": "", "2013-12-31": "", "2012-12-31": "", "2011-12-31": "", "2010-12-31": "", "2009-12-31": "", "2008-12-31": ""}, "Goodwill And Intangible Assets": {"2019-12-31": "10874.00000", "2018-12-31": "12011.00000", "2017-12-31": "13572.00000", "2016-12-31": "12581.00000", "2015-12-31": "12555.00000", "2014-12-31": "12386.00000", "2013-12-31": "12465.00000", "2012-12-31": "11907.00000", "2011-12-31": "11716.00000", "2010-12-31": "11703.00000", "2009-12-31": "11813.00000", "2008-12-31": "0.00000"}, "Other Long-Term Assets": {"2019-12-31": "333.00000", "2018-12-31": "364.00000", "2017-12-31": "360.00000", "2016-12-31": "329.00000", "2015-12-31": "272.00000", "2014-12-31": "313.00000", "2013-12-31": "256.00000", "2012-12-31": "272.00000", "2011-12-31": "316.00000", "2010-12-31": "412.00000", "2009-12-31": "498.00000", "2008-12-31": ""}, "Total Long-Term Assets": {"2019-12-31": "12342.00000", "2018-12-31": "13176.00000", "2017-12-31": "14584.00000", "2016-12-31": "13508.00000", "2015-12-31": "13395.00000", "2014-12-31": "13315.00000", "2013-12-31": "13396.00000", "2012-12-31": "12909.00000", "2011-12-31": "12839.00000", "2010-12-31": "12775.00000", "2009-12-31": "12954.00000", "2008-12-31": ""}, "Total Assets": {"2019-12-31": "14319.00000", "2018-12-31": "15179.00000", "2017-12-31": "16866.00000", "2016-12-31": "15730.00000", "2015-12-31": "15303.00000", "2014-12-31": "15326.00000", "2013-12-31": "15530.00000", "2012-12-31": "14585.00000", "2011-12-31": "14504.00000", "2010-12-31": "14429.00000", "2009-12-31": "14600.00000", "2008-12-31": "0.00000"}, "Total Current Liabilities": {"2019-12-31": "2501.00000", "2018-12-31": "1657.00000", "2017-12-31": "1697.00000", "2016-12-31": "1594.00000", "2015-12-31": "1687.00000", "2014-12-31": "1794.00000", "2013-12-31": "1535.00000", "2012-12-31": "1751.00000", "2011-12-31": "1692.00000", "2010-12-31": "1607.00000", "2009-12-31": "1624.00000", "2008-12-31": ""}, "Long Term Debt": {"2019-12-31": "7395.00000", "2018-12-31": "8280.00000", "2017-12-31": "8357.00000", "2016-12-31": "7738.00000", "2015-12-31": "7028.00000", "2014-12-31": "6419.00000", "2013-12-31": "6492.00000", "2012-12-31": "6229.00000", "2011-12-31": "6619.00000", "2010-12-31": "8464.00000", "2009-12-31": "8548.00000", "2008-12-31": ""}, "Other Non-Current Liabilities": {"2019-12-31": "613.00000", "2018-12-31": "1091.00000", "2017-12-31": "934.00000", "2016-12-31": "930.00000", "2015-12-31": "887.00000", "2014-12-31": "955.00000", "2013-12-31": "832.00000", "2012-12-31": "621.00000", "2011-12-31": "556.00000", "2010-12-31": "520.00000", "2009-12-31": "551.00000", "2008-12-31": ""}, "Total Long Term Liabilities": {"2019-12-31": "9430.00000", "2018-12-31": "10479.00000", "2017-12-31": "10726.00000", "2016-12-31": "9843.00000", "2015-12-31": "8989.00000", "2014-12-31": "8399.00000", "2013-12-31": "8188.00000", "2012-12-31": "7856.00000", "2011-12-31": "8171.00000", "2010-12-31": "9926.00000", "2009-12-31": "10164.00000", "2008-12-31": ""}, "Total Liabilities": {"2019-12-31": "11931.00000", "2018-12-31": "12136.00000", "2017-12-31": "12423.00000", "2016-12-31": "11437.00000", "2015-12-31": "10676.00000", "2014-12-31": "10193.00000", "2013-12-31": "9723.00000", "2012-12-31": "9607.00000", "2011-12-31": "9863.00000", "2010-12-31": "11533.00000", "2009-12-31": "11788.00000", "2008-12-31": "0.00000"}, "Common Stock Net": {"2019-12-31": "32.00000", "2018-12-31": "32.00000", "2017-12-31": "32.00000", "2016-12-31": "32.00000", "2015-12-31": "32.00000", "2014-12-31": "32.00000", "2013-12-31": "32.00000", "2012-12-31": "30.00000", "2011-12-31": "30.00000", "2010-12-31": "22.00000", "2009-12-31": "22.00000", "2008-12-31": "0.00000"}, "Retained Earnings (Accumulated Deficit)": {"2019-12-31": "-1210.00000", "2018-12-31": "-795.00000", "2017-12-31": "411.00000", "2016-12-31": "456.00000", "2015-12-31": "341.00000", "2014-12-31": "-128.00000", "2013-12-31": "-512.00000", "2012-12-31": "-1252.00000", "2011-12-31": "-1525.00000", "2010-12-31": "-1609.00000", "2009-12-31": "-1739.00000", "2008-12-31": ""}, "Comprehensive Income": {"2019-12-31": "-1005.00000", "2018-12-31": "-1110.00000", "2017-12-31": "-940.00000", "2016-12-31": "-1211.00000", "2015-12-31": "-1059.00000", "2014-12-31": "-777.00000", "2013-12-31": "-387.00000", "2012-12-31": "-333.00000", "2011-12-31": "-299.00000", "2010-12-31": "-96.00000", "2009-12-31": "-48.00000", "2008-12-31": ""}, "Other Share Holders Equity": {"2019-12-31": "", "2018-12-31": "", "2017-12-31": "", "2016-12-31": "", "2015-12-31": "", "2014-12-31": "", "2013-12-31": "", "2012-12-31": "", "2011-12-31": "", "2010-12-31": "", "2009-12-31": "", "2008-12-31": "0.00000"}, "Share Holder Equity": {"2019-12-31": "2388.00000", "2018-12-31": "3043.00000", "2017-12-31": "4443.00000", "2016-12-31": "4293.00000", "2015-12-31": "4627.00000", "2014-12-31": "5133.00000", "2013-12-31": "5807.00000", "2012-12-31": "4978.00000", "2011-12-31": "4641.00000", "2010-12-31": "2896.00000", "2009-12-31": "2812.00000", "2008-12-31": "0.00000"}, "Total Liabilities And Share Holders Equity": {"2019-12-31": "14319.00000", "2018-12-31": "15179.00000", "2017-12-31": "16866.00000", "2016-12-31": "15730.00000", "2015-12-31": "15303.00000", "2014-12-31": "15326.00000", "2013-12-31": "15530.00000", "2012-12-31": "14585.00000", "2011-12-31": "14504.00000", "2010-12-31": "14429.00000", "2009-12-31": "14600.00000", "2008-12-31": "0.00000"}}, "balance sheet, quarterly": {"Cash On Hand": {"2020-09-30": "2250.00000", "2020-06-30": "438.00000", "2020-03-31": "359.00000", "2019-12-31": "454.00000", "2019-09-30": "389.00000", "2019-06-30": "393.00000", "2019-03-31": "402.00000", "2018-12-31": "524.00000", "2018-09-30": "446.00000", "2018-06-30": "394.00000", "2018-03-31": "462.00000", "2017-12-31": "656.00000", "2017-09-30": "662.00000", "2017-06-30": "510.00000", "2017-03-31": "451.00000", "2016-12-31": "754.00000", "2016-09-30": "446.00000", "2016-06-30": "346.00000", "2016-03-31": "432.00000", "2015-12-31": "357.00000", "2015-09-30": "358.00000", "2015-06-30": "331.00000", "2015-03-31": "343.00000", "2014-12-31": "273.00000", "2014-09-30": "369.00000", "2014-06-30": "310.00000", "2014-03-31": "301.00000", "2013-12-31": "564.00000", "2013-09-30": "737.00000", "2013-06-30": "1157.00000", "2013-03-31": "233.00000", "2012-12-31": "288.00000", "2012-09-30": "325.00000", "2012-06-30": "283.00000", "2012-03-31": "295.00000", "2011-12-31": "319.00000", "2011-09-30": "404.00000", "2011-06-30": "374.00000", "2011-03-31": "396.00000", "2010-12-31": "421.00000", "2010-09-30": "420.00000", "2010-06-30": "369.00000", "2010-03-31": "408.00000", "2009-12-31": "514.00000", "2008-12-31": ""}, "Receivables": {"2020-09-30": "1094.00000", "2020-06-30": "1131.00000", "2020-03-31": "1182.00000", "2019-12-31": "1103.00000", "2019-09-30": "1146.00000", "2019-06-30": "1227.00000", "2019-03-31": "1221.00000", "2018-12-31": "1118.00000", "2018-09-30": "1249.00000", "2018-06-30": "1320.00000", "2018-03-31": "1374.00000", "2017-12-31": "1280.00000", "2017-09-30": "1282.00000", "2017-06-30": "1367.00000", "2017-03-31": "1287.00000", "2016-12-31": "1171.00000", "2016-09-30": "1240.00000", "2016-06-30": "1313.00000", "2016-03-31": "1239.00000", "2015-12-31": "1235.00000", "2015-09-30": "1163.00000", "2015-06-30": "1227.00000", "2015-03-31": "1168.00000", "2014-12-31": "1241.00000", "2014-09-30": "1189.00000", "2014-06-30": "1266.00000", "2014-03-31": "1186.00000", "2013-12-31": "1196.00000", "2013-09-30": "1138.00000", "2013-06-30": "1104.00000", "2013-03-31": "1076.00000", "2012-12-31": "1110.00000", "2012-09-30": "1079.00000", "2012-06-30": "1089.00000", "2012-03-31": "1057.00000", "2011-12-31": "1080.00000", "2011-09-30": "1052.00000", "2011-06-30": "1136.00000", "2011-03-31": "997.00000", "2010-12-31": "1014.00000", "2010-09-30": "978.00000", "2010-06-30": "941.00000", "2010-03-31": "893.00000", "2009-12-31": "937.00000", "2008-12-31": ""}, "Inventory": {"2020-09-30": "", "2020-06-30": "", "2020-03-31": "", "2019-12-31": "", "2019-09-30": "", "2019-06-30": "", "2019-03-31": "", "2018-12-31": "", "2018-09-30": "", "2018-06-30": "", "2018-03-31": "", "2017-12-31": "", "2017-09-30": "", "2017-06-30": "", "2017-03-31": "", "2016-12-31": "", "2016-09-30": "", "2016-06-30": "", "2016-03-31": "", "2015-12-31": "", "2015-09-30": "", "2015-06-30": "", "2015-03-31": "", "2014-12-31": "", "2014-09-30": "", "2014-06-30": "", "2014-03-31": "", "2013-12-31": "", "2013-09-30": "", "2013-06-30": "", "2013-03-31": "", "2012-12-31": "", "2012-09-30": "", "2012-06-30": "", "2012-03-31": "", "2011-12-31": "", "2011-09-30": "", "2011-06-30": "", "2011-03-31": "", "2010-12-31": "", "2010-09-30": "", "2010-06-30": "", "2010-03-31": "", "2009-12-31": "", "2008-12-31": ""}, "Pre-Paid Expenses": {"2020-09-30": "434.00000", "2020-06-30": "504.00000", "2020-03-31": "473.00000", "2019-12-31": "420.00000", "2019-09-30": "412.00000", "2019-06-30": "406.00000", "2019-03-31": "424.00000", "2018-12-31": "361.00000", "2018-09-30": "352.00000", "2018-06-30": "406.00000", "2018-03-31": "428.00000", "2017-12-31": "346.00000", "2017-09-30": "328.00000", "2017-06-30": "340.00000", "2017-03-31": "363.00000", "2016-12-31": "297.00000", "2016-09-30": "365.00000", "2016-06-30": "376.00000", "2016-03-31": "383.00000", "2015-12-31": "316.00000", "2015-09-30": "585.00000", "2015-06-30": "556.00000", "2015-03-31": "554.00000", "2014-12-31": "497.00000", "2014-09-30": "424.00000", "2014-06-30": "411.00000", "2014-03-31": "446.00000", "2013-12-31": "374.00000", "2013-09-30": "336.00000", "2013-06-30": "280.00000", "2013-03-31": "300.00000", "2012-12-31": "278.00000", "2012-09-30": "279.00000", "2012-06-30": "272.00000", "2012-03-31": "297.00000", "2011-12-31": "266.00000", "2011-09-30": "244.00000", "2011-06-30": "254.00000", "2011-03-31": "254.00000", "2010-12-31": "219.00000", "2010-09-30": "", "2010-06-30": "", "2010-03-31": "", "2009-12-31": "", "2008-12-31": ""}, "Other Current Assets": {"2020-09-30": "", "2020-06-30": "", "2020-03-31": "", "2019-12-31": "", "2019-09-30": "", "2019-06-30": "", "2019-03-31": "", "2018-12-31": "", "2018-09-30": "", "2018-06-30": "", "2018-03-31": "", "2017-12-31": "", "2017-09-30": "", "2017-06-30": "", "2017-03-31": "", "2016-12-31": "", "2016-09-30": "", "2016-06-30": "", "2016-03-31": "", "2015-12-31": "", "2015-09-30": "", "2015-06-30": "", "2015-03-31": "", "2014-12-31": "", "2014-09-30": "", "2014-06-30": "", "2014-03-31": "", "2013-12-31": "", "2013-09-30": "", "2013-06-30": "", "2013-03-31": "", "2012-12-31": "", "2012-09-30": "", "2012-06-30": "", "2012-03-31": "", "2011-12-31": "", "2011-09-30": "", "2011-06-30": "", "2011-03-31": "", "2010-12-31": "", "2010-09-30": "225.00000", "2010-06-30": "228.00000", "2010-03-31": "213.00000", "2009-12-31": "195.00000", "2008-12-31": ""}, "Total Current Assets": {"2020-09-30": "3778.00000", "2020-06-30": "2073.00000", "2020-03-31": "2014.00000", "2019-12-31": "1977.00000", "2019-09-30": "1947.00000", "2019-06-30": "2026.00000", "2019-03-31": "2047.00000", "2018-12-31": "2003.00000", "2018-09-30": "2047.00000", "2018-06-30": "2120.00000", "2018-03-31": "2264.00000", "2017-12-31": "2282.00000", "2017-09-30": "2272.00000", "2017-06-30": "2217.00000", "2017-03-31": "2101.00000", "2016-12-31": "2222.00000", "2016-09-30": "2051.00000", "2016-06-30": "2035.00000", "2016-03-31": "2054.00000", "2015-12-31": "1908.00000", "2015-09-30": "2106.00000", "2015-06-30": "2114.00000", "2015-03-31": "2065.00000", "2014-12-31": "2011.00000", "2014-09-30": "1982.00000", "2014-06-30": "1987.00000", "2014-03-31": "1933.00000", "2013-12-31": "2134.00000", "2013-09-30": "2211.00000", "2013-06-30": "2541.00000", "2013-03-31": "1609.00000", "2012-12-31": "1676.00000", "2012-09-30": "1683.00000", "2012-06-30": "1644.00000", "2012-03-31": "1649.00000", "2011-12-31": "1665.00000", "2011-09-30": "1700.00000", "2011-06-30": "1764.00000", "2011-03-31": "1647.00000", "2010-12-31": "1654.00000", "2010-09-30": "1623.00000", "2010-06-30": "1538.00000", "2010-03-31": "1514.00000", "2009-12-31": "1646.00000", "2008-12-31": ""}, "Property, Plant, And Equipment": {"2020-09-30": "390.00000", "2020-06-30": "402.00000", "2020-03-31": "426.00000", "2019-12-31": "466.00000", "2019-09-30": "423.00000", "2019-06-30": "450.00000", "2019-03-31": "473.00000", "2018-12-31": "468.00000", "2018-09-30": "461.00000", "2018-06-30": "471.00000", "2018-03-31": "468.00000", "2017-12-31": "482.00000", "2017-09-30": "458.00000", "2017-06-30": "454.00000", "2017-03-31": "464.00000", "2016-12-31": "471.00000", "2016-09-30": "485.00000", "2016-06-30": "478.00000", "2016-03-31": "482.00000", "2015-12-31": "490.00000", "2015-09-30": "486.00000", "2015-06-30": "508.00000", "2015-03-31": "512.00000", "2014-12-31": "533.00000", "2014-09-30": "525.00000", "2014-06-30": "530.00000", "2014-03-31": "530.00000", "2013-12-31": "560.00000", "2013-09-30": "555.00000", "2013-06-30": "535.00000", "2013-03-31": "537.00000", "2012-12-31": "560.00000", "2012-09-30": "555.00000", "2012-06-30": "572.00000", "2012-03-31": "611.00000", "2011-12-31": "609.00000", "2011-09-30": "557.00000", "2011-06-30": "595.00000", "2011-03-31": "586.00000", "2010-12-31": "599.00000", "2010-09-30": "", "2010-06-30": "", "2010-03-31": "", "2009-12-31": "1040.00000", "2008-12-31": ""}, "Long-Term Investments": {"2020-09-30": "", "2020-06-30": "", "2020-03-31": "", "2019-12-31": "", "2019-09-30": "", "2019-06-30": "", "2019-03-31": "", "2018-12-31": "", "2018-09-30": "", "2018-06-30": "", "2018-03-31": "", "2017-12-31": "", "2017-09-30": "", "2017-06-30": "", "2017-03-31": "", "2016-12-31": "", "2016-09-30": "", "2016-06-30": "", "2016-03-31": "", "2015-12-31": "", "2015-09-30": "", "2015-06-30": "", "2015-03-31": "", "2014-12-31": "", "2014-09-30": "", "2014-06-30": "", "2014-03-31": "", "2013-12-31": "", "2013-09-30": "", "2013-06-30": "", "2013-03-31": "", "2012-12-31": "", "2012-09-30": "", "2012-06-30": "", "2012-03-31": "", "2011-12-31": "", "2011-09-30": "", "2011-06-30": "", "2011-03-31": "", "2010-12-31": "", "2010-09-30": "", "2010-06-30": "", "2010-03-31": "", "2009-12-31": "", "2008-12-31": ""}, "Goodwill And Intangible Assets": {"2020-09-30": "10644.00000", "2020-06-30": "10682.00000", "2020-03-31": "10785.00000", "2019-12-31": "10874.00000", "2019-09-30": "10884.00000", "2019-06-30": "11998.00000", "2019-03-31": "12029.00000", "2018-12-31": "12011.00000", "2018-09-30": "13507.00000", "2018-06-30": "13509.00000", "2018-03-31": "13606.00000", "2017-12-31": "13572.00000", "2017-09-30": "13394.00000", "2017-06-30": "13349.00000", "2017-03-31": "13298.00000", "2016-12-31": "12581.00000", "2016-09-30": "12797.00000", "2016-06-30": "12834.00000", "2016-03-31": "12686.00000", "2015-12-31": "12555.00000", "2015-09-30": "12243.00000", "2015-06-30": "12392.00000", "2015-03-31": "12377.00000", "2014-12-31": "12386.00000", "2014-09-30": "12431.00000", "2014-06-30": "12606.00000", "2014-03-31": "12629.00000", "2013-12-31": "12465.00000", "2013-09-30": "12541.00000", "2013-06-30": "11021.00000", "2013-03-31": "11841.00000", "2012-12-31": "11907.00000", "2012-09-30": "11832.00000", "2012-06-30": "11739.00000", "2012-03-31": "11776.00000", "2011-12-31": "11716.00000", "2011-09-30": "11724.00000", "2011-06-30": "11933.00000", "2011-03-31": "11852.00000", "2010-12-31": "11703.00000", "2010-09-30": "11717.00000", "2010-06-30": "11586.00000", "2010-03-31": "11720.00000", "2009-12-31": "11813.00000", "2008-12-31": "0.00000"}, "Other Long-Term Assets": {"2020-09-30": "306.00000", "2020-06-30": "312.00000", "2020-03-31": "323.00000", "2019-12-31": "333.00000", "2019-09-30": "342.00000", "2019-06-30": "332.00000", "2019-03-31": "353.00000", "2018-12-31": "364.00000", "2018-09-30": "454.00000", "2018-06-30": "429.00000", "2018-03-31": "414.00000", "2017-12-31": "360.00000", "2017-09-30": "330.00000", "2017-06-30": "341.00000", "2017-03-31": "336.00000", "2016-12-31": "329.00000", "2016-09-30": "271.00000", "2016-06-30": "274.00000", "2016-03-31": "273.00000", "2015-12-31": "272.00000", "2015-09-30": "369.00000", "2015-06-30": "381.00000", "2015-03-31": "367.00000", "2014-12-31": "313.00000", "2014-09-30": "327.00000", "2014-06-30": "314.00000", "2014-03-31": "265.00000", "2013-12-31": "256.00000", "2013-09-30": "242.00000", "2013-06-30": "276.00000", "2013-03-31": "259.00000", "2012-12-31": "272.00000", "2012-09-30": "312.00000", "2012-06-30": "322.00000", "2012-03-31": "322.00000", "2011-12-31": "316.00000", "2011-09-30": "326.00000", "2011-06-30": "352.00000", "2011-03-31": "383.00000", "2010-12-31": "412.00000", "2010-09-30": "424.00000", "2010-06-30": "434.00000", "2010-03-31": "451.00000", "2009-12-31": "498.00000", "2008-12-31": ""}, "Total Long-Term Assets": {"2020-09-30": "11997.00000", "2020-06-30": "12049.00000", "2020-03-31": "12179.00000", "2019-12-31": "12342.00000", "2019-09-30": "12396.00000", "2019-06-30": "13562.00000", "2019-03-31": "13695.00000", "2018-12-31": "13176.00000", "2018-09-30": "14588.00000", "2018-06-30": "14578.00000", "2018-03-31": "14659.00000", "2017-12-31": "14584.00000", "2017-09-30": "14313.00000", "2017-06-30": "14277.00000", "2017-03-31": "14231.00000", "2016-12-31": "13508.00000", "2016-09-30": "13649.00000", "2016-06-30": "13683.00000", "2016-03-31": "13534.00000", "2015-12-31": "13395.00000", "2015-09-30": "13171.00000", "2015-06-30": "13351.00000", "2015-03-31": "13323.00000", "2014-12-31": "13315.00000", "2014-09-30": "13379.00000", "2014-06-30": "13569.00000", "2014-03-31": "13540.00000", "2013-12-31": "13396.00000", "2013-09-30": "13504.00000", "2013-06-30": "11999.00000", "2013-03-31": "12807.00000", "2012-12-31": "12909.00000", "2012-09-30": "12813.00000", "2012-06-30": "12761.00000", "2012-03-31": "12888.00000", "2011-12-31": "12839.00000", "2011-09-30": "12798.00000", "2011-06-30": "13106.00000", "2011-03-31": "13043.00000", "2010-12-31": "12775.00000", "2010-09-30": "12215.00000", "2010-06-30": "12067.00000", "2010-03-31": "12249.00000", "2009-12-31": "13401.00000", "2008-12-31": ""}, "Total Assets": {"2020-09-30": "15775.00000", "2020-06-30": "14122.00000", "2020-03-31": "14193.00000", "2019-12-31": "14319.00000", "2019-09-30": "14343.00000", "2019-06-30": "15588.00000", "2019-03-31": "15742.00000", "2018-12-31": "15179.00000", "2018-09-30": "16635.00000", "2018-06-30": "16698.00000", "2018-03-31": "16923.00000", "2017-12-31": "16866.00000", "2017-09-30": "16585.00000", "2017-06-30": "16494.00000", "2017-03-31": "16332.00000", "2016-12-31": "15730.00000", "2016-09-30": "15700.00000", "2016-06-30": "15718.00000", "2016-03-31": "15588.00000", "2015-12-31": "15303.00000", "2015-09-30": "15277.00000", "2015-06-30": "15465.00000", "2015-03-31": "15388.00000", "2014-12-31": "15326.00000", "2014-09-30": "15361.00000", "2014-06-30": "15556.00000", "2014-03-31": "15473.00000", "2013-12-31": "15530.00000", "2013-09-30": "15715.00000", "2013-06-30": "14540.00000", "2013-03-31": "14416.00000", "2012-12-31": "14585.00000", "2012-09-30": "14496.00000", "2012-06-30": "14405.00000", "2012-03-31": "14537.00000", "2011-12-31": "14504.00000", "2011-09-30": "14498.00000", "2011-06-30": "14870.00000", "2011-03-31": "14690.00000", "2010-12-31": "14429.00000", "2010-09-30": "14421.00000", "2010-06-30": "14183.00000", "2010-03-31": "14332.00000", "2009-12-31": "14600.00000", "2008-12-31": "0.00000"}, "Total Current Liabilities": {"2020-09-30": "3421.00000", "2020-06-30": "1752.00000", "2020-03-31": "2568.00000", "2019-12-31": "2501.00000", "2019-09-30": "1775.00000", "2019-06-30": "1889.00000", "2019-03-31": "1917.00000", "2018-12-31": "1657.00000", "2018-09-30": "1794.00000", "2018-06-30": "1789.00000", "2018-03-31": "1839.00000", "2017-12-31": "1697.00000", "2017-09-30": "1608.00000", "2017-06-30": "1575.00000", "2017-03-31": "1635.00000", "2016-12-31": "1594.00000", "2016-09-30": "2011.00000", "2016-06-30": "2415.00000", "2016-03-31": "1504.00000", "2015-12-31": "1687.00000", "2015-09-30": "1755.00000", "2015-06-30": "1633.00000", "2015-03-31": "1438.00000", "2014-12-31": "1794.00000", "2014-09-30": "1542.00000", "2014-06-30": "1503.00000", "2014-03-31": "1531.00000", "2013-12-31": "1535.00000", "2013-09-30": "1774.00000", "2013-06-30": "1534.00000", "2013-03-31": "1639.00000", "2012-12-31": "1751.00000", "2012-09-30": "1806.00000", "2012-06-30": "1631.00000", "2012-03-31": "1682.00000", "2011-12-31": "1692.00000", "2011-09-30": "1688.00000", "2011-06-30": "1772.00000", "2011-03-31": "1590.00000", "2010-12-31": "1607.00000", "2010-09-30": "1448.00000", "2010-06-30": "1449.00000", "2010-03-31": "1465.00000", "2009-12-31": "1624.00000", "2008-12-31": ""}, "Long Term Debt": {"2020-09-30": "8125.00000", "2020-06-30": "8130.00000", "2020-03-31": "7359.00000", "2019-12-31": "7395.00000", "2019-09-30": "8189.00000", "2019-06-30": "8233.00000", "2019-03-31": "8242.00000", "2018-12-31": "8280.00000", "2018-09-30": "8304.00000", "2018-06-30": "8321.00000", "2018-03-31": "8286.00000", "2017-12-31": "8357.00000", "2017-09-30": "8377.00000", "2017-06-30": "8360.00000", "2017-03-31": "8180.00000", "2016-12-31": "7738.00000", "2016-09-30": "7379.00000", "2016-06-30": "6933.00000", "2016-03-31": "7471.00000", "2015-12-31": "7028.00000", "2015-09-30": "7114.00000", "2015-06-30": "7142.00000", "2015-03-31": "7159.00000", "2014-12-31": "6419.00000", "2014-09-30": "6508.00000", "2014-06-30": "6556.00000", "2014-03-31": "6461.00000", "2013-12-31": "6492.00000", "2013-09-30": "6521.00000", "2013-06-30": "5920.00000", "2013-03-31": "5948.00000", "2012-12-31": "6229.00000", "2012-09-30": "6252.00000", "2012-06-30": "6519.00000", "2012-03-31": "6563.00000", "2011-12-31": "6619.00000", "2011-09-30": "6807.00000", "2011-06-30": "6963.00000", "2011-03-31": "7050.00000", "2010-12-31": "8464.00000", "2010-09-30": "8533.00000", "2010-06-30": "8399.00000", "2010-03-31": "8470.00000", "2009-12-31": "8548.00000", "2008-12-31": ""}, "Other Non-Current Liabilities": {"2020-09-30": "642.00000", "2020-06-30": "645.00000", "2020-03-31": "641.00000", "2019-12-31": "613.00000", "2019-09-30": "565.00000", "2019-06-30": "982.00000", "2019-03-31": "1026.00000", "2018-12-31": "1091.00000", "2018-09-30": "916.00000", "2018-06-30": "927.00000", "2018-03-31": "917.00000", "2017-12-31": "934.00000", "2017-09-30": "921.00000", "2017-06-30": "923.00000", "2017-03-31": "928.00000", "2016-12-31": "930.00000", "2016-09-30": "853.00000", "2016-06-30": "864.00000", "2016-03-31": "877.00000", "2015-12-31": "887.00000", "2015-09-30": "917.00000", "2015-06-30": "921.00000", "2015-03-31": "922.00000", "2014-12-31": "955.00000", "2014-09-30": "772.00000", "2014-06-30": "794.00000", "2014-03-31": "813.00000", "2013-12-31": "832.00000", "2013-09-30": "572.00000", "2013-06-30": "555.00000", "2013-03-31": "585.00000", "2012-12-31": "621.00000", "2012-09-30": "521.00000", "2012-06-30": "528.00000", "2012-03-31": "548.00000", "2011-12-31": "556.00000", "2011-09-30": "533.00000", "2011-06-30": "541.00000", "2011-03-31": "550.00000", "2010-12-31": "520.00000", "2010-09-30": "531.00000", "2010-06-30": "509.00000", "2010-03-31": "519.00000", "2009-12-31": "551.00000", "2008-12-31": ""}, "Total Long Term Liabilities": {"2020-09-30": "10134.00000", "2020-06-30": "10163.00000", "2020-03-31": "9394.00000", "2019-12-31": "9430.00000", "2019-09-30": "10215.00000", "2019-06-30": "10711.00000", "2019-03-31": "10836.00000", "2018-12-31": "10479.00000", "2018-09-30": "10626.00000", "2018-06-30": "10664.00000", "2018-03-31": "10626.00000", "2017-12-31": "10726.00000", "2017-09-30": "10517.00000", "2017-06-30": "10528.00000", "2017-03-31": "10380.00000", "2016-12-31": "9843.00000", "2016-09-30": "9254.00000", "2016-06-30": "8835.00000", "2016-03-31": "9372.00000", "2015-12-31": "8989.00000", "2015-09-30": "9024.00000", "2015-06-30": "9080.00000", "2015-03-31": "9107.00000", "2014-12-31": "8399.00000", "2014-09-30": "8119.00000", "2014-06-30": "8209.00000", "2014-03-31": "8145.00000", "2013-12-31": "8188.00000", "2013-09-30": "8229.00000", "2013-06-30": "7426.00000", "2013-03-31": "7529.00000", "2012-12-31": "7856.00000", "2012-09-30": "7709.00000", "2012-06-30": "7989.00000", "2012-03-31": "8083.00000", "2011-12-31": "8171.00000", "2011-09-30": "8256.00000", "2011-06-30": "8447.00000", "2011-03-31": "8534.00000", "2010-12-31": "9926.00000", "2010-09-30": "10080.00000", "2010-06-30": "9941.00000", "2010-03-31": "10061.00000", "2009-12-31": "10164.00000", "2008-12-31": ""}, "Total Liabilities": {"2020-09-30": "13555.00000", "2020-06-30": "11915.00000", "2020-03-31": "11962.00000", "2019-12-31": "11931.00000", "2019-09-30": "11990.00000", "2019-06-30": "12600.00000", "2019-03-31": "12753.00000", "2018-12-31": "12136.00000", "2018-09-30": "12420.00000", "2018-06-30": "12453.00000", "2018-03-31": "12465.00000", "2017-12-31": "12423.00000", "2017-09-30": "12125.00000", "2017-06-30": "12103.00000", "2017-03-31": "12015.00000", "2016-12-31": "11437.00000", "2016-09-30": "11265.00000", "2016-06-30": "11250.00000", "2016-03-31": "10876.00000", "2015-12-31": "10676.00000", "2015-09-30": "10779.00000", "2015-06-30": "10713.00000", "2015-03-31": "10545.00000", "2014-12-31": "10193.00000", "2014-09-30": "9661.00000", "2014-06-30": "9712.00000", "2014-03-31": "9676.00000", "2013-12-31": "9723.00000", "2013-09-30": "10003.00000", "2013-06-30": "8960.00000", "2013-03-31": "9168.00000", "2012-12-31": "9607.00000", "2012-09-30": "9515.00000", "2012-06-30": "9620.00000", "2012-03-31": "9765.00000", "2011-12-31": "9863.00000", "2011-09-30": "9944.00000", "2011-06-30": "10219.00000", "2011-03-31": "10124.00000", "2010-12-31": "11533.00000", "2010-09-30": "11528.00000", "2010-06-30": "11390.00000", "2010-03-31": "11526.00000", "2009-12-31": "11788.00000", "2008-12-31": "0.00000"}, "Common Stock Net": {"2020-09-30": "32.00000", "2020-06-30": "32.00000", "2020-03-31": "32.00000", "2019-12-31": "32.00000", "2019-09-30": "32.00000", "2019-06-30": "32.00000", "2019-03-31": "32.00000", "2018-12-31": "32.00000", "2018-09-30": "32.00000", "2018-06-30": "32.00000", "2018-03-31": "32.00000", "2017-12-31": "32.00000", "2017-09-30": "32.00000", "2017-06-30": "32.00000", "2017-03-31": "32.00000", "2016-12-31": "32.00000", "2016-09-30": "32.00000", "2016-06-30": "32.00000", "2016-03-31": "32.00000", "2015-12-31": "32.00000", "2015-09-30": "32.00000", "2015-06-30": "32.00000", "2015-03-31": "32.00000", "2014-12-31": "32.00000", "2014-09-30": "32.00000", "2014-06-30": "32.00000", "2014-03-31": "32.00000", "2013-12-31": "32.00000", "2013-09-30": "32.00000", "2013-06-30": "31.00000", "2013-03-31": "31.00000", "2012-12-31": "30.00000", "2012-09-30": "30.00000", "2012-06-30": "30.00000", "2012-03-31": "30.00000", "2011-12-31": "30.00000", "2011-09-30": "30.00000", "2011-06-30": "30.00000", "2011-03-31": "30.00000", "2010-12-31": "22.00000", "2010-09-30": "58.00000", "2010-06-30": "58.00000", "2010-03-31": "58.00000", "2009-12-31": "22.00000", "2008-12-31": "0.00000"}, "Retained Earnings (Accumulated Deficit)": {"2020-09-30": "-1251.00000", "2020-06-30": "-1258.00000", "2020-03-31": "-1228.00000", "2019-12-31": "-1210.00000", "2019-09-30": "-1101.00000", "2019-06-30": "-629.00000", "2019-03-31": "-752.00000", "2018-12-31": "-795.00000", "2018-09-30": "281.00000", "2018-06-30": "309.00000", "2018-03-31": "362.00000", "2017-12-31": "411.00000", "2017-09-30": "451.00000", "2017-06-30": "426.00000", "2017-03-31": "416.00000", "2016-12-31": "456.00000", "2016-09-30": "408.00000", "2016-06-30": "389.00000", "2016-03-31": "387.00000", "2015-12-31": "341.00000", "2015-09-30": "191.00000", "2015-06-30": "49.00000", "2015-03-31": "-65.00000", "2014-12-31": "-128.00000", "2014-09-30": "-289.00000", "2014-06-30": "-380.00000", "2014-03-31": "-454.00000", "2013-12-31": "-512.00000", "2013-09-30": "-657.00000", "2013-06-30": "-791.00000", "2013-03-31": "-1217.00000", "2012-12-31": "-1252.00000", "2012-09-30": "-1291.00000", "2012-06-30": "-1396.00000", "2012-03-31": "-1500.00000", "2011-12-31": "-1525.00000", "2011-09-30": "-1620.00000", "2011-06-30": "-1722.00000", "2011-03-31": "-1791.00000", "2010-12-31": "-1609.00000", "2010-09-30": "-1464.00000", "2010-06-30": "-1470.00000", "2010-03-31": "-1544.00000", "2009-12-31": "-1739.00000", "2008-12-31": ""}, "Comprehensive Income": {"2020-09-30": "-1105.00000", "2020-06-30": "-1112.00000", "2020-03-31": "-1130.00000", "2019-12-31": "-1005.00000", "2019-09-30": "-1166.00000", "2019-06-30": "-1115.00000", "2019-03-31": "-1104.00000", "2018-12-31": "-1110.00000", "2018-09-30": "-1010.00000", "2018-06-30": "-1015.00000", "2018-03-31": "-886.00000", "2017-12-31": "-940.00000", "2017-09-30": "-979.00000", "2017-06-30": "-1051.00000", "2017-03-31": "-1134.00000", "2016-12-31": "-1211.00000", "2016-09-30": "-1021.00000", "2016-06-30": "-1011.00000", "2016-03-31": "-969.00000", "2015-12-31": "-1059.00000", "2015-09-30": "-1046.00000", "2015-06-30": "-898.00000", "2015-03-31": "-940.00000", "2014-12-31": "-777.00000", "2014-09-30": "-509.00000", "2014-06-30": "-349.00000", "2014-03-31": "-390.00000", "2013-12-31": "-387.00000", "2013-09-30": "-379.00000", "2013-06-30": "-432.00000", "2013-03-31": "-353.00000", "2012-12-31": "-333.00000", "2012-09-30": "-236.00000", "2012-06-30": "-301.00000", "2012-03-31": "-211.00000", "2011-12-31": "-299.00000", "2011-09-30": "-258.00000", "2011-06-30": "-40.00000", "2011-03-31": "-48.00000", "2010-12-31": "-96.00000", "2010-09-30": "", "2010-06-30": "", "2010-03-31": "", "2009-12-31": "", "2008-12-31": ""}, "Other Share Holders Equity": {"2020-09-30": "", "2020-06-30": "", "2020-03-31": "", "2019-12-31": "", "2019-09-30": "", "2019-06-30": "", "2019-03-31": "", "2018-12-31": "", "2018-09-30": "", "2018-06-30": "", "2018-03-31": "", "2017-12-31": "", "2017-09-30": "", "2017-06-30": "", "2017-03-31": "", "2016-12-31": "", "2016-09-30": "", "2016-06-30": "", "2016-03-31": "", "2015-12-31": "", "2015-09-30": "", "2015-06-30": "", "2015-03-31": "", "2014-12-31": "", "2014-09-30": "", "2014-06-30": "", "2014-03-31": "", "2013-12-31": "", "2013-09-30": "", "2013-06-30": "", "2013-03-31": "", "2012-12-31": "", "2012-09-30": "", "2012-06-30": "", "2012-03-31": "", "2011-12-31": "", "2011-09-30": "", "2011-06-30": "", "2011-03-31": "", "2010-12-31": "", "2010-09-30": "-76.00000", "2010-06-30": "-164.00000", "2010-03-31": "-73.00000", "2009-12-31": "-34.00000", "2008-12-31": "0.00000"}, "Share Holder Equity": {"2020-09-30": "2220.00000", "2020-06-30": "2207.00000", "2020-03-31": "2231.00000", "2019-12-31": "2388.00000", "2019-09-30": "2353.00000", "2019-06-30": "2988.00000", "2019-03-31": "2989.00000", "2018-12-31": "3043.00000", "2018-09-30": "4215.00000", "2018-06-30": "4245.00000", "2018-03-31": "4458.00000", "2017-12-31": "4443.00000", "2017-09-30": "4460.00000", "2017-06-30": "4391.00000", "2017-03-31": "4317.00000", "2016-12-31": "4293.00000", "2016-09-30": "4435.00000", "2016-06-30": "4468.00000", "2016-03-31": "4712.00000", "2015-12-31": "4627.00000", "2015-09-30": "4498.00000", "2015-06-30": "4752.00000", "2015-03-31": "4843.00000", "2014-12-31": "5133.00000", "2014-09-30": "5700.00000", "2014-06-30": "5844.00000", "2014-03-31": "5797.00000", "2013-12-31": "5807.00000", "2013-09-30": "5712.00000", "2013-06-30": "5580.00000", "2013-03-31": "5248.00000", "2012-12-31": "4978.00000", "2012-09-30": "4981.00000", "2012-06-30": "4785.00000", "2012-03-31": "4772.00000", "2011-12-31": "4641.00000", "2011-09-30": "4554.00000", "2011-06-30": "4651.00000", "2011-03-31": "4566.00000", "2010-12-31": "2896.00000", "2010-09-30": "2893.00000", "2010-06-30": "2793.00000", "2010-03-31": "2806.00000", "2009-12-31": "2812.00000", "2008-12-31": "0.00000"}, "Total Liabilities And Share Holders Equity": {"2020-09-30": "15775.00000", "2020-06-30": "14122.00000", "2020-03-31": "14193.00000", "2019-12-31": "14319.00000", "2019-09-30": "14343.00000", "2019-06-30": "15588.00000", "2019-03-31": "15742.00000", "2018-12-31": "15179.00000", "2018-09-30": "16635.00000", "2018-06-30": "16698.00000", "2018-03-31": "16923.00000", "2017-12-31": "16866.00000", "2017-09-30": "16585.00000", "2017-06-30": "16494.00000", "2017-03-31": "16332.00000", "2016-12-31": "15730.00000", "2016-09-30": "15700.00000", "2016-06-30": "15718.00000", "2016-03-31": "15588.00000", "2015-12-31": "15303.00000", "2015-09-30": "15277.00000", "2015-06-30": "15465.00000", "2015-03-31": "15388.00000", "2014-12-31": "15326.00000", "2014-09-30": "15361.00000", "2014-06-30": "15556.00000", "2014-03-31": "15473.00000", "2013-12-31": "15530.00000", "2013-09-30": "15715.00000", "2013-06-30": "14540.00000", "2013-03-31": "14416.00000", "2012-12-31": "14585.00000", "2012-09-30": "14496.00000", "2012-06-30": "14405.00000", "2012-03-31": "14537.00000", "2011-12-31": "14504.00000", "2011-09-30": "14498.00000", "2011-06-30": "14870.00000", "2011-03-31": "14690.00000", "2010-12-31": "14429.00000", "2010-09-30": "14421.00000", "2010-06-30": "14183.00000", "2010-03-31": "14332.00000", "2009-12-31": "14600.00000", "2008-12-31": "0.00000"}}, "cash flow statement": {"Net Income/Loss": {"2019-12-31": "-403.00000", "2018-12-31": "-700.00000", "2017-12-31": "440.00000", "2016-12-31": "507.00000", "2015-12-31": "575.00000", "2014-12-31": "381.00000", "2013-12-31": "736.00000", "2012-12-31": "272.00000", "2011-12-31": "87.00000", "2010-12-31": "132.00000", "2009-12-31": "-489.00000", "2008-12-31": "-589.00000"}, "Total Depreciation And Amortization - Cash Flow": {"2019-12-31": "1760.00000", "2018-12-31": "2088.00000", "2017-12-31": "640.00000", "2016-12-31": "603.00000", "2015-12-31": "574.00000", "2014-12-31": "573.00000", "2013-12-31": "521.00000", "2012-12-31": "520.00000", "2011-12-31": "529.00000", "2010-12-31": "558.00000", "2009-12-31": "1144.00000", "2008-12-31": "936.00000"}, "Other Non-Cash Items": {"2019-12-31": "234.00000", "2018-12-31": "-462.00000", "2017-12-31": "189.00000", "2016-12-31": "109.00000", "2015-12-31": "98.00000", "2014-12-31": "331.00000", "2013-12-31": "-308.00000", "2012-12-31": "225.00000", "2011-12-31": "122.00000", "2010-12-31": "-182.00000", "2009-12-31": "-160.00000", "2008-12-31": "-100.00000"}, "Total Non-Cash Items": {"2019-12-31": "1994.00000", "2018-12-31": "1626.00000", "2017-12-31": "829.00000", "2016-12-31": "712.00000", "2015-12-31": "672.00000", "2014-12-31": "904.00000", "2013-12-31": "213.00000", "2012-12-31": "745.00000", "2011-12-31": "651.00000", "2010-12-31": "376.00000", "2009-12-31": "984.00000", "2008-12-31": "836.00000"}, "Change In Accounts Receivable": {"2019-12-31": "4.00000", "2018-12-31": "95.00000", "2017-12-31": "10.00000", "2016-12-31": "53.00000", "2015-12-31": "-35.00000", "2014-12-31": "-93.00000", "2013-12-31": "-84.00000", "2012-12-31": "-13.00000", "2011-12-31": "-71.00000", "2010-12-31": "-77.00000", "2009-12-31": "39.00000", "2008-12-31": "-66.00000"}, "Change In Inventories": {"2019-12-31": "", "2018-12-31": "", "2017-12-31": "", "2016-12-31": "", "2015-12-31": "", "2014-12-31": "", "2013-12-31": "", "2012-12-31": "", "2011-12-31": "", "2010-12-31": "", "2009-12-31": "", "2008-12-31": ""}, "Change In Accounts Payable": {"2019-12-31": "", "2018-12-31": "", "2017-12-31": "", "2016-12-31": "", "2015-12-31": "", "2014-12-31": "", "2013-12-31": "", "2012-12-31": "", "2011-12-31": "", "2010-12-31": "", "2009-12-31": "", "2008-12-31": ""}, "Change In Assets/Liabilities": {"2019-12-31": "-20.00000", "2018-12-31": "-68.00000", "2017-12-31": "-4.00000", "2016-12-31": "10.00000", "2015-12-31": "-39.00000", "2014-12-31": "-72.00000", "2013-12-31": "28.00000", "2012-12-31": "1.00000", "2011-12-31": "-8.00000", "2010-12-31": "103.00000", "2009-12-31": "128.00000", "2008-12-31": "226.00000"}, "Total Change In Assets/Liabilities": {"2019-12-31": "-525.00000", "2018-12-31": "132.00000", "2017-12-31": "41.00000", "2016-12-31": "77.00000", "2015-12-31": "-38.00000", "2014-12-31": "-192.00000", "2013-12-31": "-48.00000", "2012-12-31": "-233.00000", "2011-12-31": "-97.00000", "2010-12-31": "35.00000", "2009-12-31": "22.00000", "2008-12-31": "70.00000"}, "Cash Flow From Operating Activities": {"2019-12-31": "1066.00000", "2018-12-31": "1058.00000", "2017-12-31": "1310.00000", "2016-12-31": "1296.00000", "2015-12-31": "1209.00000", "2014-12-31": "1093.00000", "2013-12-31": "901.00000", "2012-12-31": "784.00000", "2011-12-31": "641.00000", "2010-12-31": "543.00000", "2009-12-31": "517.00000", "2008-12-31": "317.00000"}, "Net Change In Property, Plant, And Equipment": {"2019-12-31": "-116.00000", "2018-12-31": "-102.00000", "2017-12-31": "-77.00000", "2016-12-31": "-67.00000", "2015-12-31": "-127.00000", "2014-12-31": "-163.00000", "2013-12-31": "-130.00000", "2012-12-31": "-132.00000", "2011-12-31": "-177.00000", "2010-12-31": "-178.00000", "2009-12-31": "-139.00000", "2008-12-31": "-224.00000"}, "Net Change In Intangible Assets": {"2019-12-31": "-403.00000", "2018-12-31": "-414.00000", "2017-12-31": "-370.00000", "2016-12-31": "-324.00000", "2015-12-31": "-274.00000", "2014-12-31": "-249.00000", "2013-12-31": "-244.00000", "2012-12-31": "-226.00000", "2011-12-31": "-190.00000", "2010-12-31": "-156.00000", "2009-12-31": "-143.00000", "2008-12-31": "-146.00000"}, "Net Acquisitions/Divestitures": {"2019-12-31": "-44.00000", "2018-12-31": "8.00000", "2017-12-31": "-776.00000", "2016-12-31": "-251.00000", "2015-12-31": "-216.00000", "2014-12-31": "-320.00000", "2013-12-31": "-314.00000", "2012-12-31": "-164.00000", "2011-12-31": "-118.00000", "2010-12-31": "-38.00000", "2009-12-31": "34.00000", "2008-12-31": "-215.00000"}, "Net Change In Short-term Investments": {"2019-12-31": "", "2018-12-31": "", "2017-12-31": "", "2016-12-31": "", "2015-12-31": "", "2014-12-31": "", "2013-12-31": "", "2012-12-31": "", "2011-12-31": "", "2010-12-31": "", "2009-12-31": "", "2008-12-31": ""}, "Net Change In Long-Term Investments": {"2019-12-31": "", "2018-12-31": "", "2017-12-31": "", "2016-12-31": "", "2015-12-31": "", "2014-12-31": "", "2013-12-31": "", "2012-12-31": "", "2011-12-31": "", "2010-12-31": "", "2009-12-31": "", "2008-12-31": ""}, "Net Change In Investments - Total": {"2019-12-31": "", "2018-12-31": "", "2017-12-31": "", "2016-12-31": "", "2015-12-31": "", "2014-12-31": "", "2013-12-31": "", "2012-12-31": "", "2011-12-31": "", "2010-12-31": "", "2009-12-31": "", "2008-12-31": ""}, "Investing Activities - Other": {"2019-12-31": "-19.00000", "2018-12-31": "2.00000", "2017-12-31": "-13.00000", "2016-12-31": "", "2015-12-31": "36.00000", "2014-12-31": "", "2013-12-31": "1.00000", "2012-12-31": "", "2011-12-31": "-1.00000", "2010-12-31": "7.00000", "2009-12-31": "21.00000", "2008-12-31": "-6.00000"}, "Cash Flow From Investing Activities": {"2019-12-31": "-582.00000", "2018-12-31": "-506.00000", "2017-12-31": "-1236.00000", "2016-12-31": "-642.00000", "2015-12-31": "-581.00000", "2014-12-31": "-732.00000", "2013-12-31": "-687.00000", "2012-12-31": "-522.00000", "2011-12-31": "-486.00000", "2010-12-31": "-365.00000", "2009-12-31": "-227.00000", "2008-12-31": "-591.00000"}, "Net Long-Term Debt": {"2019-12-31": "-57.00000", "2018-12-31": "-38.00000", "2017-12-31": "449.00000", "2016-12-31": "737.00000", "2015-12-31": "626.00000", "2014-12-31": "-54.00000", "2013-12-31": "314.00000", "2012-12-31": "-232.00000", "2011-12-31": "-1833.00000", "2010-12-31": "-161.00000", "2009-12-31": "247.00000", "2008-12-31": "167.00000"}, "Net Current Debt": {"2019-12-31": "", "2018-12-31": "", "2017-12-31": "", "2016-12-31": "-164.00000", "2015-12-31": "-116.00000", "2014-12-31": "280.00000", "2013-12-31": "-5.00000", "2012-12-31": "3.00000", "2011-12-31": "-6.00000", "2010-12-31": "-6.00000", "2009-12-31": "-345.00000", "2008-12-31": "272.00000"}, "Debt Issuance/Retirement Net - Total": {"2019-12-31": "-57.00000", "2018-12-31": "-38.00000", "2017-12-31": "449.00000", "2016-12-31": "573.00000", "2015-12-31": "510.00000", "2014-12-31": "226.00000", "2013-12-31": "309.00000", "2012-12-31": "-229.00000", "2011-12-31": "-1839.00000", "2010-12-31": "-167.00000", "2009-12-31": "-98.00000", "2008-12-31": "439.00000"}, "Net Common Equity Issued/Repurchased": {"2019-12-31": "", "2018-12-31": "-70.00000", "2017-12-31": "-140.00000", "2016-12-31": "-337.00000", "2015-12-31": "-595.00000", "2014-12-31": "-363.00000", "2013-12-31": "74.00000", "2012-12-31": "29.00000", "2011-12-31": "1801.00000", "2010-12-31": "", "2009-12-31": "", "2008-12-31": "-65.00000"}, "Net Total Equity Issued/Repurchased": {"2019-12-31": "", "2018-12-31": "-70.00000", "2017-12-31": "-140.00000", "2016-12-31": "-337.00000", "2015-12-31": "-595.00000", "2014-12-31": "-363.00000", "2013-12-31": "74.00000", "2012-12-31": "29.00000", "2011-12-31": "1801.00000", "2010-12-31": "", "2009-12-31": "", "2008-12-31": "-65.00000"}, "Total Common And Preferred Stock Dividends Paid": {"2019-12-31": "-395.00000", "2018-12-31": "-494.00000", "2017-12-31": "-474.00000", "2016-12-31": "-434.00000", "2015-12-31": "-408.00000", "2014-12-31": "-356.00000", "2013-12-31": "-265.00000", "2012-12-31": "", "2011-12-31": "", "2010-12-31": "-2.00000", "2009-12-31": "", "2008-12-31": ""}, "Financial Activities - Other": {"2019-12-31": "-92.00000", "2018-12-31": "-74.00000", "2017-12-31": "-50.00000", "2016-12-31": "-50.00000", "2015-12-31": "1.00000", "2014-12-31": "-92.00000", "2013-12-31": "-35.00000", "2012-12-31": "-98.00000", "2011-12-31": "-212.00000", "2010-12-31": "-94.00000", "2009-12-31": "-173.00000", "2008-12-31": "-7.00000"}, "Cash Flow From Financial Activities": {"2019-12-31": "-544.00000", "2018-12-31": "-676.00000", "2017-12-31": "-215.00000", "2016-12-31": "-248.00000", "2015-12-31": "-492.00000", "2014-12-31": "-585.00000", "2013-12-31": "83.00000", "2012-12-31": "-298.00000", "2011-12-31": "-250.00000", "2010-12-31": "-263.00000", "2009-12-31": "-271.00000", "2008-12-31": "367.00000"}, "Net Cash Flow": {"2019-12-31": "-70.00000", "2018-12-31": "-132.00000", "2017-12-31": "-98.00000", "2016-12-31": "397.00000", "2015-12-31": "84.00000", "2014-12-31": "-291.00000", "2013-12-31": "276.00000", "2012-12-31": "-31.00000", "2011-12-31": "-102.00000", "2010-12-31": "-93.00000", "2009-12-31": "47.00000", "2008-12-31": "65.00000"}, "Stock-Based Compensation": {"2019-12-31": "50.00000", "2018-12-31": "35.00000", "2017-12-31": "45.00000", "2016-12-31": "51.00000", "2015-12-31": "48.00000", "2014-12-31": "47.00000", "2013-12-31": "47.00000", "2012-12-31": "34.00000", "2011-12-31": "27.00000", "2010-12-31": "18.00000", "2009-12-31": "14.00000", "2008-12-31": "18.00000"}, "Common Stock Dividends Paid": {"2019-12-31": "-395.00000", "2018-12-31": "-494.00000", "2017-12-31": "-474.00000", "2016-12-31": "-434.00000", "2015-12-31": "-408.00000", "2014-12-31": "-356.00000", "2013-12-31": "-265.00000", "2012-12-31": "0.00000", "2011-12-31": "0.00000", "2010-12-31": "-2.00000", "2009-12-31": "0.00000", "2008-12-31": ""}}, "cash flow statement, quarterly": {"Net Income/Loss": {"2020-09-30": 10, "2020-06-30": -26, "2020-03-31": "-13.00000", "2019-12-31": -108, "2019-09-30": -468, "2019-06-30": 126, "2019-03-31": "47.00000", "2018-12-31": -949, "2018-09-30": 98, "2018-06-30": 76, "2018-03-31": "75.00000", "2017-12-31": 84, "2017-09-30": 150, "2017-06-30": 133, "2017-03-31": "73.00000", "2016-12-31": 160, "2016-09-30": 132, "2016-06-30": 114, "2016-03-31": "101.00000", "2015-12-31": 254, "2015-09-30": 142, "2015-06-30": 116, "2015-03-31": "63.00000", "2014-12-31": 158, "2014-09-30": 92, "2014-06-30": 76, "2014-03-31": "55.00000", "2013-12-31": 145, "2013-09-30": 131, "2013-06-30": 426, "2013-03-31": "34.00000", "2012-12-31": 36, "2012-09-30": 106, "2012-06-30": 105, "2012-03-31": "25.00000", "2011-12-31": 96, "2011-09-30": 103, "2011-06-30": 69, "2011-03-31": "-181.00000", "2010-12-31": 4, "2010-09-30": 11, "2010-06-30": 74, "2010-03-31": "43.00000", "2009-12-31": 100, "2008-12-31": -589}, "Total Depreciation And Amortization - Cash Flow": {"2020-09-30": 225, "2020-06-30": 269, "2020-03-31": "214.00000", "2019-12-31": 206, "2019-09-30": 1190, "2019-06-30": 185, "2019-03-31": "179.00000", "2018-12-31": 1584, "2018-09-30": 175, "2018-06-30": 162, "2018-03-31": "167.00000", "2017-12-31": 163, "2017-09-30": 160, "2017-06-30": 162, "2017-03-31": "155.00000", "2016-12-31": 153, "2016-09-30": 151, "2016-06-30": 152, "2016-03-31": "147.00000", "2015-12-31": 142, "2015-09-30": 144, "2015-06-30": 146, "2015-03-31": "142.00000", "2014-12-31": 148, "2014-09-30": 139, "2014-06-30": 145, "2014-03-31": "141.00000", "2013-12-31": 146, "2013-09-30": 117, "2013-06-30": 130, "2013-03-31": "128.00000", "2012-12-31": 132, "2012-09-30": 130, "2012-06-30": 127, "2012-03-31": "131.00000", "2011-12-31": 133, "2011-09-30": 125, "2011-06-30": 135, "2011-03-31": "136.00000", "2010-12-31": 139, "2010-09-30": 142, "2010-06-30": 136, "2010-03-31": "141.00000", "2009-12-31": 208, "2008-12-31": 936}, "Other Non-Cash Items": {"2020-09-30": 20, "2020-06-30": 13, "2020-03-31": "23.00000", "2019-12-31": 187, "2019-09-30": 21, "2019-06-30": 13, "2019-03-31": "13.00000", "2018-12-31": -496, "2018-09-30": 6, "2018-06-30": 15, "2018-03-31": "13.00000", "2017-12-31": 177, "2017-09-30": 5, "2017-06-30": -8, "2017-03-31": "15.00000", "2016-12-31": 66, "2016-09-30": 9, "2016-06-30": 20, "2016-03-31": "14.00000", "2015-12-31": 28, "2015-09-30": 8, "2015-06-30": 22, "2015-03-31": "40.00000", "2014-12-31": 163, "2014-09-30": 65, "2014-06-30": 62, "2014-03-31": "41.00000", "2013-12-31": -67, "2013-09-30": 8, "2013-06-30": -290, "2013-03-31": "41.00000", "2012-12-31": 162, "2012-09-30": 39, "2012-06-30": -4, "2012-03-31": "28.00000", "2011-12-31": -135, "2011-09-30": 17, "2011-06-30": 6, "2011-03-31": "234.00000", "2010-12-31": -75, "2010-09-30": 18, "2010-06-30": -60, "2010-03-31": "-65.00000", "2009-12-31": 33, "2008-12-31": -19}, "Total Non-Cash Items": {"2020-09-30": 245, "2020-06-30": 282, "2020-03-31": "237.00000", "2019-12-31": 393, "2019-09-30": 1211, "2019-06-30": 198, "2019-03-31": "192.00000", "2018-12-31": 1088, "2018-09-30": 181, "2018-06-30": 177, "2018-03-31": "180.00000", "2017-12-31": 340, "2017-09-30": 165, "2017-06-30": 154, "2017-03-31": "170.00000", "2016-12-31": 219, "2016-09-30": 160, "2016-06-30": 172, "2016-03-31": "161.00000", "2015-12-31": 170, "2015-09-30": 152, "2015-06-30": 168, "2015-03-31": "182.00000", "2014-12-31": 311, "2014-09-30": 204, "2014-06-30": 207, "2014-03-31": "182.00000", "2013-12-31": 79, "2013-09-30": 125, "2013-06-30": -160, "2013-03-31": "169.00000", "2012-12-31": 294, "2012-09-30": 169, "2012-06-30": 123, "2012-03-31": "159.00000", "2011-12-31": -2, "2011-09-30": 142, "2011-06-30": 141, "2011-03-31": "370.00000", "2010-12-31": 251, "2010-09-30": 160, "2010-06-30": 76, "2010-03-31": "76.00000", "2009-12-31": 241, "2008-12-31": 917}, "Change In Accounts Receivable": {"2020-09-30": 53, "2020-06-30": 65, "2020-03-31": "-107.00000", "2019-12-31": 61, "2019-09-30": 61, "2019-06-30": -3, "2019-03-31": "-115.00000", "2018-12-31": 143, "2018-09-30": 61, "2018-06-30": 1, "2018-03-31": "-110.00000", "2017-12-31": 25, "2017-09-30": 104, "2017-06-30": -66, "2017-03-31": "-53.00000", "2016-12-31": 45, "2016-09-30": 71, "2016-06-30": -66, "2016-03-31": "3.00000", "2015-12-31": -67, "2015-09-30": 28, "2015-06-30": -43, "2015-03-31": "47.00000", "2014-12-31": -84, "2014-09-30": 38, "2014-06-30": -68, "2014-03-31": "21.00000", "2013-12-31": -61, "2013-09-30": 42, "2013-06-30": -92, "2013-03-31": "27.00000", "2012-12-31": -26, "2012-09-30": 26, "2012-06-30": -64, "2012-03-31": "51.00000", "2011-12-31": -33, "2011-09-30": 33, "2011-06-30": -128, "2011-03-31": "57.00000", "2010-12-31": -41, "2010-09-30": 1, "2010-06-30": -61, "2010-03-31": "24.00000", "2009-12-31": 0, "2008-12-31": 0}, "Change In Inventories": {"2020-09-30": 0, "2020-06-30": 0, "2020-03-31": "", "2019-12-31": 0, "2019-09-30": 0, "2019-06-30": 0, "2019-03-31": "", "2018-12-31": 0, "2018-09-30": 0, "2018-06-30": 0, "2018-03-31": "", "2017-12-31": 0, "2017-09-30": 0, "2017-06-30": 0, "2017-03-31": "", "2016-12-31": 0, "2016-09-30": 0, "2016-06-30": 0, "2016-03-31": "", "2015-12-31": 0, "2015-09-30": 0, "2015-06-30": 0, "2015-03-31": "", "2014-12-31": 0, "2014-09-30": 0, "2014-06-30": 0, "2014-03-31": "", "2013-12-31": 0, "2013-09-30": 0, "2013-06-30": 0, "2013-03-31": "", "2012-12-31": 0, "2012-09-30": 0, "2012-06-30": 0, "2012-03-31": "", "2011-12-31": 0, "2011-09-30": 0, "2011-06-30": 0, "2011-03-31": "", "2010-12-31": 0, "2010-09-30": 0, "2010-06-30": 0, "2010-03-31": "", "2009-12-31": 0, "2008-12-31": 0}, "Change In Accounts Payable": {"2020-09-30": 0, "2020-06-30": 0, "2020-03-31": "", "2019-12-31": 0, "2019-09-30": 0, "2019-06-30": 0, "2019-03-31": "", "2018-12-31": 0, "2018-09-30": 0, "2018-06-30": 0, "2018-03-31": "", "2017-12-31": 0, "2017-09-30": 0, "2017-06-30": 0, "2017-03-31": "", "2016-12-31": 0, "2016-09-30": 0, "2016-06-30": 0, "2016-03-31": "", "2015-12-31": 0, "2015-09-30": 0, "2015-06-30": 0, "2015-03-31": "", "2014-12-31": 0, "2014-09-30": 0, "2014-06-30": 0, "2014-03-31": "", "2013-12-31": 0, "2013-09-30": 0, "2013-06-30": 0, "2013-03-31": "", "2012-12-31": 0, "2012-09-30": 0, "2012-06-30": 0, "2012-03-31": "", "2011-12-31": 0, "2011-09-30": 0, "2011-06-30": 0, "2011-03-31": "", "2010-12-31": 0, "2010-09-30": 0, "2010-06-30": 0, "2010-03-31": "", "2009-12-31": 0, "2008-12-31": 0}, "Change In Assets/Liabilities": {"2020-09-30": 110, "2020-06-30": 10, "2020-03-31": "11.00000", "2019-12-31": -30, "2019-09-30": 56, "2019-06-30": -19, "2019-03-31": "-27.00000", "2018-12-31": -45, "2018-09-30": 84, "2018-06-30": -27, "2018-03-31": "-80.00000", "2017-12-31": -50, "2017-09-30": 74, "2017-06-30": -18, "2017-03-31": "-10.00000", "2016-12-31": -13, "2016-09-30": 69, "2016-06-30": -44, "2016-03-31": "-2.00000", "2015-12-31": -31, "2015-09-30": 43, "2015-06-30": -51, "2015-03-31": "0.00000", "2014-12-31": -31, "2014-09-30": 3, "2014-06-30": -42, "2014-03-31": "-2.00000", "2013-12-31": 33, "2013-09-30": 26, "2013-06-30": -24, "2013-03-31": "-7.00000", "2012-12-31": -13, "2012-09-30": 31, "2012-06-30": -22, "2012-03-31": "5.00000", "2011-12-31": -33, "2011-09-30": 36, "2011-06-30": -35, "2011-03-31": "24.00000", "2010-12-31": 31, "2010-09-30": 28, "2010-06-30": 49, "2010-03-31": "-5.00000", "2009-12-31": 0, "2008-12-31": 0}, "Total Change In Assets/Liabilities": {"2020-09-30": 162, "2020-06-30": -6, "2020-03-31": "-229.00000", "2019-12-31": 185, "2019-09-30": -330, "2019-06-30": -98, "2019-03-31": "-282.00000", "2018-12-31": 407, "2018-09-30": 108, "2018-06-30": -11, "2018-03-31": "-372.00000", "2017-12-31": 82, "2017-09-30": 223, "2017-06-30": -61, "2017-03-31": "-203.00000", "2016-12-31": 164, "2016-09-30": 164, "2016-06-30": -76, "2016-03-31": "-175.00000", "2015-12-31": -23, "2015-09-30": 160, "2015-06-30": -31, "2015-03-31": "-144.00000", "2014-12-31": -68, "2014-09-30": 96, "2014-06-30": -73, "2014-03-31": "-147.00000", "2013-12-31": 96, "2013-09-30": 65, "2013-06-30": -60, "2013-03-31": "-149.00000", "2012-12-31": 10, "2012-09-30": 56, "2012-06-30": -112, "2012-03-31": "-187.00000", "2011-12-31": 208, "2011-09-30": 24, "2011-06-30": -88, "2011-03-31": "-241.00000", "2010-12-31": 181, "2010-09-30": -6, "2010-06-30": 8, "2010-03-31": "-148.00000", "2009-12-31": -48, "2008-12-31": 70}, "Cash Flow From Operating Activities": {"2020-09-30": 417, "2020-06-30": 250, "2020-03-31": "-5.00000", "2019-12-31": 470, "2019-09-30": 413, "2019-06-30": 226, "2019-03-31": "-43.00000", "2018-12-31": 546, "2018-09-30": 387, "2018-06-30": 242, "2018-03-31": "-117.00000", "2017-12-31": 506, "2017-09-30": 538, "2017-06-30": 226, "2017-03-31": "40.00000", "2016-12-31": 543, "2016-09-30": 456, "2016-06-30": 210, "2016-03-31": "87.00000", "2015-12-31": 401, "2015-09-30": 454, "2015-06-30": 253, "2015-03-31": "101.00000", "2014-12-31": 401, "2014-09-30": 392, "2014-06-30": 210, "2014-03-31": "90.00000", "2013-12-31": 320, "2013-09-30": 321, "2013-06-30": 206, "2013-03-31": "54.00000", "2012-12-31": 340, "2012-09-30": 331, "2012-06-30": 116, "2012-03-31": "-3.00000", "2011-12-31": 302, "2011-09-30": 269, "2011-06-30": 122, "2011-03-31": "-52.00000", "2010-12-31": 249, "2010-09-30": 165, "2010-06-30": 158, "2010-03-31": "-29.00000", "2009-12-31": 200, "2008-12-31": 317}, "Net Change In Property, Plant, And Equipment": {"2020-09-30": -12, "2020-06-30": -10, "2020-03-31": "-4.00000", "2019-12-31": -58, "2019-09-30": -14, "2019-06-30": -14, "2019-03-31": "-30.00000", "2018-12-31": -40, "2018-09-30": -18, "2018-06-30": -18, "2018-03-31": "-26.00000", "2017-12-31": -50, "2017-09-30": -24, "2017-06-30": 14, "2017-03-31": "-17.00000", "2016-12-31": 16, "2016-09-30": -28, "2016-06-30": -27, "2016-03-31": "-28.00000", "2015-12-31": -27, "2015-09-30": -31, "2015-06-30": -36, "2015-03-31": "-33.00000", "2014-12-31": -67, "2014-09-30": -42, "2014-06-30": -40, "2014-03-31": "-14.00000", "2013-12-31": -51, "2013-09-30": -24, "2013-06-30": -46, "2013-03-31": "-9.00000", "2012-12-31": -60, "2012-09-30": -22, "2012-06-30": -8, "2012-03-31": "-42.00000", "2011-12-31": -93, "2011-09-30": -18, "2011-06-30": -46, "2011-03-31": "-20.00000", "2010-12-31": -53, "2010-09-30": -39, "2010-06-30": -60, "2010-03-31": "-26.00000", "2009-12-31": 85, "2008-12-31": -224}, "Net Change In Intangible Assets": {"2020-09-30": -101, "2020-06-30": -110, "2020-03-31": "-108.00000", "2019-12-31": -119, "2019-09-30": -98, "2019-06-30": -94, "2019-03-31": "-92.00000", "2018-12-31": -109, "2018-09-30": -103, "2018-06-30": -100, "2018-03-31": "-102.00000", "2017-12-31": -106, "2017-09-30": -89, "2017-06-30": -78, "2017-03-31": "-97.00000", "2016-12-31": -83, "2016-09-30": -75, "2016-06-30": -85, "2016-03-31": "-81.00000", "2015-12-31": -68, "2015-09-30": -76, "2015-06-30": -61, "2015-03-31": "-69.00000", "2014-12-31": -71, "2014-09-30": -61, "2014-06-30": -54, "2014-03-31": "-63.00000", "2013-12-31": -68, "2013-09-30": -61, "2013-06-30": -54, "2013-03-31": "-61.00000", "2012-12-31": -73, "2012-09-30": -51, "2012-06-30": -62, "2012-03-31": "-40.00000", "2011-12-31": -61, "2011-09-30": -53, "2011-06-30": -44, "2011-03-31": "-32.00000", "2010-12-31": -55, "2010-09-30": -41, "2010-06-30": -33, "2010-03-31": "-27.00000", "2009-12-31": 0, "2008-12-31": 0}, "Net Acquisitions/Divestitures": {"2020-09-30": 12, "2020-06-30": -1, "2020-03-31": "-27.00000", "2019-12-31": 18, "2019-09-30": -2, "2019-06-30": -1, "2019-03-31": "-59.00000", "2018-12-31": 47, "2018-09-30": -9, "2018-06-30": -28, "2018-03-31": "-2.00000", "2017-12-31": -181, "2017-09-30": -14, "2017-06-30": -9, "2017-03-31": "-572.00000", "2016-12-31": 12, "2016-09-30": -11, "2016-06-30": -205, "2016-03-31": "-47.00000", "2015-12-31": -18, "2015-09-30": -1, "2015-06-30": -6, "2015-03-31": "-191.00000", "2014-12-31": -117, "2014-09-30": -11, "2014-06-30": -8, "2014-03-31": "-184.00000", "2013-12-31": -46, "2013-09-30": -1183, "2013-06-30": 926, "2013-03-31": "-11.00000", "2012-12-31": -27, "2012-09-30": -63, "2012-06-30": -58, "2012-03-31": "-16.00000", "2011-12-31": -7, "2011-09-30": -18, "2011-06-30": -33, "2011-03-31": "-60.00000", "2010-12-31": -18, "2010-09-30": -7, "2010-06-30": -28, "2010-03-31": "15.00000", "2009-12-31": 249, "2008-12-31": -215}, "Net Change In Short-term Investments": {"2020-09-30": 0, "2020-06-30": 0, "2020-03-31": "", "2019-12-31": 0, "2019-09-30": 0, "2019-06-30": 0, "2019-03-31": "", "2018-12-31": 0, "2018-09-30": 0, "2018-06-30": 0, "2018-03-31": "", "2017-12-31": 0, "2017-09-30": 0, "2017-06-30": 0, "2017-03-31": "", "2016-12-31": 0, "2016-09-30": 0, "2016-06-30": 0, "2016-03-31": "", "2015-12-31": 0, "2015-09-30": 0, "2015-06-30": 0, "2015-03-31": "", "2014-12-31": 0, "2014-09-30": 0, "2014-06-30": 0, "2014-03-31": "", "2013-12-31": 0, "2013-09-30": 0, "2013-06-30": 0, "2013-03-31": "", "2012-12-31": 0, "2012-09-30": 0, "2012-06-30": 0, "2012-03-31": "", "2011-12-31": 0, "2011-09-30": 0, "2011-06-30": 0, "2011-03-31": "", "2010-12-31": 0, "2010-09-30": 0, "2010-06-30": 0, "2010-03-31": "", "2009-12-31": 0, "2008-12-31": 0}, "Net Change In Long-Term Investments": {"2020-09-30": 0, "2020-06-30": 0, "2020-03-31": "", "2019-12-31": 0, "2019-09-30": 0, "2019-06-30": 0, "2019-03-31": "", "2018-12-31": 0, "2018-09-30": 0, "2018-06-30": 0, "2018-03-31": "", "2017-12-31": 0, "2017-09-30": 0, "2017-06-30": 0, "2017-03-31": "", "2016-12-31": 0, "2016-09-30": 0, "2016-06-30": 0, "2016-03-31": "", "2015-12-31": 0, "2015-09-30": 0, "2015-06-30": 0, "2015-03-31": "", "2014-12-31": 0, "2014-09-30": 0, "2014-06-30": 0, "2014-03-31": "", "2013-12-31": 0, "2013-09-30": 0, "2013-06-30": 0, "2013-03-31": "", "2012-12-31": 0, "2012-09-30": 0, "2012-06-30": 0, "2012-03-31": "", "2011-12-31": 0, "2011-09-30": 0, "2011-06-30": 0, "2011-03-31": "", "2010-12-31": 0, "2010-09-30": 0, "2010-06-30": 0, "2010-03-31": "", "2009-12-31": 0, "2008-12-31": 0}, "Net Change In Investments - Total": {"2020-09-30": 0, "2020-06-30": 0, "2020-03-31": "", "2019-12-31": 0, "2019-09-30": 0, "2019-06-30": 0, "2019-03-31": "", "2018-12-31": 0, "2018-09-30": 0, "2018-06-30": 0, "2018-03-31": "", "2017-12-31": 0, "2017-09-30": 0, "2017-06-30": 0, "2017-03-31": "", "2016-12-31": 0, "2016-09-30": 0, "2016-06-30": 0, "2016-03-31": "", "2015-12-31": 0, "2015-09-30": 0, "2015-06-30": 0, "2015-03-31": "", "2014-12-31": 0, "2014-09-30": 0, "2014-06-30": 0, "2014-03-31": "", "2013-12-31": 0, "2013-09-30": 0, "2013-06-30": 0, "2013-03-31": "", "2012-12-31": 0, "2012-09-30": 0, "2012-06-30": 0, "2012-03-31": "", "2011-12-31": 0, "2011-09-30": 0, "2011-06-30": 0, "2011-03-31": "", "2010-12-31": 0, "2010-09-30": 0, "2010-06-30": 0, "2010-03-31": "", "2009-12-31": 0, "2008-12-31": 0}, "Investing Activities - Other": {"2020-09-30": -2, "2020-06-30": 1, "2020-03-31": "-3.00000", "2019-12-31": -1, "2019-09-30": -18, "2019-06-30": -1, "2019-03-31": "1.00000", "2018-12-31": -1, "2018-09-30": 3, "2018-06-30": 2, "2018-03-31": "-2.00000", "2017-12-31": -11, "2017-09-30": -1, "2017-06-30": -1, "2017-03-31": "", "2016-12-31": 4, "2016-09-30": -5, "2016-06-30": 1, "2016-03-31": "", "2015-12-31": 36, "2015-09-30": -3, "2015-06-30": 1, "2015-03-31": "2.00000", "2014-12-31": 0, "2014-09-30": 0, "2014-06-30": 0, "2014-03-31": "", "2013-12-31": 1, "2013-09-30": 0, "2013-06-30": 1, "2013-03-31": "-1.00000", "2012-12-31": 0, "2012-09-30": 0, "2012-06-30": 0, "2012-03-31": "", "2011-12-31": 1, "2011-09-30": -3, "2011-06-30": 2, "2011-03-31": "-1.00000", "2010-12-31": -154, "2010-09-30": 0, "2010-06-30": -1, "2010-03-31": "6.00000", "2009-12-31": 30, "2008-12-31": -152}, "Cash Flow From Investing Activities": {"2020-09-30": -103, "2020-06-30": -120, "2020-03-31": "-142.00000", "2019-12-31": -160, "2019-09-30": -132, "2019-06-30": -110, "2019-03-31": "-180.00000", "2018-12-31": -103, "2018-09-30": -127, "2018-06-30": -144, "2018-03-31": "-132.00000", "2017-12-31": -348, "2017-09-30": -128, "2017-06-30": -74, "2017-03-31": "-686.00000", "2016-12-31": -51, "2016-09-30": -119, "2016-06-30": -316, "2016-03-31": "-156.00000", "2015-12-31": -77, "2015-09-30": -111, "2015-06-30": -102, "2015-03-31": "-291.00000", "2014-12-31": -255, "2014-09-30": -114, "2014-06-30": -102, "2014-03-31": "-261.00000", "2013-12-31": -164, "2013-09-30": -1268, "2013-06-30": 827, "2013-03-31": "-82.00000", "2012-12-31": -160, "2012-09-30": -136, "2012-06-30": -128, "2012-03-31": "-98.00000", "2011-12-31": -160, "2011-09-30": -92, "2011-06-30": -121, "2011-03-31": "-113.00000", "2010-12-31": -124, "2010-09-30": -87, "2010-06-30": -122, "2010-03-31": "-32.00000", "2009-12-31": 364, "2008-12-31": -591}, "Net Long-Term Debt": {"2020-09-30": 1706, "2020-06-30": -37, "2020-03-31": "-14.00000", "2019-12-31": -14, "2019-09-30": -14, "2019-06-30": -15, "2019-03-31": "-14.00000", "2018-12-31": -14, "2018-09-30": -6, "2018-06-30": -10, "2018-03-31": "-8.00000", "2017-12-31": -7, "2017-09-30": -7, "2017-06-30": -26, "2017-03-31": "489.00000", "2016-12-31": 342, "2016-09-30": -45, "2016-06-30": -31, "2016-03-31": "471.00000", "2015-12-31": -46, "2015-09-30": -25, "2015-06-30": -24, "2015-03-31": "721.00000", "2014-12-31": -25, "2014-09-30": -29, "2014-06-30": 24, "2014-03-31": "-24.00000", "2013-12-31": -238, "2013-09-30": 594, "2013-06-30": 1847, "2013-03-31": "-1889.00000", "2012-12-31": -60, "2012-09-30": -22, "2012-06-30": -88, "2012-03-31": "-62.00000", "2011-12-31": -220, "2011-09-30": -112, "2011-06-30": -27, "2011-03-31": "-1474.00000", "2010-12-31": -58, "2010-09-30": -8, "2010-06-30": -67, "2010-03-31": "-28.00000", "2009-12-31": 0, "2008-12-31": 0}, "Net Current Debt": {"2020-09-30": -165, "2020-06-30": 30, "2020-03-31": "135.00000", "2019-12-31": -189, "2019-09-30": -106, "2019-06-30": 32, "2019-03-31": "263.00000", "2018-12-31": -205, "2018-09-30": -41, "2018-06-30": 51, "2018-03-31": "195.00000", "2017-12-31": 5, "2017-09-30": -101, "2017-06-30": 101, "2017-03-31": "-5.00000", "2016-12-31": -357, "2016-09-30": -28, "2016-06-30": 385, "2016-03-31": "-164.00000", "2015-12-31": -46, "2015-09-30": 2, "2015-06-30": 133, "2015-03-31": "-205.00000", "2014-12-31": 280, "2014-09-30": -25, "2014-06-30": -5, "2014-03-31": "30.00000", "2013-12-31": -17, "2013-09-30": 10, "2013-06-30": -54, "2013-03-31": "56.00000", "2012-12-31": -72, "2012-09-30": -148, "2012-06-30": 97, "2012-03-31": "126.00000", "2011-12-31": -4, "2011-09-30": -14, "2011-06-30": 0, "2011-03-31": "12.00000", "2010-12-31": 7, "2010-09-30": -17, "2010-06-30": 6, "2010-03-31": "-2.00000", "2009-12-31": -617, "2008-12-31": 272}, "Debt Issuance/Retirement Net - Total": {"2020-09-30": 1541, "2020-06-30": -7, "2020-03-31": "121.00000", "2019-12-31": -203, "2019-09-30": -120, "2019-06-30": 17, "2019-03-31": "249.00000", "2018-12-31": -219, "2018-09-30": -47, "2018-06-30": 41, "2018-03-31": "187.00000", "2017-12-31": -2, "2017-09-30": -108, "2017-06-30": 75, "2017-03-31": "484.00000", "2016-12-31": -15, "2016-09-30": -73, "2016-06-30": 354, "2016-03-31": "307.00000", "2015-12-31": -92, "2015-09-30": -23, "2015-06-30": 109, "2015-03-31": "516.00000", "2014-12-31": 255, "2014-09-30": -54, "2014-06-30": 19, "2014-03-31": "6.00000", "2013-12-31": -255, "2013-09-30": 604, "2013-06-30": 1793, "2013-03-31": "-1833.00000", "2012-12-31": -132, "2012-09-30": -170, "2012-06-30": 9, "2012-03-31": "64.00000", "2011-12-31": -224, "2011-09-30": -126, "2011-06-30": -27, "2011-03-31": "-1462.00000", "2010-12-31": -45, "2010-09-30": -25, "2010-06-30": -61, "2010-03-31": "-30.00000", "2009-12-31": 80, "2008-12-31": 167}, "Net Common Equity Issued/Repurchased": {"2020-09-30": 5, "2020-06-30": -5, "2020-03-31": "", "2019-12-31": 0, "2019-09-30": 4, "2019-06-30": -4, "2019-03-31": "", "2018-12-31": -17, "2018-09-30": 7, "2018-06-30": -40, "2018-03-31": "-20.00000", "2017-12-31": -44, "2017-09-30": -28, "2017-06-30": -37, "2017-03-31": "-31.00000", "2016-12-31": -15, "2016-09-30": -47, "2016-06-30": -210, "2016-03-31": "-65.00000", "2015-12-31": -142, "2015-09-30": -159, "2015-06-30": -159, "2015-03-31": "-135.00000", "2014-12-31": -368, "2014-09-30": -4, "2014-06-30": 14, "2014-03-31": "-5.00000", "2013-12-31": 15, "2013-09-30": 8, "2013-06-30": -1815, "2013-03-31": "1866.00000", "2012-12-31": 29, "2012-09-30": 0, "2012-06-30": 0, "2012-03-31": "", "2011-12-31": 0, "2011-09-30": 0, "2011-06-30": 0, "2011-03-31": "1801.00000", "2010-12-31": 0, "2010-09-30": 0, "2010-06-30": 0, "2010-03-31": "", "2009-12-31": 0, "2008-12-31": 0}, "Net Total Equity Issued/Repurchased": {"2020-09-30": 5, "2020-06-30": -5, "2020-03-31": "", "2019-12-31": 0, "2019-09-30": 4, "2019-06-30": -4, "2019-03-31": "", "2018-12-31": -17, "2018-09-30": 7, "2018-06-30": -40, "2018-03-31": "-20.00000", "2017-12-31": -44, "2017-09-30": -28, "2017-06-30": -37, "2017-03-31": "-31.00000", "2016-12-31": -15, "2016-09-30": -47, "2016-06-30": -210, "2016-03-31": "-65.00000", "2015-12-31": -142, "2015-09-30": -159, "2015-06-30": -159, "2015-03-31": "-135.00000", "2014-12-31": -368, "2014-09-30": -4, "2014-06-30": 14, "2014-03-31": "-5.00000", "2013-12-31": 15, "2013-09-30": 8, "2013-06-30": -1815, "2013-03-31": "1866.00000", "2012-12-31": 29, "2012-09-30": 0, "2012-06-30": 0, "2012-03-31": "", "2011-12-31": 0, "2011-09-30": 0, "2011-06-30": 0, "2011-03-31": "1801.00000", "2010-12-31": 0, "2010-09-30": 0, "2010-06-30": 0, "2010-03-31": "", "2009-12-31": 65, "2008-12-31": -65}, "Total Common And Preferred Stock Dividends Paid": {"2020-09-30": -21, "2020-06-30": -22, "2020-03-31": "-21.00000", "2019-12-31": -22, "2019-09-30": -124, "2019-06-30": -125, "2019-03-31": "-124.00000", "2018-12-31": -124, "2018-09-30": -124, "2018-06-30": -125, "2018-03-31": "-121.00000", "2017-12-31": -121, "2017-09-30": -121, "2017-06-30": -121, "2017-03-31": "-111.00000", "2016-12-31": -111, "2016-09-30": -111, "2016-06-30": -111, "2016-03-31": "-101.00000", "2015-12-31": -101, "2015-09-30": -115, "2015-06-30": -102, "2015-03-31": "-90.00000", "2014-12-31": -95, "2014-09-30": -94, "2014-06-30": -93, "2014-03-31": "-74.00000", "2013-12-31": -76, "2013-09-30": -74, "2013-06-30": -59, "2013-03-31": "-56.00000", "2012-12-31": 0, "2012-09-30": 0, "2012-06-30": 0, "2012-03-31": "", "2011-12-31": 0, "2011-09-30": 0, "2011-06-30": 0, "2011-03-31": "", "2010-12-31": -2, "2010-09-30": 0, "2010-06-30": 0, "2010-03-31": "", "2009-12-31": 0, "2008-12-31": 0}, "Financial Activities - Other": {"2020-09-30": -30, "2020-06-30": -27, "2020-03-31": "-18.00000", "2019-12-31": -29, "2019-09-30": -28, "2019-06-30": -14, "2019-03-31": "-21.00000", "2018-12-31": -3, "2018-09-30": -41, "2018-06-30": -24, "2018-03-31": "-6.00000", "2017-12-31": 0, "2017-09-30": -14, "2017-06-30": -23, "2017-03-31": "-13.00000", "2016-12-31": -17, "2016-09-30": -10, "2016-06-30": -12, "2016-03-31": "-11.00000", "2015-12-31": 17, "2015-09-30": -4, "2015-06-30": -9, "2015-03-31": "-3.00000", "2014-12-31": -1, "2014-09-30": -50, "2014-06-30": -39, "2014-03-31": "-2.00000", "2013-12-31": -11, "2013-09-30": -14, "2013-06-30": -21, "2013-03-31": "11.00000", "2012-12-31": -115, "2012-09-30": 13, "2012-06-30": -2, "2012-03-31": "6.00000", "2011-12-31": 1, "2011-09-30": 2, "2011-06-30": -1, "2011-03-31": "-214.00000", "2010-12-31": -70, "2010-09-30": -18, "2010-06-30": -4, "2010-03-31": "-2.00000", "2009-12-31": -166, "2008-12-31": -7}, "Cash Flow From Financial Activities": {"2020-09-30": 1495, "2020-06-30": -61, "2020-03-31": "82.00000", "2019-12-31": -254, "2019-09-30": -268, "2019-06-30": -126, "2019-03-31": "104.00000", "2018-12-31": -363, "2018-09-30": -205, "2018-06-30": -148, "2018-03-31": "40.00000", "2017-12-31": -167, "2017-09-30": -271, "2017-06-30": -106, "2017-03-31": "329.00000", "2016-12-31": -158, "2016-09-30": -241, "2016-06-30": 21, "2016-03-31": "130.00000", "2015-12-31": -318, "2015-09-30": -301, "2015-06-30": -161, "2015-03-31": "288.00000", "2014-12-31": -209, "2014-09-30": -202, "2014-06-30": -99, "2014-03-31": "-75.00000", "2013-12-31": -327, "2013-09-30": 524, "2013-06-30": -102, "2013-03-31": "-12.00000", "2012-12-31": -218, "2012-09-30": -157, "2012-06-30": 7, "2012-03-31": "70.00000", "2011-12-31": -223, "2011-09-30": -124, "2011-06-30": -28, "2011-03-31": "125.00000", "2010-12-31": -123, "2010-09-30": -43, "2010-06-30": -65, "2010-03-31": "-32.00000", "2009-12-31": -638, "2008-12-31": 367}, "Net Cash Flow": {"2020-09-30": 1812, "2020-06-30": 79, "2020-03-31": "-95.00000", "2019-12-31": 65, "2019-09-30": -4, "2019-06-30": -9, "2019-03-31": "-122.00000", "2018-12-31": 78, "2018-09-30": 52, "2018-06-30": -68, "2018-03-31": "-194.00000", "2017-12-31": -6, "2017-09-30": 152, "2017-06-30": 59, "2017-03-31": "-303.00000", "2016-12-31": 308, "2016-09-30": 100, "2016-06-30": -86, "2016-03-31": "75.00000", "2015-12-31": -1, "2015-09-30": 27, "2015-06-30": -12, "2015-03-31": "70.00000", "2014-12-31": -96, "2014-09-30": 59, "2014-06-30": 9, "2014-03-31": "-263.00000", "2013-12-31": -173, "2013-09-30": -420, "2013-06-30": 924, "2013-03-31": "-55.00000", "2012-12-31": -37, "2012-09-30": 42, "2012-06-30": -12, "2012-03-31": "-24.00000", "2011-12-31": -85, "2011-09-30": 30, "2011-06-30": -22, "2011-03-31": "-25.00000", "2010-12-31": -2, "2010-09-30": 52, "2010-06-30": -39, "2010-03-31": "-104.00000", "2009-12-31": -18, "2008-12-31": 65}, "Stock-Based Compensation": {"2020-09-30": 17, "2020-06-30": 11, "2020-03-31": "16.00000", "2019-12-31": 11, "2019-09-30": 13, "2019-06-30": 11, "2019-03-31": "15.00000", "2018-12-31": 14, "2018-09-30": 1, "2018-06-30": 7, "2018-03-31": "13.00000", "2017-12-31": 10, "2017-09-30": 8, "2017-06-30": 12, "2017-03-31": "15.00000", "2016-12-31": 14, "2016-09-30": 11, "2016-06-30": 13, "2016-03-31": "13.00000", "2015-12-31": 9, "2015-09-30": 12, "2015-06-30": 13, "2015-03-31": "14.00000", "2014-12-31": 11, "2014-09-30": 12, "2014-06-30": 12, "2014-03-31": "12.00000", "2013-12-31": 15, "2013-09-30": 11, "2013-06-30": 11, "2013-03-31": "10.00000", "2012-12-31": 10, "2012-09-30": 10, "2012-06-30": 6, "2012-03-31": "8.00000", "2011-12-31": 9, "2011-09-30": 8, "2011-06-30": 6, "2011-03-31": "4.00000", "2010-12-31": 5, "2010-09-30": 4, "2010-06-30": 4, "2010-03-31": "5.00000", "2009-12-31": 0, "2008-12-31": 0}, "Common Stock Dividends Paid": {"2020-09-30": -21, "2020-06-30": -22, "2020-03-31": "-21.00000", "2019-12-31": -22, "2019-09-30": -124, "2019-06-30": -125, "2019-03-31": "-124.00000", "2018-12-31": -124, "2018-09-30": -124, "2018-06-30": -125, "2018-03-31": "-121.00000", "2017-12-31": -121, "2017-09-30": -121, "2017-06-30": -121, "2017-03-31": "-111.00000", "2016-12-31": -111, "2016-09-30": -111, "2016-06-30": -111, "2016-03-31": "-101.00000", "2015-12-31": -101, "2015-09-30": -115, "2015-06-30": -102, "2015-03-31": "-90.00000", "2014-12-31": -95, "2014-09-30": -94, "2014-06-30": -93, "2014-03-31": "-74.00000", "2013-12-31": -76, "2013-09-30": -74, "2013-06-30": -59, "2013-03-31": "-56.00000", "2012-12-31": 0, "2012-09-30": 0, "2012-06-30": 0, "2012-03-31": "0.00000", "2011-12-31": 0, "2011-09-30": 0, "2011-06-30": 0, "2011-03-31": "", "2010-12-31": -2, "2010-09-30": 0, "2010-06-30": 0, "2010-03-31": "", "2009-12-31": 0, "2008-12-31": 0}}, "financial ratios": {"Current Ratio": {"2019-12-31": "0.79050", "2018-12-31": "1.20880", "2017-12-31": "1.34470", "2016-12-31": "1.39400", "2015-12-31": "1.13100", "2014-12-31": "1.12100", "2013-12-31": "1.39020", "2012-12-31": "0.95720", "2011-12-31": "0.98400", "2010-12-31": "1.02920", "2009-12-31": "1.01350", "2008-12-31": ""}, "Long-term Debt / Capital": {"2019-12-31": "0.75590", "2018-12-31": "0.73130", "2017-12-31": "0.65290", "2016-12-31": "0.64320", "2015-12-31": "0.60300", "2014-12-31": "0.55570", "2013-12-31": "0.52780", "2012-12-31": "0.55580", "2011-12-31": "0.58780", "2010-12-31": "0.74510", "2009-12-31": "0.75250", "2008-12-31": ""}, "Debt/Equity Ratio": {"2019-12-31": "3.47950", "2018-12-31": "2.75620", "2017-12-31": "1.89980", "2016-12-31": "1.84630", "2015-12-31": "1.58590", "2014-12-31": "1.32710", "2013-12-31": "1.14340", "2012-12-31": "1.32260", "2011-12-31": "1.45720", "2010-12-31": "2.95510", "2009-12-31": "3.07790", "2008-12-31": ""}, "Gross Margin": {"2019-12-31": "56.57130", "2018-12-31": "56.94550", "2017-12-31": "57.92760", "2016-12-31": "58.67810", "2015-12-31": "58.86260", "2014-12-31": "58.33330", "2013-12-31": "57.95200", "2012-12-31": "58.84960", "2011-12-31": "58.93390", "2010-12-31": "58.46660", "2009-12-31": "57.92430", "2008-12-31": "57.19930"}, "Operating Margin": {"2019-12-31": "-1.43120", "2018-12-31": "-7.29090", "2017-12-31": "18.47230", "2016-12-31": "17.91090", "2015-12-31": "17.70900", "2014-12-31": "17.31870", "2013-12-31": "15.09730", "2012-12-31": "16.27520", "2011-12-31": "13.62610", "2010-12-31": "14.24110", "2009-12-31": "2.41260", "2008-12-31": "8.73910"}, "EBIT Margin": {"2019-12-31": "-1.43120", "2018-12-31": "-7.29090", "2017-12-31": "18.47230", "2016-12-31": "17.91090", "2015-12-31": "17.70900", "2014-12-31": "17.31870", "2013-12-31": "15.09730", "2012-12-31": "16.27520", "2011-12-31": "13.62610", "2010-12-31": "14.24110", "2009-12-31": "2.41260", "2008-12-31": "8.73910"}, "EBITDA Margin": {"2019-12-31": "25.65410", "2018-12-31": "24.75830", "2017-12-31": "28.21060", "2016-12-31": "27.46870", "2015-12-31": "27.00910", "2014-12-31": "26.43130", "2013-12-31": "24.23290", "2012-12-31": "25.89240", "2011-12-31": "23.55480", "2010-12-31": "25.12680", "2009-12-31": "26.20630", "2008-12-31": "28.21470"}, "Pre-Tax Profit Margin": {"2019-12-31": "-10.20310", "2018-12-31": "-13.53800", "2017-12-31": "12.59890", "2016-12-31": "12.93390", "2015-12-31": "15.57030", "2014-12-31": "9.87600", "2013-12-31": "9.11800", "2012-12-31": "6.63950", "2011-12-31": "1.20120", "2010-12-31": "2.00940", "2009-12-31": "-12.54160", "2008-12-31": "-5.63880"}, "Net Profit Margin": {"2019-12-31": "-6.38660", "2018-12-31": "-10.92860", "2017-12-31": "6.52770", "2016-12-31": "7.95690", "2015-12-31": "9.23530", "2014-12-31": "6.10690", "2013-12-31": "12.97560", "2012-12-31": "5.04900", "2011-12-31": "1.57660", "2010-12-31": "2.53610", "2009-12-31": "-10.21220", "2008-12-31": "-12.25550"}, "Asset Turnover": {"2019-12-31": "0.45380", "2018-12-31": "0.42920", "2017-12-31": "0.38970", "2016-12-31": "0.40110", "2015-12-31": "0.40330", "2014-12-31": "0.41030", "2013-12-31": "0.36720", "2012-12-31": "0.37070", "2011-12-31": "0.36730", "2010-12-31": "0.35530", "2009-12-31": "0.32930", "2008-12-31": ""}, "Inventory Turnover Ratio": {"2019-12-31": "", "2018-12-31": "", "2017-12-31": "", "2016-12-31": "", "2015-12-31": "", "2014-12-31": "", "2013-12-31": "", "2012-12-31": "", "2011-12-31": "", "2010-12-31": "", "2009-12-31": "", "2008-12-31": ""}, "Receiveable Turnover": {"2019-12-31": "5.89120", "2018-12-31": "5.82740", "2017-12-31": "5.13440", "2016-12-31": "5.38770", "2015-12-31": "4.99760", "2014-12-31": "5.06690", "2013-12-31": "4.76840", "2012-12-31": "4.87120", "2011-12-31": "4.93330", "2010-12-31": "5.05520", "2009-12-31": "5.13130", "2008-12-31": ""}, "Days Sales In Receivables": {"2019-12-31": "61.95680", "2018-12-31": "62.63550", "2017-12-31": "71.08950", "2016-12-31": "67.74690", "2015-12-31": "73.03550", "2014-12-31": "72.03640", "2013-12-31": "76.54570", "2012-12-31": "74.93070", "2011-12-31": "73.98650", "2010-12-31": "72.20250", "2009-12-31": "71.13250", "2008-12-31": ""}, "ROE - Return On Equity": {"2019-12-31": "-16.87610", "2018-12-31": "-23.00360", "2017-12-31": "9.90320", "2016-12-31": "11.80990", "2015-12-31": "12.42710", "2014-12-31": "7.42260", "2013-12-31": "7.42210", "2012-12-31": "4.86140", "2011-12-31": "1.31440", "2010-12-31": "5.31770", "2009-12-31": "-15.22050", "2008-12-31": ""}, "Return On Tangible Equity": {"2019-12-31": "4.74900", "2018-12-31": "7.80550", "2017-12-31": "-4.81980", "2016-12-31": "-6.11730", "2015-12-31": "-7.25280", "2014-12-31": "-5.25300", "2013-12-31": "-6.47340", "2012-12-31": "-3.49260", "2011-12-31": "-0.86220", "2010-12-31": "-1.74860", "2009-12-31": "4.75500", "2008-12-31": ""}, "ROA - Return On Assets": {"2019-12-31": "-2.81440", "2018-12-31": "-4.61160", "2017-12-31": "2.60880", "2016-12-31": "3.22310", "2015-12-31": "3.75740", "2014-12-31": "2.48600", "2013-12-31": "2.77530", "2012-12-31": "1.65920", "2011-12-31": "0.42060", "2010-12-31": "1.06730", "2009-12-31": "-2.93150", "2008-12-31": ""}, "ROI - Return On Investment": {"2019-12-31": "-4.11940", "2018-12-31": "-6.18210", "2017-12-31": "3.43750", "2016-12-31": "4.21410", "2015-12-31": "4.93350", "2014-12-31": "3.29810", "2013-12-31": "3.50440", "2012-12-31": "2.15940", "2011-12-31": "0.54170", "2010-12-31": "1.35560", "2009-12-31": "-3.76760", "2008-12-31": ""}, "Book Value Per Share": {"2019-12-31": "6.70500", "2018-12-31": "8.56530", "2017-12-31": "12.48230", "2016-12-31": "12.00960", "2015-12-31": "12.76980", "2014-12-31": "13.77030", "2013-12-31": "15.33670", "2012-12-31": "13.73170", "2011-12-31": "12.90430", "2010-12-31": "10.49050", "2009-12-31": "10.18260", "2008-12-31": ""}, "Operating Cash Flow Per Share": {"2019-12-31": 0.0214, "2018-12-31": -0.6835, "2017-12-31": 0.0802, "2016-12-31": 0.3194, "2015-12-31": 0.4155, "2014-12-31": 0.4783, "2013-12-31": 0.225, "2012-12-31": 0.3473, "2011-12-31": -0.1487, "2010-12-31": 0.0542, "2009-12-31": 0.489, "2008-12-31": 1.3985}, "Free Cash Flow Per Share": {"2019-12-31": -0.0178, "2018-12-31": -0.7552, "2017-12-31": 0.0501, "2016-12-31": 0.4767, "2015-12-31": 0.4973, "2014-12-31": 0.3955, "2013-12-31": 0.2441, "2012-12-31": 0.482, "2011-12-31": -0.0073, "2010-12-31": -0.0748, "2009-12-31": 0.9697, "2008-12-31": 0.4103}}, "financial ratios, quarterly": {"Current Ratio": {"2020-09-30": "1.10440", "2020-06-30": "1.18320", "2020-03-31": "0.78430", "2019-12-31": "0.79050", "2019-09-30": "1.09690", "2019-06-30": "1.07250", "2019-03-31": "1.06780", "2018-12-31": "1.20880", "2018-09-30": "1.14100", "2018-06-30": "1.18500", "2018-03-31": "1.23110", "2017-12-31": "1.34470", "2017-09-30": "1.41290", "2017-06-30": "1.40760", "2017-03-31": "1.28500", "2016-12-31": "1.39400", "2016-09-30": "1.01990", "2016-06-30": "0.84270", "2016-03-31": "1.36570", "2015-12-31": "1.13100", "2015-09-30": "1.20000", "2015-06-30": "1.29460", "2015-03-31": "1.43600", "2014-12-31": "1.12100", "2014-09-30": "1.28530", "2014-06-30": "1.32200", "2014-03-31": "1.26260", "2013-12-31": "1.39020", "2013-09-30": "1.24630", "2013-06-30": "1.65650", "2013-03-31": "0.98170", "2012-12-31": "0.95720", "2012-09-30": "0.93190", "2012-06-30": "1.00800", "2012-03-31": "0.98040", "2011-12-31": "0.98400", "2011-09-30": "1.00710", "2011-06-30": "0.99550", "2011-03-31": "1.03580", "2010-12-31": "1.02920", "2010-09-30": "1.12090", "2010-06-30": "1.06140", "2010-03-31": "1.03340", "2009-12-31": "", "2008-12-31": ""}, "Long-term Debt / Capital": {"2020-09-30": "0.78540", "2020-06-30": "0.78650", "2020-03-31": "0.76740", "2019-12-31": "0.75590", "2019-09-30": "0.77680", "2019-06-30": "0.73370", "2019-03-31": "0.73390", "2018-12-31": "0.73130", "2018-09-30": "0.66330", "2018-06-30": "0.66220", "2018-03-31": "0.65020", "2017-12-31": "0.65290", "2017-09-30": "0.65260", "2017-06-30": "0.65560", "2017-03-31": "0.65460", "2016-12-31": "0.64320", "2016-09-30": "0.62460", "2016-06-30": "0.60810", "2016-03-31": "0.61320", "2015-12-31": "0.60300", "2015-09-30": "0.61260", "2015-06-30": "0.60050", "2015-03-31": "0.59650", "2014-12-31": "0.55570", "2014-09-30": "0.53310", "2014-06-30": "0.52870", "2014-03-31": "0.52710", "2013-12-31": "0.52780", "2013-09-30": "0.53310", "2013-06-30": "0.51480", "2013-03-31": "0.53130", "2012-12-31": "0.55580", "2012-09-30": "0.55660", "2012-06-30": "0.57670", "2012-03-31": "0.57900", "2011-12-31": "0.58780", "2011-09-30": "0.59920", "2011-06-30": "0.59950", "2011-03-31": "0.60690", "2010-12-31": "0.74510", "2010-09-30": "0.74680", "2010-06-30": "0.75040", "2010-03-31": "0.75120", "2009-12-31": "", "2008-12-31": ""}, "Debt/Equity Ratio": {"2020-09-30": "4.50900", "2020-06-30": "3.81560", "2020-03-31": "3.77100", "2019-12-31": "3.47950", "2019-09-30": "3.60690", "2019-06-30": "2.89320", "2019-03-31": "2.88630", "2018-12-31": "2.75620", "2018-09-30": "2.04290", "2018-06-30": "2.04100", "2018-03-31": "1.93940", "2017-12-31": "1.89980", "2017-09-30": "1.89330", "2017-06-30": "1.94100", "2017-03-31": "1.94950", "2016-12-31": "1.84630", "2016-09-30": "1.79410", "2016-06-30": "1.79230", "2016-03-31": "1.62560", "2015-12-31": "1.58590", "2015-09-30": "1.65700", "2015-06-30": "1.57260", "2015-03-31": "1.51700", "2014-12-31": "1.32710", "2014-09-30": "1.16140", "2014-06-30": "1.14510", "2014-03-31": "1.14650", "2013-12-31": "1.14340", "2013-09-30": "1.20480", "2013-06-30": "1.12100", "2013-03-31": "1.20430", "2012-12-31": "1.32260", "2012-09-30": "1.34110", "2012-06-30": "1.43010", "2012-03-31": "1.43670", "2011-12-31": "1.45720", "2011-09-30": "1.53950", "2011-06-30": "1.54550", "2011-03-31": "1.57670", "2010-12-31": "2.95510", "2010-09-30": "2.96270", "2010-06-30": "3.02180", "2010-03-31": "3.05520", "2009-12-31": "", "2008-12-31": ""}, "Gross Margin": {"2020-09-30": "57.58160", "2020-06-30": "55.61500", "2020-03-31": "53.75240", "2019-12-31": "56.59370", "2019-09-30": "57.05450", "2019-06-30": "57.06390", "2019-03-31": "55.53420", "2018-12-31": "57.35830", "2018-09-30": "57.43750", "2018-06-30": "57.61990", "2018-03-31": "55.34160", "2017-12-31": "58.31910", "2017-09-30": "57.83060", "2017-06-30": "58.75910", "2017-03-31": "56.68410", "2016-12-31": "59.54110", "2016-09-30": "59.10830", "2016-06-30": "59.02260", "2016-03-31": "56.89310", "2015-12-31": "59.72910", "2015-09-30": "59.83020", "2015-06-30": "58.43490", "2015-03-31": "57.33880", "2014-12-31": "60.01230", "2014-09-30": "58.77860", "2014-06-30": "57.52820", "2014-03-31": "56.88380", "2013-12-31": "58.65920", "2013-09-30": "58.68780", "2013-06-30": "58.15300", "2013-03-31": "56.10310", "2012-12-31": "59.27540", "2012-09-30": "59.28940", "2012-06-30": "59.09090", "2012-03-31": "57.72110", "2011-12-31": "57.68280", "2011-09-30": "60.79260", "2011-06-30": "59.16910", "2011-03-31": "57.83410", "2010-12-31": "59.15390", "2010-09-30": "59.58110", "2010-06-30": "58.42520", "2010-03-31": "56.52170", "2009-12-31": "", "2008-12-31": ""}, "Operating Margin": {"2020-09-30": "11.13240", "2020-06-30": "1.87170", "2020-03-31": "6.28610", "2019-12-31": "13.24660", "2019-09-30": "-45.79210", "2019-06-30": "15.29480", "2019-03-31": "11.13240", "2018-12-31": "-70.62730", "2018-09-30": "16.31250", "2018-06-30": "13.84340", "2018-03-31": "12.85710", "2017-12-31": "20.10220", "2017-09-30": "20.35340", "2017-06-30": "19.52560", "2017-03-31": "13.43380", "2016-12-31": "19.80680", "2016-09-30": "18.85350", "2016-06-30": "17.66920", "2016-03-31": "15.06390", "2015-12-31": "19.08870", "2015-09-30": "19.46440", "2015-06-30": "18.34510", "2015-03-31": "13.64880", "2014-12-31": "18.86100", "2014-09-30": "19.78370", "2014-06-30": "17.37770", "2014-03-31": "12.96170", "2013-12-31": "14.77340", "2013-09-30": "17.51980", "2013-06-30": "17.17170", "2013-03-31": "10.76570", "2012-12-31": "18.11590", "2012-09-30": "18.06070", "2012-06-30": "17.06410", "2012-03-31": "11.76910", "2011-12-31": "15.77650", "2011-09-30": "18.75440", "2011-06-30": "15.61610", "2011-03-31": "3.91710", "2010-12-31": "15.68200", "2010-09-30": "15.59350", "2010-06-30": "14.33070", "2010-03-31": "11.03680", "2009-12-31": "", "2008-12-31": ""}, "EBIT Margin": {"2020-09-30": "11.13240", "2020-06-30": "1.87170", "2020-03-31": "6.28610", "2019-12-31": "13.24660", "2019-09-30": "-45.79210", "2019-06-30": "15.29480", "2019-03-31": "11.13240", "2018-12-31": "-70.62730", "2018-09-30": "16.31250", "2018-06-30": "13.84340", "2018-03-31": "12.85710", "2017-12-31": "20.10220", "2017-09-30": "20.35340", "2017-06-30": "19.52560", "2017-03-31": "13.43380", "2016-12-31": "19.80680", "2016-09-30": "18.85350", "2016-06-30": "17.66920", "2016-03-31": "15.06390", "2015-12-31": "19.08870", "2015-09-30": "19.46440", "2015-06-30": "18.34510", "2015-03-31": "13.64880", "2014-12-31": "18.86100", "2014-09-30": "19.78370", "2014-06-30": "17.37770", "2014-03-31": "12.96170", "2013-12-31": "14.77340", "2013-09-30": "17.51980", "2013-06-30": "17.17170", "2013-03-31": "10.76570", "2012-12-31": "18.11590", "2012-09-30": "18.06070", "2012-06-30": "17.06410", "2012-03-31": "11.76910", "2011-12-31": "15.77650", "2011-09-30": "18.75440", "2011-06-30": "15.61610", "2011-03-31": "3.91710", "2010-12-31": "15.68200", "2010-09-30": "15.59350", "2010-06-30": "14.33070", "2010-03-31": "11.03680", "2009-12-31": "", "2008-12-31": ""}, "EBITDA Margin": {"2020-09-30": "", "2020-06-30": "", "2020-03-31": "", "2019-12-31": "", "2019-09-30": "", "2019-06-30": "", "2019-03-31": "", "2018-12-31": "", "2018-09-30": "", "2018-06-30": "", "2018-03-31": "", "2017-12-31": "", "2017-09-30": "", "2017-06-30": "", "2017-03-31": "", "2016-12-31": "", "2016-09-30": "", "2016-06-30": "", "2016-03-31": "", "2015-12-31": "", "2015-09-30": "", "2015-06-30": "", "2015-03-31": "", "2014-12-31": "", "2014-09-30": "", "2014-06-30": "", "2014-03-31": "", "2013-12-31": "", "2013-09-30": "", "2013-06-30": "", "2013-03-31": "", "2012-12-31": "", "2012-09-30": "", "2012-06-30": "", "2012-03-31": "", "2011-12-31": "", "2011-09-30": "", "2011-06-30": "", "2011-03-31": "", "2010-12-31": "", "2010-09-30": "", "2010-06-30": "", "2010-03-31": "", "2009-12-31": "", "2008-12-31": ""}, "Pre-Tax Profit Margin": {"2020-09-30": "5.05440", "2020-06-30": "-4.27810", "2020-03-31": "-0.12830", "2019-12-31": "-2.54290", "2019-09-30": "-52.47530", "2019-06-30": "9.15230", "2019-03-31": "5.05440", "2018-12-31": "-76.83960", "2018-09-30": "9.81250", "2018-06-30": "7.34670", "2018-03-31": "7.08070", "2017-12-31": "13.96930", "2017-09-30": "14.74710", "2017-06-30": "13.62530", "2017-03-31": "7.60160", "2016-12-31": "15.76090", "2016-09-30": "13.63060", "2016-06-30": "12.28070", "2016-03-31": "9.75120", "2015-12-31": "26.66260", "2015-09-30": "14.69630", "2015-06-30": "12.95700", "2015-03-31": "6.92730", "2014-12-31": "12.12490", "2014-09-30": "11.89570", "2014-06-30": "9.34760", "2014-03-31": "5.84280", "2013-12-31": "9.12480", "2013-09-30": "12.32880", "2013-06-30": "11.61620", "2013-03-31": "3.10840", "2012-12-31": "3.04350", "2012-09-30": "10.73280", "2012-06-30": "10.05960", "2012-03-31": "2.77360", "2011-12-31": "10.02470", "2011-09-30": "10.54490", "2011-06-30": "7.52150", "2011-03-31": "-23.96310", "2010-12-31": "-4.15750", "2010-09-30": "1.78430", "2010-06-30": "6.92910", "2010-03-31": "4.09700", "2009-12-31": "", "2008-12-31": ""}, "Net Profit Margin": {"2020-09-30": "0.44790", "2020-06-30": "-2.00530", "2020-03-31": "-1.15460", "2019-12-31": "-6.44590", "2019-09-30": "-29.20790", "2019-06-30": "7.55530", "2019-03-31": "2.75110", "2018-12-31": "-57.41860", "2018-09-30": "6.00000", "2018-06-30": "4.37160", "2018-03-31": "4.47210", "2017-12-31": "4.59970", "2017-09-30": "8.89700", "2017-06-30": "7.96840", "2017-03-31": "4.65270", "2016-12-31": "9.60140", "2016-09-30": "8.28030", "2016-06-30": "7.08020", "2016-03-31": "6.72500", "2015-12-31": "15.45570", "2015-09-30": "9.27500", "2015-06-30": "7.31240", "2015-03-31": "4.32100", "2014-12-31": "9.85920", "2014-09-30": "5.78880", "2014-06-30": "4.64240", "2014-03-31": "3.89520", "2013-12-31": "9.00060", "2013-09-30": "9.66110", "2013-06-30": "30.73590", "2013-03-31": "2.65350", "2012-12-31": "2.82610", "2012-09-30": "7.77200", "2012-06-30": "7.74960", "2012-03-31": "1.87410", "2011-12-31": "7.80610", "2011-09-30": "7.21870", "2011-06-30": "4.94270", "2011-03-31": "-13.97850", "2010-12-31": "0.21880", "2010-09-30": "0.85340", "2010-06-30": "5.82680", "2010-03-31": "3.51170", "2009-12-31": "", "2008-12-31": ""}, "Asset Turnover": {"2020-09-30": "0.09910", "2020-06-30": "0.10590", "2020-03-31": "0.10980", "2019-12-31": "0.11810", "2019-09-30": "0.11270", "2019-06-30": "0.10440", "2019-03-31": "0.09930", "2018-12-31": "0.10920", "2018-09-30": "0.09620", "2018-06-30": "0.09860", "2018-03-31": "0.09510", "2017-12-31": "0.10440", "2017-09-30": "0.09890", "2017-06-30": "0.09970", "2017-03-31": "0.09340", "2016-12-31": "0.10530", "2016-09-30": "0.10000", "2016-06-30": "0.10150", "2016-03-31": "0.09540", "2015-12-31": "0.10610", "2015-09-30": "0.10020", "2015-06-30": "0.10080", "2015-03-31": "0.09470", "2014-12-31": "0.10660", "2014-09-30": "0.10230", "2014-06-30": "0.10250", "2014-03-31": "0.09620", "2013-12-31": "0.10370", "2013-09-30": "0.08830", "2013-06-30": "0.09530", "2013-03-31": "0.09150", "2012-12-31": "0.09460", "2012-09-30": "0.09320", "2012-06-30": "0.09320", "2012-03-31": "0.09180", "2011-12-31": "0.08390", "2011-09-30": "0.09750", "2011-06-30": "0.09390", "2011-03-31": "0.08860", "2010-12-31": "0.09500", "2010-09-30": "0.08940", "2010-06-30": "0.08950", "2010-03-31": "0.08340", "2009-12-31": "", "2008-12-31": ""}, "Inventory Turnover Ratio": {"2020-09-30": "", "2020-06-30": "", "2020-03-31": "", "2019-12-31": "", "2019-09-30": "", "2019-06-30": "", "2019-03-31": "", "2018-12-31": "", "2018-09-30": "", "2018-06-30": "", "2018-03-31": "", "2017-12-31": "", "2017-09-30": "", "2017-06-30": "", "2017-03-31": "", "2016-12-31": "", "2016-09-30": "", "2016-06-30": "", "2016-03-31": "", "2015-12-31": "", "2015-09-30": "", "2015-06-30": "", "2015-03-31": "", "2014-12-31": "", "2014-09-30": "", "2014-06-30": "", "2014-03-31": "", "2013-12-31": "", "2013-09-30": "", "2013-06-30": "", "2013-03-31": "", "2012-12-31": "", "2012-09-30": "", "2012-06-30": "", "2012-03-31": "", "2011-12-31": "", "2011-09-30": "", "2011-06-30": "", "2011-03-31": "", "2010-12-31": "", "2010-09-30": "", "2010-06-30": "", "2010-03-31": "", "2009-12-31": "", "2008-12-31": ""}, "Receiveable Turnover": {"2020-09-30": "1.42870", "2020-06-30": "1.32270", "2020-03-31": "1.31900", "2019-12-31": "1.53310", "2019-09-30": "1.41010", "2019-06-30": "1.32680", "2019-03-31": "1.28010", "2018-12-31": "1.48300", "2018-09-30": "1.28100", "2018-06-30": "1.24770", "2018-03-31": "1.17180", "2017-12-31": "1.37580", "2017-09-30": "1.28000", "2017-06-30": "1.20260", "2017-03-31": "1.18570", "2016-12-31": "1.41420", "2016-09-30": "1.26610", "2016-06-30": "1.21550", "2016-03-31": "1.20020", "2015-12-31": "1.31500", "2015-09-30": "1.31640", "2015-06-30": "1.27060", "2015-03-31": "1.24830", "2014-12-31": "1.31590", "2014-09-30": "1.32210", "2014-06-30": "1.25910", "2014-03-31": "1.25550", "2013-12-31": "1.34700", "2013-09-30": "1.21880", "2013-06-30": "1.25540", "2013-03-31": "1.22580", "2012-12-31": "1.24320", "2012-09-30": "1.25210", "2012-06-30": "1.23230", "2012-03-31": "1.26210", "2011-12-31": "1.12690", "2011-09-30": "1.34320", "2011-06-30": "1.22890", "2011-03-31": "1.30590", "2010-12-31": "1.35210", "2010-09-30": "1.31800", "2010-06-30": "1.34960", "2010-03-31": "1.33930", "2009-12-31": "", "2008-12-31": ""}, "Days Sales In Receivables": {"2020-09-30": "62.99420", "2020-06-30": "68.04140", "2020-03-31": "68.23610", "2019-12-31": "58.70490", "2019-09-30": "63.82430", "2019-06-30": "67.83170", "2019-03-31": "70.30710", "2018-12-31": "60.68760", "2018-09-30": "70.25630", "2018-06-30": "72.13120", "2018-03-31": "76.80750", "2017-12-31": "65.41740", "2017-09-30": "70.31080", "2017-06-30": "74.83580", "2017-03-31": "75.90430", "2016-12-31": "63.64130", "2016-09-30": "71.08280", "2016-06-30": "74.04140", "2016-03-31": "74.98990", "2015-12-31": "68.44210", "2015-09-30": "68.36710", "2015-06-30": "70.83390", "2015-03-31": "72.09880", "2014-12-31": "68.39560", "2014-09-30": "68.07250", "2014-06-30": "71.48060", "2014-03-31": "71.68570", "2013-12-31": "66.81560", "2013-09-30": "73.84280", "2013-06-30": "71.68830", "2013-03-31": "73.41930", "2012-12-31": "72.39130", "2012-09-30": "71.88010", "2012-06-30": "73.03280", "2012-03-31": "71.31180", "2011-12-31": "79.86850", "2011-09-30": "67.00640", "2011-06-30": "73.23780", "2011-03-31": "68.91710", "2010-12-31": "66.56460", "2010-09-30": "68.28550", "2010-06-30": "66.68500", "2010-03-31": "67.19900", "2009-12-31": "", "2008-12-31": ""}, "ROE - Return On Equity": {"2020-09-30": "0.45050", "2020-06-30": "-1.17810", "2020-03-31": "-0.58270", "2019-12-31": "-4.52260", "2019-09-30": "-19.88950", "2019-06-30": "4.21690", "2019-03-31": "1.57240", "2018-12-31": "-31.18630", "2018-09-30": "2.32500", "2018-06-30": "1.79030", "2018-03-31": "1.68240", "2017-12-31": "1.89060", "2017-09-30": "3.36320", "2017-06-30": "3.02890", "2017-03-31": "1.69100", "2016-12-31": "3.72700", "2016-09-30": "2.97630", "2016-06-30": "2.55150", "2016-03-31": "2.14350", "2015-12-31": "5.48950", "2015-09-30": "3.15700", "2015-06-30": "2.44110", "2015-03-31": "1.30080", "2014-12-31": "3.07810", "2014-09-30": "1.61400", "2014-06-30": "1.30050", "2014-03-31": "0.94880", "2013-12-31": "2.73810", "2013-09-30": "2.29340", "2013-06-30": "2.13260", "2013-03-31": "0.41920", "2012-12-31": "0.54240", "2012-09-30": "1.72660", "2012-06-30": "2.13170", "2012-03-31": "0.56580", "2011-12-31": "1.48670", "2011-09-30": "2.26170", "2011-06-30": "1.48360", "2011-03-31": "-3.94220", "2010-12-31": "0.20720", "2010-09-30": "0.76070", "2010-06-30": "2.75790", "2010-03-31": "1.71120", "2009-12-31": "", "2008-12-31": ""}, "Return On Tangible Equity": {"2020-09-30": "-0.11870", "2020-06-30": "0.30680", "2020-03-31": "0.15200", "2019-12-31": "1.27270", "2019-09-30": "5.48590", "2019-06-30": "-1.39840", "2019-03-31": "-0.51990", "2018-12-31": "10.58210", "2018-09-30": "-1.05470", "2018-06-30": "-0.82040", "2018-03-31": "-0.81990", "2017-12-31": "-0.92010", "2017-09-30": "-1.67900", "2017-06-30": "-1.48470", "2017-03-31": "-0.81280", "2016-12-31": "-1.93050", "2016-09-30": "-1.57860", "2016-06-30": "-1.36270", "2016-03-31": "-1.26660", "2015-12-31": "-3.20380", "2015-09-30": "-1.83340", "2015-06-30": "-1.51830", "2015-03-31": "-0.83620", "2014-12-31": "-2.17840", "2014-09-30": "-1.36680", "2014-06-30": "-1.12390", "2014-03-31": "-0.80500", "2013-12-31": "-2.38810", "2013-09-30": "-1.91830", "2013-06-30": "-2.18710", "2013-03-31": "-0.33370", "2012-12-31": "-0.38970", "2012-09-30": "-1.25530", "2012-06-30": "-1.46680", "2012-03-31": "-0.38550", "2011-12-31": "-0.97530", "2011-09-30": "-1.43650", "2011-06-30": "-0.94750", "2011-03-31": "2.47050", "2010-12-31": "-0.06810", "2010-09-30": "-0.24930", "2010-06-30": "-0.87570", "2010-03-31": "-0.53850", "2009-12-31": "", "2008-12-31": ""}, "ROA - Return On Assets": {"2020-09-30": "0.06340", "2020-06-30": "-0.18410", "2020-03-31": "-0.09160", "2019-12-31": "-0.75420", "2019-09-30": "-3.26290", "2019-06-30": "0.80830", "2019-03-31": "0.29860", "2018-12-31": "-6.25210", "2018-09-30": "0.58910", "2018-06-30": "0.45510", "2018-03-31": "0.44320", "2017-12-31": "0.49800", "2017-09-30": "0.90440", "2017-06-30": "0.80640", "2017-03-31": "0.44700", "2016-12-31": "1.01720", "2016-09-30": "0.84080", "2016-06-30": "0.72530", "2016-03-31": "0.64790", "2015-12-31": "1.65980", "2015-09-30": "0.92950", "2015-06-30": "0.75010", "2015-03-31": "0.40940", "2014-12-31": "1.03090", "2014-09-30": "0.59890", "2014-06-30": "0.48860", "2014-03-31": "0.35550", "2013-12-31": "1.02380", "2013-09-30": "0.83360", "2013-06-30": "0.81840", "2013-03-31": "0.15260", "2012-12-31": "0.18510", "2012-09-30": "0.59330", "2012-06-30": "0.70810", "2012-03-31": "0.18570", "2011-12-31": "0.47570", "2011-09-30": "0.71040", "2011-06-30": "0.46400", "2011-03-31": "-1.22530", "2010-12-31": "0.04160", "2010-09-30": "0.15260", "2010-06-30": "0.54290", "2010-03-31": "0.33490", "2009-12-31": "", "2008-12-31": ""}, "ROI - Return On Investment": {"2020-09-30": "0.09670", "2020-06-30": "-0.25150", "2020-03-31": "-0.13560", "2019-12-31": "-1.10400", "2019-09-30": "-4.43940", "2019-06-30": "1.12290", "2019-03-31": "0.41850", "2018-12-31": "-8.38120", "2018-09-30": "0.78280", "2018-06-30": "0.60480", "2018-03-31": "0.58850", "2017-12-31": "0.65630", "2017-09-30": "1.16850", "2017-06-30": "1.04310", "2017-03-31": "0.58410", "2016-12-31": "1.32990", "2016-09-30": "1.11730", "2016-06-30": "0.99990", "2016-03-31": "0.82900", "2015-12-31": "2.17930", "2015-09-30": "1.22290", "2015-06-30": "0.97530", "2015-03-31": "0.52490", "2014-12-31": "1.36770", "2014-09-30": "0.75360", "2014-06-30": "0.61290", "2014-03-31": "0.44870", "2013-12-31": "1.29280", "2013-09-30": "1.07090", "2013-06-30": "1.03480", "2013-03-31": "0.19650", "2012-12-31": "0.24090", "2012-09-30": "0.76560", "2012-06-30": "0.90230", "2012-03-31": "0.23820", "2011-12-31": "0.61280", "2011-09-30": "0.90660", "2011-06-30": "0.59410", "2011-03-31": "-1.54960", "2010-12-31": "0.05280", "2010-09-30": "0.19250", "2010-06-30": "0.68800", "2010-03-31": "0.42570", "2009-12-31": "", "2008-12-31": ""}, "Book Value Per Share": {"2020-09-30": "6.21850", "2020-06-30": "6.18630", "2020-03-31": "6.25850", "2019-12-31": "6.70500", "2019-09-30": "6.61310", "2019-06-30": "8.40100", "2019-03-31": "8.40800", "2018-12-31": "8.56530", "2018-09-30": "11.87380", "2018-06-30": "11.95070", "2018-03-31": "12.51460", "2017-12-31": "12.48230", "2017-09-30": "12.52220", "2017-06-30": "12.31430", "2017-03-31": "12.08220", "2016-12-31": "12.00960", "2016-09-30": "12.40800", "2016-06-30": "12.50330", "2016-03-31": "13.04860", "2015-12-31": "12.76980", "2015-09-30": "12.35520", "2015-06-30": "12.95320", "2015-03-31": "13.09310", "2014-12-31": "13.77030", "2014-09-30": "14.95770", "2014-06-30": "15.36700", "2014-03-31": "15.29900", "2013-12-31": "15.33670", "2013-09-30": "15.12380", "2013-06-30": "14.79640", "2013-03-31": "13.99660", "2012-12-31": "13.73170", "2012-09-30": "13.75320", "2012-06-30": "13.24890", "2012-03-31": "13.22720", "2011-12-31": "12.90430", "2011-09-30": "12.67730", "2011-06-30": "12.96660", "2011-03-31": "12.74810", "2010-12-31": "10.49050", "2010-09-30": "", "2010-06-30": "", "2010-03-31": "", "2009-12-31": "", "2008-12-31": ""}, "Operating Cash Flow Per Share": {"2020-09-30": 1.16, "2020-06-30": 0.7009, "2020-03-31": "-0.01400", "2019-12-31": 1.3214, "2019-09-30": 1.1621, "2019-06-30": 0.6338, "2019-03-31": "-0.12070", "2018-12-31": 1.5352, "2018-09-30": 1.0892, "2018-06-30": 0.6783, "2018-03-31": "-0.32750", "2017-12-31": 1.411, "2017-09-30": 1.5049, "2017-06-30": 0.6314, "2017-03-31": "0.11140", "2016-12-31": 1.4902, "2016-09-30": 1.2706, "2016-06-30": 0.5795, "2016-03-31": "0.23820", "2015-12-31": 1.0723, "2015-09-30": 1.2367, "2015-06-30": 0.681, "2015-03-31": "0.26910", "2014-12-31": 1.0503, "2014-09-30": 1.0148, "2014-06-30": 0.5446, "2014-03-31": "0.23390", "2013-12-31": 0.8456, "2013-09-30": 0.8383, "2013-06-30": 0.5376, "2013-03-31": "0.14380", "2012-12-31": 0.9279, "2012-09-30": 0.9036, "2012-06-30": 0.317, "2012-03-31": "-0.00820", "2011-12-31": 0.8629, "2011-09-30": 0.7379, "2011-06-30": 0.3492, "2011-03-31": "-0.15700", "2010-12-31": 0.8883, "2010-09-30": 0.5879, "2010-06-30": 0.5654, "2010-03-31": "-0.10400", "2009-12-31": 0, "2008-12-31": 0}, "Free Cash Flow Per Share": {"2020-09-30": 1.1266, "2020-06-30": 0.673, "2020-03-31": "-0.02530", "2019-12-31": 1.1584, "2019-09-30": 1.1224, "2019-06-30": 0.5947, "2019-03-31": "-0.20490", "2018-12-31": 1.4228, "2018-09-30": 1.0383, "2018-06-30": 0.6276, "2018-03-31": "-0.40030", "2017-12-31": 1.2713, "2017-09-30": 1.4378, "2017-06-30": 0.6704, "2017-03-31": "0.06410", "2016-12-31": 1.5354, "2016-09-30": 1.1918, "2016-06-30": 0.5047, "2016-03-31": "0.16160", "2015-12-31": 1.0007, "2015-09-30": 1.1512, "2015-06-30": 0.5837, "2015-03-31": "0.18120", "2014-12-31": 0.875, "2014-09-30": 0.9061, "2014-06-30": 0.4409, "2014-03-31": "0.19750", "2013-12-31": 0.7109, "2013-09-30": 0.7758, "2013-06-30": 0.4175, "2013-03-31": "0.11980", "2012-12-31": 0.7641, "2012-09-30": 0.8436, "2012-06-30": 0.2952, "2012-03-31": "-0.12300", "2011-12-31": 0.5983, "2011-09-30": 0.6886, "2011-06-30": 0.2284, "2011-03-31": "-0.21740", "2010-12-31": 0.6993, "2010-09-30": 0.4494, "2010-06-30": 0.3511, "2010-03-31": "-0.19730", "2009-12-31": 0, "2008-12-31": 0}}, "revenue": {"Nielsen Holdings Plc Annual Revenue (Millions of US $)": {"2019": "$6,498", "2018": "$6,515", "2017": "$6,572", "2016": "$6,309", "2015": "$6,172", "2014": "$6,288", "2013": "$5,703", "2012": "$5,407", "2011": "$5,328", "2010": "$5,126", "2009": "$4,808", "2008": "$4,806"}, "Nielsen Holdings Plc Quarterly Revenue (Millions of US $)": {"2020-09-30": "$1,563", "2020-06-30": "$1,496", "2020-03-31": "$1,559", "2019-12-31": "$1,691", "2019-09-30": "$1,616", "2019-06-30": "$1,628", "2019-03-31": "$1,563", "2018-12-31": "$1,658", "2018-09-30": "$1,600", "2018-06-30": "$1,647", "2018-03-31": "$1,610", "2017-12-31": "$1,761", "2017-09-30": "$1,641", "2017-06-30": "$1,644", "2017-03-31": "$1,526", "2016-12-31": "$1,656", "2016-09-30": "$1,570", "2016-06-30": "$1,596", "2016-03-31": "$1,487", "2015-12-31": "$1,624", "2015-09-30": "$1,531", "2015-06-30": "$1,559", "2015-03-31": "$1,458", "2014-12-31": "$1,633", "2014-09-30": "$1,572", "2014-06-30": "$1,594", "2014-03-31": "$1,489", "2013-12-31": "$1,611", "2013-09-30": "$1,387", "2013-06-30": "$1,386", "2013-03-31": "$1,319", "2012-12-31": "$1,380", "2012-09-30": "$1,351", "2012-06-30": "$1,342", "2012-03-31": "$1,334", "2011-12-31": "$1,217", "2011-09-30": "$1,413", "2011-06-30": "$1,396", "2011-03-31": "$1,302", "2010-12-31": "$1,371", "2010-09-30": "$1,289", "2010-06-30": "$1,270", "2010-03-31": "$1,196", "2009-12-31": "", "2008-12-31": ""}}, "gross-profit": {"Nielsen Holdings Plc Annual Gross Profit (Millions of US $)": {"2019": "$3,676", "2018": "$3,710", "2017": "$3,807", "2016": "$3,702", "2015": "$3,633", "2014": "$3,668", "2013": "$3,305", "2012": "$3,182", "2011": "$3,140", "2010": "$2,997", "2009": "$2,785", "2008": "$2,749"}, "Nielsen Holdings Plc Quarterly Gross Profit (Millions of US $)": {"2020-09-30": "$900", "2020-06-30": "$832", "2020-03-31": "$838", "2019-12-31": "$957", "2019-09-30": "$922", "2019-06-30": "$929", "2019-03-31": "$868", "2018-12-31": "$951", "2018-09-30": "$919", "2018-06-30": "$949", "2018-03-31": "$891", "2017-12-31": "$1,027", "2017-09-30": "$949", "2017-06-30": "$966", "2017-03-31": "$865", "2016-12-31": "$986", "2016-09-30": "$928", "2016-06-30": "$942", "2016-03-31": "$846", "2015-12-31": "$970", "2015-09-30": "$916", "2015-06-30": "$911", "2015-03-31": "$836", "2014-12-31": "$980", "2014-09-30": "$924", "2014-06-30": "$917", "2014-03-31": "$847", "2013-12-31": "$945", "2013-09-30": "$814", "2013-06-30": "$806", "2013-03-31": "$740", "2012-12-31": "$818", "2012-09-30": "$801", "2012-06-30": "$793", "2012-03-31": "$770", "2011-12-31": "$702", "2011-09-30": "$859", "2011-06-30": "$826", "2011-03-31": "$753", "2010-12-31": "$811", "2010-09-30": "$768", "2010-06-30": "$742", "2010-03-31": "$676", "2009-12-31": "", "2008-12-31": ""}}, "operating-income": {"Nielsen Holdings Plc Annual Operating Income (Millions of US $)": {"2019": "$-93", "2018": "$-475", "2017": "$1,214", "2016": "$1,130", "2015": "$1,093", "2014": "$1,089", "2013": "$861", "2012": "$880", "2011": "$726", "2010": "$730", "2009": "$116", "2008": "$420"}, "Nielsen Holdings Plc Quarterly Operating Income (Millions of US $)": {"2020-09-30": "$174", "2020-06-30": "$28", "2020-03-31": "$98", "2019-12-31": "$224", "2019-09-30": "$-740", "2019-06-30": "$249", "2019-03-31": "$174", "2018-12-31": "$-1,171", "2018-09-30": "$261", "2018-06-30": "$228", "2018-03-31": "$207", "2017-12-31": "$354", "2017-09-30": "$334", "2017-06-30": "$321", "2017-03-31": "$205", "2016-12-31": "$328", "2016-09-30": "$296", "2016-06-30": "$282", "2016-03-31": "$224", "2015-12-31": "$310", "2015-09-30": "$298", "2015-06-30": "$286", "2015-03-31": "$199", "2014-12-31": "$308", "2014-09-30": "$311", "2014-06-30": "$277", "2014-03-31": "$193", "2013-12-31": "$238", "2013-09-30": "$243", "2013-06-30": "$238", "2013-03-31": "$142", "2012-12-31": "$250", "2012-09-30": "$244", "2012-06-30": "$229", "2012-03-31": "$157", "2011-12-31": "$192", "2011-09-30": "$265", "2011-06-30": "$218", "2011-03-31": "$51", "2010-12-31": "$215", "2010-09-30": "$201", "2010-06-30": "$182", "2010-03-31": "$132", "2009-12-31": "", "2008-12-31": ""}}, "ebitda": {"Nielsen Holdings Plc Annual EBITDA (Millions of US $)": {"2019": "$1,667", "2018": "$1,613", "2017": "$1,854", "2016": "$1,733", "2015": "$1,667", "2014": "$1,662", "2013": "$1,382", "2012": "$1,400", "2011": "$1,255", "2010": "$1,288", "2009": "$1,260", "2008": "$1,356"}, "Nielsen Holdings Plc Quarterly EBITDA (Millions of US $)": {"2020-09-30": "$399", "2020-06-30": "$297", "2020-03-31": "$312", "2019-12-31": "$430", "2019-09-30": "$450", "2019-06-30": "$434", "2019-03-31": "$353", "2018-12-31": "$413", "2018-09-30": "$436", "2018-06-30": "$390", "2018-03-31": "$374", "2017-12-31": "$517", "2017-09-30": "$494", "2017-06-30": "$483", "2017-03-31": "$360", "2016-12-31": "$481", "2016-09-30": "$447", "2016-06-30": "$434", "2016-03-31": "$371", "2015-12-31": "$452", "2015-09-30": "$442", "2015-06-30": "$432", "2015-03-31": "$341", "2014-12-31": "$456", "2014-09-30": "$450", "2014-06-30": "$422", "2014-03-31": "$334", "2013-12-31": "$384", "2013-09-30": "$360", "2013-06-30": "$368", "2013-03-31": "$270", "2012-12-31": "$382", "2012-09-30": "$374", "2012-06-30": "$356", "2012-03-31": "$288", "2011-12-31": "$325", "2011-09-30": "$390", "2011-06-30": "$353", "2011-03-31": "$187", "2010-12-31": "$354", "2010-09-30": "$343", "2010-06-30": "$318", "2010-03-31": "$273", "2009-12-31": "", "2008-12-31": ""}}, "net-income": {"Nielsen Holdings Plc Annual Net Income (Millions of US $)": {"2019": "$-415", "2018": "$-712", "2017": "$429", "2016": "$502", "2015": "$570", "2014": "$384", "2013": "$740", "2012": "$273", "2011": "$84", "2010": "$130", "2009": "$-491", "2008": "$-589"}, "Nielsen Holdings Plc Quarterly Net Income (Millions of US $)": {"2020-09-30": "$7", "2020-06-30": "$-30", "2020-03-31": "$-18", "2019-12-31": "$-109", "2019-09-30": "$-472", "2019-06-30": "$123", "2019-03-31": "$43", "2018-12-31": "$-952", "2018-09-30": "$96", "2018-06-30": "$72", "2018-03-31": "$72", "2017-12-31": "$81", "2017-09-30": "$146", "2017-06-30": "$131", "2017-03-31": "$71", "2016-12-31": "$159", "2016-09-30": "$130", "2016-06-30": "$113", "2016-03-31": "$100", "2015-12-31": "$251", "2015-09-30": "$142", "2015-06-30": "$114", "2015-03-31": "$63", "2014-12-31": "$161", "2014-09-30": "$91", "2014-06-30": "$74", "2014-03-31": "$58", "2013-12-31": "$145", "2013-09-30": "$134", "2013-06-30": "$426", "2013-03-31": "$35", "2012-12-31": "$39", "2012-09-30": "$105", "2012-06-30": "$104", "2012-03-31": "$25", "2011-12-31": "$95", "2011-09-30": "$102", "2011-06-30": "$69", "2011-03-31": "$-182", "2010-12-31": "$3", "2010-09-30": "$11", "2010-06-30": "$74", "2010-03-31": "$42", "2009-12-31": "", "2008-12-31": ""}}, "eps-earnings-per-share-diluted": {"Nielsen Holdings Plc Annual EPS": {"2019": "$-1.17", "2018": "$-2.00", "2017": "$1.20", "2016": "$1.39", "2015": "$1.54", "2014": "$1.00", "2013": "$1.94", "2012": "$0.75", "2011": "$0.23", "2010": "$0.46", "2009": "$-1.79", "2008": "$-2.61"}, "Nielsen Holdings Plc Quarterly EPS": {"2020-09-30": "$0.02", "2020-06-30": "$-0.08", "2020-03-31": "$-0.05", "2019-12-31": "$-0.30", "2019-09-30": "$-1.33", "2019-06-30": "$0.34", "2019-03-31": "$0.12", "2018-12-31": "$-2.67", "2018-09-30": "$0.27", "2018-06-30": "$0.20", "2018-03-31": "$0.20", "2017-12-31": "$0.22", "2017-09-30": "$0.41", "2017-06-30": "$0.37", "2017-03-31": "$0.20", "2016-12-31": "$0.45", "2016-09-30": "$0.36", "2016-06-30": "$0.31", "2016-03-31": "$0.27", "2015-12-31": "$0.68", "2015-09-30": "$0.38", "2015-06-30": "$0.31", "2015-03-31": "$0.17", "2014-12-31": "$0.42", "2014-09-30": "$0.24", "2014-06-30": "$0.19", "2014-03-31": "$0.15", "2013-12-31": "$0.38", "2013-09-30": "$0.35", "2013-06-30": "$1.12", "2013-03-31": "$0.09", "2012-12-31": "$0.11", "2012-09-30": "$0.29", "2012-06-30": "$0.28", "2012-03-31": "$0.07", "2011-12-31": "$0.31", "2011-09-30": "$0.28", "2011-06-30": "$0.19", "2011-03-31": "$-0.55", "2010-12-31": "$0.01", "2010-09-30": "$0.04", "2010-06-30": "$0.27", "2010-03-31": "$0.15", "2009-12-31": "$0.00", "2008-12-31": "$0.00"}}, "shares-outstanding": {"Nielsen Holdings Plc Annual Shares Outstanding (Millions of Shares)": {"2019": "356", "2018": "356", "2017": "358", "2016": "362", "2015": "371", "2014": "384", "2013": "381", "2012": "366", "2011": "358", "2010": "280", "2009": "274", "2008": "227"}, "Nielsen Holdings Plc Quarterly Shares Outstanding (Millions of Shares)": {"2020-09-30": "358", "2020-06-30": "357", "2020-03-31": "356", "2019-12-31": "356", "2019-09-30": "356", "2019-06-30": "357", "2019-03-31": "356", "2018-12-31": "356", "2018-09-30": "356", "2018-06-30": "356", "2018-03-31": "357", "2017-12-31": "358", "2017-09-30": "358", "2017-06-30": "358", "2017-03-31": "359", "2016-12-31": "362", "2016-09-30": "361", "2016-06-30": "363", "2016-03-31": "365", "2015-12-31": "371", "2015-09-30": "369", "2015-06-30": "373", "2015-03-31": "375", "2014-12-31": "384", "2014-09-30": "386", "2014-06-30": "385", "2014-03-31": "385", "2013-12-31": "381", "2013-09-30": "382", "2013-06-30": "382", "2013-03-31": "376", "2012-12-31": "366", "2012-09-30": "366", "2012-06-30": "366", "2012-03-31": "366", "2011-12-31": "358", "2011-09-30": "364", "2011-06-30": "364", "2011-03-31": "331", "2010-12-31": "280", "2010-09-30": "280", "2010-06-30": "280", "2010-03-31": "279", "2009-12-31": "", "2008-12-31": ""}}, "total-assets": {"Nielsen Holdings Plc Annual Total Assets (Millions of US $)": {"2019": "$14,319", "2018": "$15,179", "2017": "$16,866", "2016": "$15,730", "2015": "$15,303", "2014": "$15,326", "2013": "$15,530", "2012": "$14,585", "2011": "$14,504", "2010": "$14,429", "2009": "$14,600", "2008": "$0"}, "Nielsen Holdings Plc Quarterly Total Assets (Millions of US $)": {"2020-09-30": "$15,775", "2020-06-30": "$14,122", "2020-03-31": "$14,193", "2019-12-31": "$14,319", "2019-09-30": "$14,343", "2019-06-30": "$15,588", "2019-03-31": "$15,742", "2018-12-31": "$15,179", "2018-09-30": "$16,635", "2018-06-30": "$16,698", "2018-03-31": "$16,923", "2017-12-31": "$16,866", "2017-09-30": "$16,585", "2017-06-30": "$16,494", "2017-03-31": "$16,332", "2016-12-31": "$15,730", "2016-09-30": "$15,700", "2016-06-30": "$15,718", "2016-03-31": "$15,588", "2015-12-31": "$15,303", "2015-09-30": "$15,277", "2015-06-30": "$15,465", "2015-03-31": "$15,388", "2014-12-31": "$15,326", "2014-09-30": "$15,361", "2014-06-30": "$15,556", "2014-03-31": "$15,473", "2013-12-31": "$15,530", "2013-09-30": "$15,715", "2013-06-30": "$14,540", "2013-03-31": "$14,416", "2012-12-31": "$14,585", "2012-09-30": "$14,496", "2012-06-30": "$14,405", "2012-03-31": "$14,537", "2011-12-31": "$14,504", "2011-09-30": "$14,498", "2011-06-30": "$14,870", "2011-03-31": "$14,690", "2010-12-31": "$14,429", "2010-09-30": "$14,421", "2010-06-30": "$14,183", "2010-03-31": "$14,332", "2009-12-31": "$14,600", "2008-12-31": "$0"}}, "cash-on-hand": {"Nielsen Holdings Plc Annual Cash on Hand (Millions of US $)": {"2019": "$454", "2018": "$524", "2017": "$656", "2016": "$754", "2015": "$357", "2014": "$273", "2013": "$564", "2012": "$288", "2011": "$319", "2010": "$421", "2009": "$514", "2008": "$"}, "Nielsen Holdings Plc Quarterly Cash on Hand (Millions of US $)": {"2020-09-30": "$2,250", "2020-06-30": "$438", "2020-03-31": "$359", "2019-12-31": "$454", "2019-09-30": "$389", "2019-06-30": "$393", "2019-03-31": "$402", "2018-12-31": "$524", "2018-09-30": "$446", "2018-06-30": "$394", "2018-03-31": "$462", "2017-12-31": "$656", "2017-09-30": "$662", "2017-06-30": "$510", "2017-03-31": "$451", "2016-12-31": "$754", "2016-09-30": "$446", "2016-06-30": "$346", "2016-03-31": "$432", "2015-12-31": "$357", "2015-09-30": "$358", "2015-06-30": "$331", "2015-03-31": "$343", "2014-12-31": "$273", "2014-09-30": "$369", "2014-06-30": "$310", "2014-03-31": "$301", "2013-12-31": "$564", "2013-09-30": "$737", "2013-06-30": "$1,157", "2013-03-31": "$233", "2012-12-31": "$288", "2012-09-30": "$325", "2012-06-30": "$283", "2012-03-31": "$295", "2011-12-31": "$319", "2011-09-30": "$404", "2011-06-30": "$374", "2011-03-31": "$396", "2010-12-31": "$421", "2010-09-30": "$420", "2010-06-30": "$369", "2010-03-31": "$408", "2009-12-31": "$514", "2008-12-31": ""}}, "long-term-debt": {"Nielsen Holdings Plc Annual Long Term Debt (Millions of US $)": {"2019": "$7,395", "2018": "$8,280", "2017": "$8,357", "2016": "$7,738", "2015": "$7,028", "2014": "$6,419", "2013": "$6,492", "2012": "$6,229", "2011": "$6,619", "2010": "$8,464", "2009": "$8,548", "2008": "$"}, "Nielsen Holdings Plc Quarterly Long Term Debt (Millions of US $)": {"2020-09-30": "$8,125", "2020-06-30": "$8,130", "2020-03-31": "$7,359", "2019-12-31": "$7,395", "2019-09-30": "$8,189", "2019-06-30": "$8,233", "2019-03-31": "$8,242", "2018-12-31": "$8,280", "2018-09-30": "$8,304", "2018-06-30": "$8,321", "2018-03-31": "$8,286", "2017-12-31": "$8,357", "2017-09-30": "$8,377", "2017-06-30": "$8,360", "2017-03-31": "$8,180", "2016-12-31": "$7,738", "2016-09-30": "$7,379", "2016-06-30": "$6,933", "2016-03-31": "$7,471", "2015-12-31": "$7,028", "2015-09-30": "$7,114", "2015-06-30": "$7,142", "2015-03-31": "$7,159", "2014-12-31": "$6,419", "2014-09-30": "$6,508", "2014-06-30": "$6,556", "2014-03-31": "$6,461", "2013-12-31": "$6,492", "2013-09-30": "$6,521", "2013-06-30": "$5,920", "2013-03-31": "$5,948", "2012-12-31": "$6,229", "2012-09-30": "$6,252", "2012-06-30": "$6,519", "2012-03-31": "$6,563", "2011-12-31": "$6,619", "2011-09-30": "$6,807", "2011-06-30": "$6,963", "2011-03-31": "$7,050", "2010-12-31": "$8,464", "2010-09-30": "$8,533", "2010-06-30": "$8,399", "2010-03-31": "$8,470", "2009-12-31": "$8,548", "2008-12-31": ""}}, "total-liabilities": {"Nielsen Holdings Plc Annual Total Liabilities (Millions of US $)": {"2019": "$11,931", "2018": "$12,136", "2017": "$12,423", "2016": "$11,437", "2015": "$10,676", "2014": "$10,193", "2013": "$9,723", "2012": "$9,607", "2011": "$9,863", "2010": "$11,533", "2009": "$11,788", "2008": "$0"}, "Nielsen Holdings Plc Quarterly Total Liabilities (Millions of US $)": {"2020-09-30": "$13,555", "2020-06-30": "$11,915", "2020-03-31": "$11,962", "2019-12-31": "$11,931", "2019-09-30": "$11,990", "2019-06-30": "$12,600", "2019-03-31": "$12,753", "2018-12-31": "$12,136", "2018-09-30": "$12,420", "2018-06-30": "$12,453", "2018-03-31": "$12,465", "2017-12-31": "$12,423", "2017-09-30": "$12,125", "2017-06-30": "$12,103", "2017-03-31": "$12,015", "2016-12-31": "$11,437", "2016-09-30": "$11,265", "2016-06-30": "$11,250", "2016-03-31": "$10,876", "2015-12-31": "$10,676", "2015-09-30": "$10,779", "2015-06-30": "$10,713", "2015-03-31": "$10,545", "2014-12-31": "$10,193", "2014-09-30": "$9,661", "2014-06-30": "$9,712", "2014-03-31": "$9,676", "2013-12-31": "$9,723", "2013-09-30": "$10,003", "2013-06-30": "$8,960", "2013-03-31": "$9,168", "2012-12-31": "$9,607", "2012-09-30": "$9,515", "2012-06-30": "$9,620", "2012-03-31": "$9,765", "2011-12-31": "$9,863", "2011-09-30": "$9,944", "2011-06-30": "$10,219", "2011-03-31": "$10,124", "2010-12-31": "$11,533", "2010-09-30": "$11,528", "2010-06-30": "$11,390", "2010-03-31": "$11,526", "2009-12-31": "$11,788", "2008-12-31": "$0"}}, "total-share-holder-equity": {"Nielsen Holdings Plc Annual Share Holder Equity (Millions of US $)": {"2019": "$2,388", "2018": "$3,043", "2017": "$4,443", "2016": "$4,293", "2015": "$4,627", "2014": "$5,133", "2013": "$5,807", "2012": "$4,978", "2011": "$4,641", "2010": "$2,896", "2009": "$2,812", "2008": "$0"}, "Nielsen Holdings Plc Quarterly Share Holder Equity (Millions of US $)": {"2020-09-30": "$2,220", "2020-06-30": "$2,207", "2020-03-31": "$2,231", "2019-12-31": "$2,388", "2019-09-30": "$2,353", "2019-06-30": "$2,988", "2019-03-31": "$2,989", "2018-12-31": "$3,043", "2018-09-30": "$4,215", "2018-06-30": "$4,245", "2018-03-31": "$4,458", "2017-12-31": "$4,443", "2017-09-30": "$4,460", "2017-06-30": "$4,391", "2017-03-31": "$4,317", "2016-12-31": "$4,293", "2016-09-30": "$4,435", "2016-06-30": "$4,468", "2016-03-31": "$4,712", "2015-12-31": "$4,627", "2015-09-30": "$4,498", "2015-06-30": "$4,752", "2015-03-31": "$4,843", "2014-12-31": "$5,133", "2014-09-30": "$5,700", "2014-06-30": "$5,844", "2014-03-31": "$5,797", "2013-12-31": "$5,807", "2013-09-30": "$5,712", "2013-06-30": "$5,580", "2013-03-31": "$5,248", "2012-12-31": "$4,978", "2012-09-30": "$4,981", "2012-06-30": "$4,785", "2012-03-31": "$4,772", "2011-12-31": "$4,641", "2011-09-30": "$4,554", "2011-06-30": "$4,651", "2011-03-31": "$4,566", "2010-12-31": "$2,896", "2010-09-30": "$2,893", "2010-06-30": "$2,793", "2010-03-31": "$2,806", "2009-12-31": "$2,812", "2008-12-31": "$0"}}, "profit-margins": {"current": "-2.38%"}, "gross margin": {"2020-09-30": "55.90%", "2020-06-30": "55.78%", "2020-03-31": "56.14%", "2019-12-31": "56.57%", "2019-09-30": "56.77%", "2019-06-30": "56.86%", "2019-03-31": "57.00%", "2018-12-31": "56.95%", "2018-09-30": "57.21%", "2018-06-30": "57.31%", "2018-03-31": "57.59%", "2017-12-31": "57.93%", "2017-09-30": "58.23%", "2017-06-30": "58.55%", "2017-03-31": "58.62%", "2016-12-31": "58.68%", "2016-09-30": "58.72%", "2016-06-30": "58.90%", "2016-03-31": "58.75%", "2015-12-31": "58.86%", "2015-09-30": "58.94%", "2015-06-30": "58.68%", "2015-03-31": "58.45%", "2014-12-31": "58.33%", "2014-09-30": "57.98%", "2014-06-30": "57.93%", "2014-03-31": "58.10%", "2013-12-31": "57.95%", "2013-09-30": "58.08%", "2013-06-30": "58.22%", "2013-03-31": "58.46%", "2012-12-31": "58.85%", "2012-09-30": "58.47%", "2012-06-30": "58.88%", "2012-03-31": "58.90%", "2011-12-31": "58.93%", "2011-09-30": "59.27%", "2011-06-30": "58.94%", "2011-03-31": "58.75%", "2010-12-31": "58.47%"}, "operating margin": {"2020-09-30": "8.31%", "2020-06-30": "-6.13%", "2020-03-31": "-2.60%", "2019-12-31": "-1.43%", "2019-09-30": "-23.02%", "2019-06-30": "-7.55%", "2019-03-31": "-7.85%", "2018-12-31": "-7.29%", "2018-09-30": "15.87%", "2018-06-30": "16.86%", "2018-03-31": "18.27%", "2017-12-31": "18.47%", "2017-09-30": "18.37%", "2017-06-30": "17.98%", "2017-03-31": "17.50%", "2016-12-31": "17.91%", "2016-09-30": "17.72%", "2016-06-30": "17.86%", "2016-03-31": "18.03%", "2015-12-31": "17.71%", "2015-09-30": "17.65%", "2015-06-30": "17.74%", "2015-03-31": "17.50%", "2014-12-31": "17.32%", "2014-09-30": "16.26%", "2014-06-30": "15.64%", "2014-03-31": "15.53%", "2013-12-31": "15.10%", "2013-09-30": "15.95%", "2013-06-30": "16.08%", "2013-03-31": "16.04%", "2012-12-31": "16.28%", "2012-09-30": "15.68%", "2012-06-30": "15.89%", "2012-03-31": "15.52%", "2011-12-31": "13.63%", "2011-09-30": "13.66%", "2011-06-30": "12.78%", "2011-03-31": "12.40%", "2010-12-31": "14.24%"}, "ebitda margin": {"2020-09-30": "22.79%", "2020-06-30": "23.40%", "2020-03-31": "25.04%", "2019-12-31": "25.65%", "2019-09-30": "25.52%", "2019-06-30": "25.37%", "2019-03-31": "24.61%", "2018-12-31": "24.76%", "2018-09-30": "25.94%", "2018-06-30": "26.66%", "2018-03-31": "28.06%", "2017-12-31": "28.21%", "2017-09-30": "28.11%", "2017-06-30": "27.69%", "2017-03-31": "27.13%", "2016-12-31": "27.47%", "2016-09-30": "27.15%", "2016-06-30": "27.24%", "2016-03-31": "27.37%", "2015-12-31": "27.01%", "2015-09-30": "27.03%", "2015-06-30": "26.98%", "2015-03-31": "26.67%", "2014-12-31": "26.43%", "2014-09-30": "25.38%", "2014-06-30": "24.67%", "2014-03-31": "24.62%", "2013-12-31": "24.23%", "2013-09-30": "25.22%", "2013-06-30": "25.64%", "2013-03-31": "25.63%", "2012-12-31": "25.89%", "2012-09-30": "25.61%", "2012-06-30": "25.61%", "2012-03-31": "25.30%", "2011-12-31": "23.55%", "2011-09-30": "23.42%", "2011-06-30": "23.09%", "2011-03-31": "22.97%", "2010-12-31": "25.13%"}, "pre tax profit margin": {"2020-09-30": "-0.48%", "2020-06-30": "-15.04%", "2020-03-31": "-11.46%", "2019-12-31": "-10.20%", "2019-09-30": "-29.30%", "2019-06-30": "-13.79%", "2019-03-31": "-14.18%", "2018-12-31": "-13.54%", "2018-09-30": "9.64%", "2018-06-30": "10.86%", "2018-03-31": "12.41%", "2017-12-31": "12.60%", "2017-09-30": "13.04%", "2017-06-30": "12.74%", "2017-03-31": "12.40%", "2016-12-31": "12.93%", "2016-09-30": "15.74%", "2016-06-30": "16.01%", "2016-03-31": "16.21%", "2015-12-31": "15.57%", "2015-09-30": "11.75%", "2015-06-30": "11.06%", "2015-03-31": "10.15%", "2014-12-31": "9.88%", "2014-09-30": "9.10%", "2014-06-30": "9.11%", "2014-03-31": "9.64%", "2013-12-31": "9.12%", "2013-09-30": "7.58%", "2013-06-30": "7.16%", "2013-03-31": "6.73%", "2012-12-31": "6.64%", "2012-09-30": "8.37%", "2012-06-30": "8.35%", "2012-03-31": "7.71%", "2011-12-31": "1.20%", "2011-09-30": "-2.10%", "2011-06-30": "-4.50%", "2011-03-31": "-4.93%", "2010-12-31": "2.01%"}, "net profit margin": {"2020-09-30": "-2.38%", "2020-06-30": "-9.89%", "2020-03-31": "-7.33%", "2019-12-31": "-6.39%", "2019-09-30": "-19.46%", "2019-06-30": "-10.70%", "2019-03-31": "-11.46%", "2018-12-31": "-10.93%", "2018-09-30": "4.85%", "2018-06-30": "5.57%", "2018-03-31": "6.46%", "2017-12-31": "6.53%", "2017-09-30": "7.84%", "2017-06-30": "7.68%", "2017-03-31": "7.45%", "2016-12-31": "7.96%", "2016-09-30": "9.46%", "2016-06-30": "9.71%", "2016-03-31": "9.79%", "2015-12-31": "9.24%", "2015-09-30": "7.77%", "2015-06-30": "6.89%", "2015-03-31": "6.22%", "2014-12-31": "6.11%", "2014-09-30": "5.87%", "2014-06-30": "6.76%", "2014-03-31": "12.99%", "2013-12-31": "12.98%", "2013-09-30": "11.59%", "2013-06-30": "11.13%", "2013-03-31": "5.25%", "2012-12-31": "5.05%", "2012-09-30": "6.27%", "2012-06-30": "6.14%", "2012-03-31": "5.43%", "2011-12-31": "1.58%", "2011-09-30": "-0.15%", "2011-06-30": "-1.85%", "2011-03-31": "-1.80%", "2010-12-31": "2.54%"}, "pe ratio": {"current": "16.09", "2021-02-05": "0.00", "2020-09-30": "0.00", "2020-06-30": "0.00", "2020-03-31": "0.00", "2019-12-31": "0.00", "2019-09-30": "0.00", "2019-06-30": "0.00", "2019-03-31": "0.00", "2018-12-31": "0.00", "2018-09-30": "28.46", "2018-06-30": "27.18", "2018-03-31": "23.73", "2017-12-31": "26.90", "2017-09-30": "25.85", "2017-06-30": "24.78", "2017-03-31": "27.45", "2016-12-31": "26.28", "2016-09-30": "28.38", "2016-06-30": "27.04", "2016-03-31": "27.24", "2015-12-31": "25.53", "2015-09-30": "29.14", "2015-06-30": "32.72", "2015-03-31": "36.18", "2014-12-31": "36.83", "2014-09-30": "37.79", "2014-06-30": "36.83", "2014-03-31": "18.07", "2013-12-31": "19.07", "2013-09-30": "17.51", "2013-06-30": "16.64", "2013-03-31": "36.94", "2012-12-31": "32.23", "2012-09-30": "26.33", "2012-06-30": "23.28", "2012-03-31": "29.77", "2011-12-31": "130.35"}, "price sales": {"2021-02-05": "1.28", "2020-09-30": "0.80", "2020-06-30": "0.83", "2020-03-31": "0.68", "2019-12-31": "1.10", "2019-09-30": "1.15", "2019-06-30": "1.21", "2019-03-31": "1.24", "2018-12-31": "1.20", "2018-09-30": "1.38", "2018-06-30": "1.52", "2018-03-31": "1.54", "2017-12-31": "1.77", "2017-09-30": "2.04", "2017-06-30": "1.91", "2017-03-31": "2.05", "2016-12-31": "2.08", "2016-09-30": "2.67", "2016-06-30": "2.61", "2016-03-31": "2.66", "2015-12-31": "2.37", "2015-09-30": "2.27", "2015-06-30": "2.28", "2015-03-31": "2.26", "2014-12-31": "2.26", "2014-09-30": "2.22", "2014-06-30": "2.48", "2014-03-31": "2.35", "2013-12-31": "2.47", "2013-09-30": "2.01", "2013-06-30": "1.84", "2013-03-31": "1.94", "2012-12-31": "1.64", "2012-09-30": "1.64", "2012-06-30": "1.42", "2012-03-31": "1.61", "2011-12-31": "1.56"}, "price book": {"current": "3.65", "2021-02-05": "3.65", "2020-09-30": "2.27", "2020-06-30": "2.38", "2020-03-31": "1.98", "2019-12-31": "2.98", "2019-09-30": "3.16", "2019-06-30": "2.60", "2019-03-31": "2.68", "2018-12-31": "2.56", "2018-09-30": "2.16", "2018-06-30": "2.36", "2018-03-31": "2.29", "2017-12-31": "2.61", "2017-09-30": "2.93", "2017-06-30": "2.76", "2017-03-31": "2.98", "2016-12-31": "3.02", "2016-09-30": "3.71", "2016-06-30": "3.55", "2016-03-31": "3.42", "2015-12-31": "3.08", "2015-09-30": "3.02", "2015-06-30": "2.88", "2015-03-31": "2.82", "2014-12-31": "2.67", "2014-09-30": "2.43", "2014-06-30": "2.56", "2014-03-31": "2.36", "2013-12-31": "2.41", "2013-09-30": "1.93", "2013-06-30": "1.81", "2013-03-31": "2.03", "2012-12-31": "1.76", "2012-09-30": "1.72", "2012-06-30": "1.56", "2012-03-31": "1.80", "2011-12-31": "1.82", "2011-09-30": "1.63", "2011-06-30": "1.90", "2011-03-31": "1.69"}, "price fcf": {"2021-02-05": "", "2020-09-30": "$2.93", "2020-06-30": "$2.93", "2020-03-31": "$2.85", "2019-12-31": "$2.67", "2019-09-30": "$2.94", "2019-06-30": "$2.85", "2019-03-31": "$2.88", "2018-12-31": "$2.69", "2018-09-30": "$2.54", "2018-06-30": "$2.94", "2018-03-31": "$2.98", "2017-12-31": "$3.44", "2017-09-30": "$3.71", "2017-06-30": "$3.46", "2017-03-31": "$3.30", "2016-12-31": "$3.39", "2016-09-30": "$2.86", "2016-06-30": "$2.82", "2016-03-31": "$2.90", "2015-12-31": "$2.92", "2015-09-30": "$2.79", "2015-06-30": "$2.55", "2015-03-31": "$2.40", "2014-12-31": "$2.42", "2014-09-30": "$2.26", "2014-06-30": "$2.13", "2014-03-31": "$2.10", "2013-12-31": "$2.02", "2013-09-30": "$2.08", "2013-06-30": "$2.15", "2013-03-31": "$2.02", "2012-12-31": "$1.78", "2012-09-30": "$1.61", "2012-06-30": "$1.46", "2012-03-31": "$1.39", "2011-12-31": "$1.30"}, "net worth": {"value": "$8.1B"}, "current ratio": {"current": "1.10", "2020-09-30": "1.10", "2020-06-30": "1.18", "2020-03-31": "0.78", "2019-12-31": "0.79", "2019-09-30": "1.10", "2019-06-30": "1.07", "2019-03-31": "1.07", "2018-12-31": "1.21", "2018-09-30": "1.14", "2018-06-30": "1.19", "2018-03-31": "1.23", "2017-12-31": "1.35", "2017-09-30": "1.41", "2017-06-30": "1.41", "2017-03-31": "1.29", "2016-12-31": "1.39", "2016-09-30": "1.02", "2016-06-30": "0.84", "2016-03-31": "1.37", "2015-12-31": "1.13", "2015-09-30": "1.20", "2015-06-30": "1.30", "2015-03-31": "1.44", "2014-12-31": "1.12", "2014-09-30": "1.29", "2014-06-30": "1.32", "2014-03-31": "1.26", "2013-12-31": "1.39", "2013-09-30": "1.25", "2013-06-30": "1.66", "2013-03-31": "0.98", "2012-12-31": "0.96", "2012-09-30": "0.93", "2012-06-30": "1.01", "2012-03-31": "0.98", "2011-12-31": "0.98", "2011-09-30": "1.01", "2011-06-30": "1.00", "2011-03-31": "1.04", "2010-12-31": "1.03", "2010-09-30": "1.12", "2010-06-30": "1.06", "2010-03-31": "1.03", "2009-12-31": "1.01", "2008-12-31": "0.00"}, "quick ratio": {"2020-09-30": "0.00", "2020-06-30": "0.00", "2020-03-31": "0.00", "2019-12-31": "0.00", "2019-09-30": "0.00", "2019-06-30": "0.00", "2019-03-31": "0.00", "2018-12-31": "0.00", "2018-09-30": "0.00", "2018-06-30": "0.00", "2018-03-31": "0.00", "2017-12-31": "0.00", "2017-09-30": "0.00", "2017-06-30": "0.00", "2017-03-31": "0.00", "2016-12-31": "0.00", "2016-09-30": "0.00", "2016-06-30": "0.00", "2016-03-31": "0.00", "2015-12-31": "0.00", "2015-09-30": "0.00", "2015-06-30": "0.00", "2015-03-31": "0.00", "2014-12-31": "0.00", "2014-09-30": "0.00", "2014-06-30": "0.00", "2014-03-31": "0.00", "2013-12-31": "0.00", "2013-09-30": "0.00", "2013-06-30": "0.00", "2013-03-31": "0.00", "2012-12-31": "0.00", "2012-09-30": "0.00", "2012-06-30": "0.00", "2012-03-31": "0.00", "2011-12-31": "0.00", "2011-09-30": "0.00", "2011-06-30": "0.00", "2011-03-31": "0.00", "2010-12-31": "0.00", "2010-09-30": "0.00", "2010-06-30": "0.00", "2010-03-31": "0.00", "2009-12-31": "0.00", "2008-12-31": "0.00"}, "debt equity ratio": {"current": "3.66", "2020-09-30": "6.11", "2020-06-30": "5.40", "2020-03-31": "5.36", "2019-12-31": "5.00", "2019-09-30": "5.10", "2019-06-30": "4.22", "2019-03-31": "4.27", "2018-12-31": "3.99", "2018-09-30": "2.95", "2018-06-30": "2.93", "2018-03-31": "2.80", "2017-12-31": "2.80", "2017-09-30": "2.72", "2017-06-30": "2.76", "2017-03-31": "2.78", "2016-12-31": "2.66", "2016-09-30": "2.54", "2016-06-30": "2.52", "2016-03-31": "2.31", "2015-12-31": "2.31", "2015-09-30": "2.40", "2015-06-30": "2.25", "2015-03-31": "2.18", "2014-12-31": "1.99", "2014-09-30": "1.70", "2014-06-30": "1.66", "2014-03-31": "1.67", "2013-12-31": "1.67", "2013-09-30": "1.75", "2013-06-30": "1.61", "2013-03-31": "1.75", "2012-12-31": "1.93", "2012-09-30": "1.91", "2012-06-30": "2.01", "2012-03-31": "2.05", "2011-12-31": "2.13", "2011-09-30": "2.18", "2011-06-30": "2.20", "2011-03-31": "2.22", "2010-12-31": "3.98", "2010-09-30": "3.99", "2010-06-30": "4.08", "2010-03-31": "4.11", "2009-12-31": "4.19", "2008-12-31": "0.00"}, "return on equity": {"2020-09-30": "-6.63%", "2020-06-30": "-27.41%", "2020-03-31": "-19.12%", "2019-12-31": "-15.49%", "2019-09-30": "-44.25%", "2019-06-30": "-20.85%", "2019-03-31": "-20.45%", "2018-12-31": "-17.84%", "2018-09-30": "7.40%", "2018-06-30": "8.43%", "2018-03-31": "9.69%", "2017-12-31": "9.74%", "2017-09-30": "11.61%", "2017-06-30": "11.26%", "2017-03-31": "10.80%", "2016-12-31": "11.21%", "2016-09-30": "13.02%", "2016-06-30": "13.24%", "2016-03-31": "13.06%", "2015-12-31": "12.18%", "2015-09-30": "9.99%", "2015-06-30": "8.40%", "2015-03-31": "7.23%", "2014-12-31": "6.83%", "2014-09-30": "6.36%", "2014-06-30": "7.10%", "2014-03-31": "13.33%", "2013-12-31": "13.25%", "2013-09-30": "11.79%", "2013-06-30": "11.64%", "2013-03-31": "5.66%", "2012-12-31": "5.60%", "2012-09-30": "6.86%", "2012-06-30": "6.95%", "2012-03-31": "6.25%", "2011-12-31": "1.82%", "2011-09-30": "-0.19%", "2011-06-30": "-2.64%", "2011-03-31": "-2.86%", "2010-12-31": "4.57%"}, "return on assets": {"2020-09-30": "-1.03%", "2020-06-30": "-4.42%", "2020-03-31": "-3.26%", "2019-12-31": "-2.77%", "2019-09-30": "-8.27%", "2019-06-30": "-4.37%", "2019-03-31": "-4.61%", "2018-12-31": "-4.35%", "2018-09-30": "1.91%", "2018-06-30": "2.21%", "2018-03-31": "2.57%", "2017-12-31": "2.59%", "2017-09-30": "3.11%", "2017-06-30": "3.06%", "2017-03-31": "2.98%", "2016-12-31": "3.20%", "2016-09-30": "3.81%", "2016-06-30": "3.92%", "2016-03-31": "3.94%", "2015-12-31": "3.71%", "2015-09-30": "3.12%", "2015-06-30": "2.79%", "2015-03-31": "2.52%", "2014-12-31": "2.49%", "2014-09-30": "2.38%", "2014-06-30": "2.64%", "2014-03-31": "4.98%", "2013-12-31": "4.92%", "2013-09-30": "4.28%", "2013-06-30": "4.17%", "2013-03-31": "1.96%", "2012-12-31": "1.88%", "2012-09-30": "2.27%", "2012-06-30": "2.25%", "2012-03-31": "1.99%", "2011-12-31": "0.57%", "2011-09-30": "-0.05%", "2011-06-30": "-0.68%", "2011-03-31": "-0.65%", "2010-12-31": "0.91%"}, "return on investments": {"2020-09-30": "5.23%", "2020-06-30": "-3.88%", "2020-03-31": "-1.64%", "2019-12-31": "-0.87%", "2019-09-30": "-13.43%", "2019-06-30": "-4.21%", "2019-03-31": "-4.27%", "2018-12-31": "-3.87%", "2018-09-30": "8.30%", "2018-06-30": "8.82%", "2018-03-31": "9.51%", "2017-12-31": "9.54%", "2017-09-30": "9.48%", "2017-06-30": "9.37%", "2017-03-31": "9.31%", "2016-12-31": "9.53%", "2016-09-30": "9.45%", "2016-06-30": "9.51%", "2016-03-31": "9.45%", "2015-12-31": "9.27%", "2015-09-30": "9.27%", "2015-06-30": "9.27%", "2015-03-31": "9.09%", "2014-12-31": "9.00%", "2014-09-30": "8.29%", "2014-06-30": "7.73%", "2014-03-31": "7.55%", "2013-12-31": "7.29%", "2013-09-30": "7.57%", "2013-06-30": "7.75%", "2013-03-31": "7.70%", "2012-12-31": "7.81%", "2012-09-30": "7.29%", "2012-06-30": "7.45%", "2012-03-31": "7.30%", "2011-12-31": "6.33%", "2011-09-30": "6.52%", "2011-06-30": "5.95%", "2011-03-31": "5.69%", "2010-12-31": "6.45%"}, "return on tangible equity": {"2020-09-30": "1.77%", "2020-06-30": "7.39%", "2020-03-31": "5.51%", "2019-12-31": "4.73%", "2019-09-30": "14.16%", "2019-06-30": "7.60%", "2019-03-31": "8.11%", "2018-12-31": "7.77%", "2018-09-30": "-3.49%", "2018-06-30": "-4.07%", "2018-03-31": "-4.76%", "2017-12-31": "-4.77%", "2017-09-30": "-5.77%", "2017-06-30": "-5.68%", "2017-03-31": "-5.57%", "2016-12-31": "-6.09%", "2016-09-30": "-7.28%", "2016-06-30": "-7.57%", "2016-03-31": "-7.76%", "2015-12-31": "-7.39%", "2015-09-30": "-6.36%", "2015-06-30": "-5.89%", "2015-03-31": "-5.50%", "2014-12-31": "-5.57%", "2014-09-30": "-5.46%", "2014-06-30": "-6.07%", "2014-03-31": "-11.85%", "2013-12-31": "-11.60%", "2013-09-30": "-9.83%", "2013-06-30": "-9.37%", "2013-03-31": "-4.14%", "2012-12-31": "-3.94%", "2012-09-30": "-4.72%", "2012-06-30": "-4.62%", "2012-03-31": "-4.08%", "2011-12-31": "-1.17%", "2011-09-30": "0.10%", "2011-06-30": "1.23%", "2011-03-31": "1.12%", "2010-12-31": "-1.47%"}, "dividend yield history": {"last payout": "$0.24", "last yield": "1.06%"}}