{"ticker": "NKE", "price": {"title": "NIKE Historical Annual Stock Price Data", "value": 145.11, "historical": {"2021": {"Average Stock Price": "140.2842", "Year Open": "140.1000", "Year High": "147.0500", "Year Low": "131.0200", "Year Close": "145.1100", "Annual % Change": "2.57%"}, "2020": {"Average Stock Price": "106.4546", "Year Open": "102.2000", "Year High": "144.0200", "Year Low": "62.8000", "Year Close": "141.4700", "Annual % Change": "39.64%"}, "2019": {"Average Stock Price": "86.7334", "Year Open": "74.0600", "Year High": "101.5700", "Year Low": "72.7500", "Year Close": "101.3100", "Annual % Change": "36.65%"}, "2018": {"Average Stock Price": "72.9388", "Year Open": "63.4900", "Year High": "85.5500", "Year Low": "62.4900", "Year Close": "74.1400", "Annual % Change": "18.53%"}, "2017": {"Average Stock Price": "55.7060", "Year Open": "51.9800", "Year High": "64.8100", "Year Low": "50.8300", "Year Close": "62.5500", "Annual % Change": "23.06%"}, "2016": {"Average Stock Price": "56.2473", "Year Open": "61.5200", "Year High": "64.9000", "Year Low": "49.6200", "Year Close": "50.8300", "Annual % Change": "-18.67%"}, "2015": {"Average Stock Price": "55.1266", "Year Open": "47.5150", "Year High": "67.1650", "Year Low": "45.5850", "Year Close": "62.5000", "Annual % Change": "30.01%"}, "2014": {"Average Stock Price": "40.4344", "Year Open": "39.1200", "Year High": "49.6650", "Year Low": "35.2550", "Year Close": "48.0750", "Annual % Change": "22.27%"}, "2013": {"Average Stock Price": "32.3958", "Year Open": "25.9200", "Year High": "39.9300", "Year Low": "25.9200", "Year Close": "39.3200", "Annual % Change": "52.40%"}, "2012": {"Average Stock Price": "25.2291", "Year Open": "24.2025", "Year High": "28.6000", "Year Low": "21.9450", "Year Close": "25.8000", "Annual % Change": "7.09%"}, "2011": {"Average Stock Price": "21.6823", "Year Open": "21.5225", "Year High": "24.4425", "Year Low": "18.8625", "Year Close": "24.0925", "Annual % Change": "12.82%"}, "2010": {"Average Stock Price": "18.6400", "Year Open": "16.3375", "Year High": "23.0750", "Year Low": "15.3250", "Year Close": "21.3550", "Annual % Change": "29.29%"}, "2009": {"Average Stock Price": "13.6985", "Year Open": "13.2650", "Year High": "16.5525", "Year Low": "9.6425", "Year Close": "16.5175", "Annual % Change": "29.55%"}, "2008": {"Average Stock Price": "15.0152", "Year Open": "15.8200", "Year High": "17.5175", "Year Low": "10.9025", "Year Close": "12.7500", "Annual % Change": "-20.61%"}, "2007": {"Average Stock Price": "14.1544", "Year Open": "12.2088", "Year High": "16.7500", "Year Low": "11.9000", "Year Close": "16.0600", "Annual % Change": "29.74%"}, "2006": {"Average Stock Price": "10.6632", "Year Open": "10.7438", "Year High": "12.5363", "Year Low": "9.5250", "Year Close": "12.3788", "Annual % Change": "14.10%"}, "2005": {"Average Stock Price": "10.5025", "Year Open": "11.3363", "Year High": "11.4300", "Year Low": "9.4825", "Year Close": "10.8488", "Annual % Change": "-4.30%"}, "2004": {"Average Stock Price": "9.4852", "Year Open": "8.4513", "Year High": "11.4625", "Year Low": "8.2563", "Year Close": "11.3363", "Annual % Change": "32.47%"}, "2003": {"Average Stock Price": "6.8808", "Year Open": "5.7625", "Year High": "8.5575", "Year Low": "5.3000", "Year Close": "8.5575", "Annual % Change": "53.95%"}, "2002": {"Average Stock Price": "6.3656", "Year Open": "7.1150", "Year High": "7.9988", "Year Low": "4.9150", "Year Close": "5.5588", "Annual % Change": "-20.93%"}, "2001": {"Average Stock Price": "5.8613", "Year Open": "6.7663", "Year High": "7.4300", "Year Low": "4.5375", "Year Close": "7.0300", "Annual % Change": "0.77%"}, "2000": {"Average Stock Price": "5.1728", "Year Open": "6.0150", "Year High": "7.0938", "Year Low": "3.3200", "Year Close": "6.9763", "Annual % Change": "12.61%"}, "1999": {"Average Stock Price": "6.6908", "Year Open": "5.1638", "Year High": "8.1875", "Year Low": "4.9300", "Year Close": "6.1950", "Annual % Change": "22.19%"}, "1998": {"Average Stock Price": "5.3505", "Year Open": "5.0075", "Year High": "6.5313", "Year Low": "3.9688", "Year Close": "5.0700", "Annual % Change": "3.84%"}, "1997": {"Average Stock Price": "7.1543", "Year Open": "7.4538", "Year High": "9.4688", "Year Low": "4.8363", "Year Close": "4.8825", "Annual % Change": "-34.90%"}, "1996": {"Average Stock Price": "6.1158", "Year Open": "4.4450", "Year High": "7.7975", "Year Low": "3.9766", "Year Close": "7.5000", "Annual % Change": "72.34%"}, "1995": {"Average Stock Price": "2.8417", "Year Open": "2.2500", "Year High": "4.3750", "Year Low": "2.1641", "Year Close": "4.3519", "Annual % Change": "86.60%"}, "1994": {"Average Stock Price": "1.8440", "Year Open": "1.4609", "Year High": "2.3828", "Year Low": "1.4609", "Year Close": "2.3322", "Annual % Change": "61.36%"}, "1993": {"Average Stock Price": "1.9372", "Year Open": "2.6016", "Year High": "2.7422", "Year Low": "1.3556", "Year Close": "1.4453", "Annual % Change": "-44.28%"}, "1992": {"Average Stock Price": "2.2500", "Year Open": "2.2697", "Year High": "2.7775", "Year Low": "1.7266", "Year Close": "2.5938", "Annual % Change": "15.07%"}, "1991": {"Average Stock Price": "1.5008", "Year Open": "1.2500", "Year High": "2.3281", "Year Low": "1.1094", "Year Close": "2.2541", "Annual % Change": "79.21%"}, "1990": {"Average Stock Price": "1.0628", "Year Open": "0.8789", "Year High": "1.4688", "Year Low": "0.7578", "Year Close": "1.2578", "Annual % Change": "51.18%"}, "1989": {"Average Stock Price": "0.6995", "Year Open": "0.4180", "Year High": "1.0625", "Year Low": "0.4042", "Year Close": "0.8320", "Annual % Change": "100.92%"}, "1988": {"Average Stock Price": "0.4002", "Year Open": "0.3008", "Year High": "0.5313", "Year Low": "0.2753", "Year Close": "0.4141", "Annual % Change": "35.90%"}, "1987": {"Average Stock Price": "0.2744", "Year Open": "0.1836", "Year High": "0.3828", "Year Low": "0.1816", "Year Close": "0.3047", "Annual % Change": "65.96%"}, "1986": {"Average Stock Price": "0.2396", "Year Open": "0.2148", "Year High": "0.3145", "Year Low": "0.1659", "Year Close": "0.1836", "Annual % Change": "-16.85%"}, "1985": {"Average Stock Price": "0.1754", "Year Open": "0.1270", "Year High": "0.2266", "Year Low": "0.1270", "Year Close": "0.2208", "Annual % Change": "79.51%"}, "1984": {"Average Stock Price": "0.1580", "Year Open": "0.2323", "Year High": "0.2559", "Year Low": "0.1073", "Year Close": "0.1230", "Annual % Change": "-45.72%"}, "1983": {"Average Stock Price": "0.2758", "Year Open": "0.1719", "Year High": "0.3614", "Year Low": "0.1680", "Year Close": "0.2266", "Annual % Change": "28.53%"}, "1982": {"Average Stock Price": "0.1415", "Year Open": "0.1104", "Year High": "0.2163", "Year Low": "0.0972", "Year Close": "0.1763", "Annual % Change": "59.69%"}, "1981": {"Average Stock Price": "0.0853", "Year Open": "0.0840", "Year High": "0.1113", "Year Low": "0.0673", "Year Close": "0.1104", "Annual % Change": "34.63%"}}}, "market cap": {"value": "$228.76B"}, "income statement": {"Revenue": {"2020-05-31": "37403.00000", "2019-05-31": "39117.00000", "2018-05-31": "36397.00000", "2017-05-31": "34350.00000", "2016-05-31": "32376.00000", "2015-05-31": "30601.00000", "2014-05-31": "27799.00000", "2013-05-31": "25313.00000", "2012-05-31": "23331.00000", "2011-05-31": "20117.00000", "2010-05-31": "19014.00000", "2009-05-31": "19176.00000", "2008-05-31": "18627.00000", "2007-05-31": "16325.90000", "2006-05-31": "14954.90000", "2005-05-31": "13739.70000"}, "Cost Of Goods Sold": {"2020-05-31": "21162.00000", "2019-05-31": "21643.00000", "2018-05-31": "20441.00000", "2017-05-31": "19038.00000", "2016-05-31": "17405.00000", "2015-05-31": "16534.00000", "2014-05-31": "15353.00000", "2013-05-31": "14279.00000", "2012-05-31": "13183.00000", "2011-05-31": "10915.00000", "2010-05-31": "10214.00000", "2009-05-31": "10572.00000", "2008-05-31": "10239.60000", "2007-05-31": "9165.40000", "2006-05-31": "8367.90000", "2005-05-31": "7624.30000"}, "Gross Profit": {"2020-05-31": "16241.00000", "2019-05-31": "17474.00000", "2018-05-31": "15956.00000", "2017-05-31": "15312.00000", "2016-05-31": "14971.00000", "2015-05-31": "14067.00000", "2014-05-31": "12446.00000", "2013-05-31": "11034.00000", "2012-05-31": "10148.00000", "2011-05-31": "9202.00000", "2010-05-31": "8800.00000", "2009-05-31": "8604.00000", "2008-05-31": "8387.40000", "2007-05-31": "7160.50000", "2006-05-31": "6587.00000", "2005-05-31": "6115.40000"}, "Research And Development Expenses": {"2020-05-31": "", "2019-05-31": "", "2018-05-31": "", "2017-05-31": "", "2016-05-31": "", "2015-05-31": "", "2014-05-31": "", "2013-05-31": "", "2012-05-31": "", "2011-05-31": "", "2010-05-31": "", "2009-05-31": "", "2008-05-31": "", "2007-05-31": "", "2006-05-31": "", "2005-05-31": ""}, "SG&A Expenses": {"2020-05-31": "13126.00000", "2019-05-31": "12702.00000", "2018-05-31": "11511.00000", "2017-05-31": "10563.00000", "2016-05-31": "10469.00000", "2015-05-31": "9892.00000", "2014-05-31": "8766.00000", "2013-05-31": "7796.00000", "2012-05-31": "7079.00000", "2011-05-31": "6361.00000", "2010-05-31": "6326.00000", "2009-05-31": "6150.00000", "2008-05-31": "5953.70000", "2007-05-31": "5028.70000", "2006-05-31": "4477.80000", "2005-05-31": "4221.70000"}, "Other Operating Income Or Expenses": {"2020-05-31": "", "2019-05-31": "", "2018-05-31": "", "2017-05-31": "", "2016-05-31": "", "2015-05-31": "", "2014-05-31": "", "2013-05-31": "", "2012-05-31": "", "2011-05-31": "", "2010-05-31": "", "2009-05-31": "", "2008-05-31": "", "2007-05-31": "", "2006-05-31": "", "2005-05-31": ""}, "Operating Expenses": {"2020-05-31": "34288.00000", "2019-05-31": "34345.00000", "2018-05-31": "31952.00000", "2017-05-31": "29601.00000", "2016-05-31": "27874.00000", "2015-05-31": "26426.00000", "2014-05-31": "24119.00000", "2013-05-31": "22075.00000", "2012-05-31": "20262.00000", "2011-05-31": "17276.00000", "2010-05-31": "16540.00000", "2009-05-31": "17318.00000", "2008-05-31": "16193.30000", "2007-05-31": "14194.10000", "2006-05-31": "12845.70000", "2005-05-31": "11846.00000"}, "Operating Income": {"2020-05-31": "3115.00000", "2019-05-31": "4772.00000", "2018-05-31": "4445.00000", "2017-05-31": "4749.00000", "2016-05-31": "4502.00000", "2015-05-31": "4175.00000", "2014-05-31": "3680.00000", "2013-05-31": "3238.00000", "2012-05-31": "3069.00000", "2011-05-31": "2841.00000", "2010-05-31": "2474.00000", "2009-05-31": "1858.00000", "2008-05-31": "2433.70000", "2007-05-31": "2131.80000", "2006-05-31": "2109.20000", "2005-05-31": "1893.70000"}, "Total Non-Operating Income/Expense": {"2020-05-31": "-228.00000", "2019-05-31": "29.00000", "2018-05-31": "-120.00000", "2017-05-31": "137.00000", "2016-05-31": "121.00000", "2015-05-31": "30.00000", "2014-05-31": "-136.00000", "2013-05-31": "18.00000", "2012-05-31": "-58.00000", "2011-05-31": "21.00000", "2010-05-31": "43.00000", "2009-05-31": "99.00000", "2008-05-31": "69.20000", "2007-05-31": "68.10000", "2006-05-31": "32.40000", "2005-05-31": "-33.90000"}, "Pre-Tax Income": {"2020-05-31": "2887.00000", "2019-05-31": "4801.00000", "2018-05-31": "4325.00000", "2017-05-31": "4886.00000", "2016-05-31": "4623.00000", "2015-05-31": "4205.00000", "2014-05-31": "3544.00000", "2013-05-31": "3256.00000", "2012-05-31": "3011.00000", "2011-05-31": "2862.00000", "2010-05-31": "2517.00000", "2009-05-31": "1957.00000", "2008-05-31": "2502.90000", "2007-05-31": "2199.90000", "2006-05-31": "2141.60000", "2005-05-31": "1859.80000"}, "Income Taxes": {"2020-05-31": "348.00000", "2019-05-31": "772.00000", "2018-05-31": "2392.00000", "2017-05-31": "646.00000", "2016-05-31": "863.00000", "2015-05-31": "932.00000", "2014-05-31": "851.00000", "2013-05-31": "805.00000", "2012-05-31": "754.00000", "2011-05-31": "690.00000", "2010-05-31": "610.00000", "2009-05-31": "470.00000", "2008-05-31": "619.50000", "2007-05-31": "708.40000", "2006-05-31": "749.60000", "2005-05-31": "648.20000"}, "Income After Taxes": {"2020-05-31": "2539.00000", "2019-05-31": "4029.00000", "2018-05-31": "1933.00000", "2017-05-31": "4240.00000", "2016-05-31": "3760.00000", "2015-05-31": "3273.00000", "2014-05-31": "2693.00000", "2013-05-31": "2451.00000", "2012-05-31": "2257.00000", "2011-05-31": "2172.00000", "2010-05-31": "1907.00000", "2009-05-31": "1487.00000", "2008-05-31": "1883.40000", "2007-05-31": "1491.50000", "2006-05-31": "1392.00000", "2005-05-31": "1211.60000"}, "Other Income": {"2020-05-31": "", "2019-05-31": "", "2018-05-31": "", "2017-05-31": "", "2016-05-31": "", "2015-05-31": "", "2014-05-31": "", "2013-05-31": "", "2012-05-31": "", "2011-05-31": "", "2010-05-31": "", "2009-05-31": "", "2008-05-31": "", "2007-05-31": "", "2006-05-31": "", "2005-05-31": ""}, "Income From Continuous Operations": {"2020-05-31": "2539.00000", "2019-05-31": "4029.00000", "2018-05-31": "1933.00000", "2017-05-31": "4240.00000", "2016-05-31": "3760.00000", "2015-05-31": "3273.00000", "2014-05-31": "2693.00000", "2013-05-31": "2451.00000", "2012-05-31": "2257.00000", "2011-05-31": "2172.00000", "2010-05-31": "1907.00000", "2009-05-31": "1487.00000", "2008-05-31": "1883.40000", "2007-05-31": "1491.50000", "2006-05-31": "1392.00000", "2005-05-31": "1211.60000"}, "Income From Discontinued Operations": {"2020-05-31": "", "2019-05-31": "", "2018-05-31": "", "2017-05-31": "", "2016-05-31": "", "2015-05-31": "", "2014-05-31": "", "2013-05-31": "21.00000", "2012-05-31": "-46.00000", "2011-05-31": "-39.00000", "2010-05-31": "", "2009-05-31": "", "2008-05-31": "", "2007-05-31": "", "2006-05-31": "", "2005-05-31": ""}, "Net Income": {"2020-05-31": "2539.00000", "2019-05-31": "4029.00000", "2018-05-31": "1933.00000", "2017-05-31": "4240.00000", "2016-05-31": "3760.00000", "2015-05-31": "3273.00000", "2014-05-31": "2693.00000", "2013-05-31": "2472.00000", "2012-05-31": "2211.00000", "2011-05-31": "2133.00000", "2010-05-31": "1907.00000", "2009-05-31": "1487.00000", "2008-05-31": "1883.40000", "2007-05-31": "1491.50000", "2006-05-31": "1392.00000", "2005-05-31": "1211.60000"}, "EBITDA": {"2020-05-31": "4234.00000", "2019-05-31": "5492.00000", "2018-05-31": "5219.00000", "2017-05-31": "5465.00000", "2016-05-31": "5164.00000", "2015-05-31": "4824.00000", "2014-05-31": "4266.00000", "2013-05-31": "3740.00000", "2012-05-31": "3465.00000", "2011-05-31": "3199.00000", "2010-05-31": "2870.00000", "2009-05-31": "2642.00000", "2008-05-31": "2755.20000", "2007-05-31": "2402.00000", "2006-05-31": "2388.30000", "2005-05-31": "2176.50000"}, "EBIT": {"2020-05-31": "3115.00000", "2019-05-31": "4772.00000", "2018-05-31": "4445.00000", "2017-05-31": "4749.00000", "2016-05-31": "4502.00000", "2015-05-31": "4175.00000", "2014-05-31": "3680.00000", "2013-05-31": "3238.00000", "2012-05-31": "3069.00000", "2011-05-31": "2841.00000", "2010-05-31": "2474.00000", "2009-05-31": "1858.00000", "2008-05-31": "2433.70000", "2007-05-31": "2131.80000", "2006-05-31": "2109.20000", "2005-05-31": "1893.70000"}, "Basic Shares Outstanding": {"2020-05-31": "1558.80000", "2019-05-31": "1579.70000", "2018-05-31": "1623.80000", "2017-05-31": "1657.80000", "2016-05-31": "1697.90000", "2015-05-31": "1723.50000", "2014-05-31": "1766.70000", "2013-05-31": "1794.60000", "2012-05-31": "1840.00000", "2011-05-31": "1902.20000", "2010-05-31": "1942.00000", "2009-05-31": "1939.60000", "2008-05-31": "1982.40000", "2007-05-31": "2015.20000", "2006-05-31": "2072.00000", "2005-05-31": "2100.80000"}, "Shares Outstanding": {"2020-05-31": "1591.60000", "2019-05-31": "1618.40000", "2018-05-31": "1659.10000", "2017-05-31": "1692.00000", "2016-05-31": "1742.50000", "2015-05-31": "1768.80000", "2014-05-31": "1811.60000", "2013-05-31": "1832.80000", "2012-05-31": "1879.20000", "2011-05-31": "1942.60000", "2010-05-31": "1975.60000", "2009-05-31": "1962.80000", "2008-05-31": "2016.40000", "2007-05-31": "2039.60000", "2006-05-31": "2110.40000", "2005-05-31": "2162.40000"}, "Basic EPS": {"2020-05-31": "1.63000", "2019-05-31": "2.55000", "2018-05-31": "1.19000", "2017-05-31": "2.56000", "2016-05-31": "2.21000", "2015-05-31": "1.90000", "2014-05-31": "1.52000", "2013-05-31": "1.38000", "2012-05-31": "1.20000", "2011-05-31": "1.12000", "2010-05-31": "0.98250", "2009-05-31": "0.76750", "2008-05-31": "0.95000", "2007-05-31": "0.74000", "2006-05-31": "0.67250", "2005-05-31": "0.57750"}, "EPS - Earnings Per Share": {"2020-05-31": "1.60000", "2019-05-31": "2.49000", "2018-05-31": "1.17000", "2017-05-31": "2.51000", "2016-05-31": "2.16000", "2015-05-31": "1.85000", "2014-05-31": "1.49000", "2013-05-31": "1.35000", "2012-05-31": "1.17500", "2011-05-31": "1.10000", "2010-05-31": "0.96500", "2009-05-31": "0.75750", "2008-05-31": "0.93500", "2007-05-31": "0.73250", "2006-05-31": "0.66000", "2005-05-31": "0.56000"}}, "income statement, quarterly": {"Revenue": {"2020-11-30": "11243.00000", "2020-08-31": "10594.00000", "2020-05-31": "6313.00000", "2020-02-29": "10104.00000", "2019-11-30": "10326.00000", "2019-08-31": "10660.00000", "2019-05-31": "10184.00000", "2019-02-28": "9611.00000", "2018-11-30": "9374.00000", "2018-08-31": "9948.00000", "2018-05-31": "9789.00000", "2018-02-28": "8984.00000", "2017-11-30": "8554.00000", "2017-08-31": "9070.00000", "2017-05-31": "8677.00000", "2017-02-28": "8432.00000", "2016-11-30": "8180.00000", "2016-08-31": "9061.00000", "2016-05-31": "8244.00000", "2016-02-29": "8032.00000", "2015-11-30": "7686.00000", "2015-08-31": "8414.00000", "2015-05-31": "7779.00000", "2015-02-28": "7460.00000", "2014-11-30": "7380.00000", "2014-08-31": "7982.00000", "2014-05-31": "7425.00000", "2014-02-28": "6972.00000", "2013-11-30": "6431.00000", "2013-08-31": "6971.00000", "2013-05-31": "6697.00000", "2013-02-28": "6187.00000", "2012-11-30": "5955.00000", "2012-08-31": "6474.00000", "2012-05-31": "6048.00000", "2012-02-29": "5656.00000", "2011-11-30": "5546.00000", "2011-08-31": "6081.00000", "2011-05-31": "5021.00000", "2011-02-28": "5079.00000", "2010-11-30": "4842.00000", "2010-08-31": "5175.00000", "2010-05-31": "5077.00000", "2010-02-28": "4733.00000", "2009-11-30": "4405.00000", "2009-08-31": "4799.00000", "2009-05-31": "4712.89900", "2009-02-28": "4440.80000", "2008-11-30": "4590.10000", "2008-08-31": "5432.20000", "2008-05-31": "5088.00000", "2008-02-29": "4544.40000", "2007-11-30": "4339.50000", "2007-08-31": "4655.10000", "2007-05-31": "4383.20000", "2007-02-28": "3926.90000", "2006-11-30": "3821.70000", "2006-08-31": "4194.10000", "2006-05-31": "4005.40000", "2006-02-28": "3612.80000", "2005-11-30": "3474.70000", "2005-08-31": "3862.00000", "2005-05-31": "3721.40000", "2005-02-28": "3308.20000"}, "Cost Of Goods Sold": {"2020-11-30": "6396.00000", "2020-08-31": "5853.00000", "2020-05-31": "3960.00000", "2020-02-29": "5631.00000", "2019-11-30": "5782.00000", "2019-08-31": "5789.00000", "2019-05-31": "5551.00000", "2019-02-28": "5272.00000", "2018-11-30": "5269.00000", "2018-08-31": "5551.00000", "2018-05-31": "5411.00000", "2018-02-28": "5046.00000", "2017-11-30": "4876.00000", "2017-08-31": "5108.00000", "2017-05-31": "4854.00000", "2017-02-28": "4682.00000", "2016-11-30": "4564.00000", "2016-08-31": "4938.00000", "2016-05-31": "4458.00000", "2016-02-29": "4343.00000", "2015-11-30": "4185.00000", "2015-08-31": "4419.00000", "2015-05-31": "4186.00000", "2015-02-28": "4034.00000", "2014-11-30": "4053.00000", "2014-08-31": "4261.00000", "2014-05-31": "4040.00000", "2014-02-28": "3869.00000", "2013-11-30": "3605.00000", "2013-08-31": "3839.00000", "2013-05-31": "3757.00000", "2013-02-28": "3451.00000", "2012-11-30": "3425.00000", "2012-08-31": "3646.00000", "2012-05-31": "3454.00000", "2012-02-29": "3171.00000", "2011-11-30": "3170.00000", "2011-08-31": "3388.00000", "2011-05-31": "2773.00000", "2011-02-28": "2752.00000", "2010-11-30": "2649.00000", "2010-08-31": "2741.00000", "2010-05-31": "2671.00000", "2010-02-28": "2515.00000", "2009-11-30": "2445.00000", "2009-08-31": "2583.00000", "2009-05-31": "2669.50000", "2009-02-28": "2492.30000", "2008-11-30": "2540.10000", "2008-08-31": "2870.10000", "2008-05-31": "2756.60000", "2008-02-29": "2496.50000", "2007-11-30": "2418.40000", "2007-08-31": "2568.10000", "2007-05-31": "2464.20000", "2007-02-28": "2191.70000", "2006-11-30": "2164.60000", "2006-08-31": "2344.90000", "2006-05-31": "2252.00000", "2006-02-28": "2038.70000", "2005-11-30": "1963.30000", "2005-08-31": "2113.90000", "2005-05-31": "2038.70000", "2005-02-28": "1849.40000"}, "Gross Profit": {"2020-11-30": "4847.00000", "2020-08-31": "4741.00000", "2020-05-31": "2353.00000", "2020-02-29": "4473.00000", "2019-11-30": "4544.00000", "2019-08-31": "4871.00000", "2019-05-31": "4633.00000", "2019-02-28": "4339.00000", "2018-11-30": "4105.00000", "2018-08-31": "4397.00000", "2018-05-31": "4378.00000", "2018-02-28": "3938.00000", "2017-11-30": "3678.00000", "2017-08-31": "3962.00000", "2017-05-31": "3823.00000", "2017-02-28": "3750.00000", "2016-11-30": "3616.00000", "2016-08-31": "4123.00000", "2016-05-31": "3786.00000", "2016-02-29": "3689.00000", "2015-11-30": "3501.00000", "2015-08-31": "3995.00000", "2015-05-31": "3593.00000", "2015-02-28": "3426.00000", "2014-11-30": "3327.00000", "2014-08-31": "3721.00000", "2014-05-31": "3385.00000", "2014-02-28": "3103.00000", "2013-11-30": "2826.00000", "2013-08-31": "3132.00000", "2013-05-31": "2940.00000", "2013-02-28": "2736.00000", "2012-11-30": "2530.00000", "2012-08-31": "2828.00000", "2012-05-31": "2594.00000", "2012-02-29": "2485.00000", "2011-11-30": "2376.00000", "2011-08-31": "2693.00000", "2011-05-31": "2248.00000", "2011-02-28": "2327.00000", "2010-11-30": "2193.00000", "2010-08-31": "2434.00000", "2010-05-31": "2406.00000", "2010-02-28": "2218.00000", "2009-11-30": "1960.00000", "2009-08-31": "2216.00000", "2009-05-31": "2043.39900", "2009-02-28": "1948.50000", "2008-11-30": "2050.00000", "2008-08-31": "2562.10000", "2008-05-31": "2331.40000", "2008-02-29": "2047.90000", "2007-11-30": "1921.10000", "2007-08-31": "2087.00000", "2007-05-31": "1919.00000", "2007-02-28": "1735.20000", "2006-11-30": "1657.10000", "2006-08-31": "1849.20000", "2006-05-31": "1753.40000", "2006-02-28": "1574.10000", "2005-11-30": "1511.40000", "2005-08-31": "1748.10000", "2005-05-31": "1682.70000", "2005-02-28": "1458.80000"}, "Research And Development Expenses": {"2020-11-30": "", "2020-08-31": "", "2020-05-31": "", "2020-02-29": "", "2019-11-30": "", "2019-08-31": "", "2019-05-31": "", "2019-02-28": "", "2018-11-30": "", "2018-08-31": "", "2018-05-31": "", "2018-02-28": "", "2017-11-30": "", "2017-08-31": "", "2017-05-31": "", "2017-02-28": "", "2016-11-30": "", "2016-08-31": "", "2016-05-31": "", "2016-02-29": "", "2015-11-30": "", "2015-08-31": "", "2015-05-31": "", "2015-02-28": "", "2014-11-30": "", "2014-08-31": "", "2014-05-31": "", "2014-02-28": "", "2013-11-30": "", "2013-08-31": "", "2013-05-31": "", "2013-02-28": "", "2012-11-30": "", "2012-08-31": "", "2012-05-31": "", "2012-02-29": "", "2011-11-30": "", "2011-08-31": "", "2011-05-31": "", "2011-02-28": "", "2010-11-30": "", "2010-08-31": "", "2010-05-31": "", "2010-02-28": "", "2009-11-30": "", "2009-08-31": "", "2009-05-31": "", "2009-02-28": "", "2008-11-30": "", "2008-08-31": "", "2008-05-31": "", "2008-02-29": "", "2007-11-30": "", "2007-08-31": "", "2007-05-31": "", "2007-02-28": "", "2006-11-30": "", "2006-08-31": "", "2006-05-31": "", "2006-02-28": "", "2005-11-30": "", "2005-08-31": "", "2005-05-31": "", "2005-02-28": ""}, "SG&A Expenses": {"2020-11-30": "3267.00000", "2020-08-31": "2975.00000", "2020-05-31": "3191.00000", "2020-02-29": "3283.00000", "2019-11-30": "3324.00000", "2019-08-31": "3328.00000", "2019-05-31": "3406.00000", "2019-02-28": "3091.00000", "2018-11-30": "3142.00000", "2018-08-31": "3063.00000", "2018-05-31": "3120.00000", "2018-02-28": "2767.00000", "2017-11-30": "2768.00000", "2017-08-31": "2856.00000", "2017-05-31": "2665.00000", "2017-02-28": "2496.00000", "2016-11-30": "2505.00000", "2016-08-31": "2897.00000", "2016-05-31": "2766.00000", "2016-02-29": "2566.00000", "2015-11-30": "2560.00000", "2015-08-31": "2577.00000", "2015-05-31": "2595.00000", "2015-02-28": "2379.00000", "2014-11-30": "2438.00000", "2014-08-31": "2480.00000", "2014-05-31": "2448.00000", "2014-02-28": "2169.00000", "2013-11-30": "2091.00000", "2013-08-31": "2058.00000", "2013-05-31": "2038.00000", "2013-02-28": "1863.00000", "2012-11-30": "1836.00000", "2012-08-31": "2059.00000", "2012-05-31": "1817.00000", "2012-02-29": "1708.00000", "2011-11-30": "1731.00000", "2011-08-31": "1823.00000", "2011-05-31": "1440.00000", "2011-02-28": "1637.00000", "2010-11-30": "1611.00000", "2010-08-31": "1673.00000", "2010-05-31": "1738.00000", "2010-02-28": "1563.00000", "2009-11-30": "1479.00000", "2009-08-31": "1546.00000", "2009-05-31": "1394.70000", "2009-02-28": "1352.10000", "2008-11-30": "1546.80000", "2008-08-31": "1856.40000", "2008-05-31": "1686.30000", "2008-02-29": "1403.20000", "2007-11-30": "1429.50000", "2007-08-31": "1434.70000", "2007-05-31": "1272.00000", "2007-02-28": "1243.30000", "2006-11-30": "1223.70000", "2006-08-31": "1289.70000", "2006-05-31": "1232.10000", "2006-02-28": "1086.60000", "2005-11-30": "1054.70000", "2005-08-31": "1104.40000", "2005-05-31": "1139.20000", "2005-02-28": "1035.70000"}, "Other Operating Income Or Expenses": {"2020-11-30": "", "2020-08-31": "", "2020-05-31": "", "2020-02-29": "", "2019-11-30": "", "2019-08-31": "", "2019-05-31": "", "2019-02-28": "", "2018-11-30": "", "2018-08-31": "", "2018-05-31": "", "2018-02-28": "", "2017-11-30": "", "2017-08-31": "", "2017-05-31": "", "2017-02-28": "", "2016-11-30": "", "2016-08-31": "", "2016-05-31": "", "2016-02-29": "", "2015-11-30": "", "2015-08-31": "", "2015-05-31": "", "2015-02-28": "", "2014-11-30": "", "2014-08-31": "", "2014-05-31": "", "2014-02-28": "", "2013-11-30": "", "2013-08-31": "", "2013-05-31": "", "2013-02-28": "", "2012-11-30": "", "2012-08-31": "", "2012-05-31": "", "2012-02-29": "", "2011-11-30": "", "2011-08-31": "", "2011-05-31": "", "2011-02-28": "", "2010-11-30": "", "2010-08-31": "", "2010-05-31": "", "2010-02-28": "", "2009-11-30": "", "2009-08-31": "", "2009-05-31": "", "2009-02-28": "", "2008-11-30": "", "2008-08-31": "", "2008-05-31": "", "2008-02-29": "", "2007-11-30": "", "2007-08-31": "", "2007-05-31": "", "2007-02-28": "", "2006-11-30": "", "2006-08-31": "", "2006-05-31": "", "2006-02-28": "", "2005-11-30": "", "2005-08-31": "", "2005-05-31": "", "2005-02-28": ""}, "Operating Expenses": {"2020-11-30": "9663.00000", "2020-08-31": "8828.00000", "2020-05-31": "7151.00000", "2020-02-29": "8914.00000", "2019-11-30": "9106.00000", "2019-08-31": "9117.00000", "2019-05-31": "8957.00000", "2019-02-28": "8363.00000", "2018-11-30": "8411.00000", "2018-08-31": "8614.00000", "2018-05-31": "8531.00000", "2018-02-28": "7813.00000", "2017-11-30": "7644.00000", "2017-08-31": "7964.00000", "2017-05-31": "7519.00000", "2017-02-28": "7178.00000", "2016-11-30": "7069.00000", "2016-08-31": "7835.00000", "2016-05-31": "7224.00000", "2016-02-29": "6909.00000", "2015-11-30": "6745.00000", "2015-08-31": "6996.00000", "2015-05-31": "6781.00000", "2015-02-28": "6413.00000", "2014-11-30": "6491.00000", "2014-08-31": "6741.00000", "2014-05-31": "6488.00000", "2014-02-28": "6038.00000", "2013-11-30": "5696.00000", "2013-08-31": "5897.00000", "2013-05-31": "5795.00000", "2013-02-28": "5314.00000", "2012-11-30": "5261.00000", "2012-08-31": "5705.00000", "2012-05-31": "5271.00000", "2012-02-29": "4879.00000", "2011-11-30": "4901.00000", "2011-08-31": "5211.00000", "2011-05-31": "4213.00000", "2011-02-28": "4389.00000", "2010-11-30": "4260.00000", "2010-08-31": "4414.00000", "2010-05-31": "4409.00000", "2010-02-28": "4078.00000", "2009-11-30": "3924.00000", "2009-08-31": "4129.00000", "2009-05-31": "4258.89900", "2009-02-28": "4245.70000", "2008-11-30": "4086.90000", "2008-08-31": "4726.50000", "2008-05-31": "4442.89900", "2008-02-29": "3899.70000", "2007-11-30": "3847.90000", "2007-08-31": "4002.80000", "2007-05-31": "3736.20100", "2007-02-28": "3435.00000", "2006-11-30": "3388.30000", "2006-08-31": "3634.60000", "2006-05-31": "3484.10100", "2006-02-28": "3125.30000", "2005-11-30": "3018.00000", "2005-08-31": "3218.30000", "2005-05-31": "3177.90000", "2005-02-28": "2885.10000"}, "Operating Income": {"2020-11-30": "1580.00000", "2020-08-31": "1766.00000", "2020-05-31": "-838.00000", "2020-02-29": "1190.00000", "2019-11-30": "1220.00000", "2019-08-31": "1543.00000", "2019-05-31": "1227.00000", "2019-02-28": "1248.00000", "2018-11-30": "963.00000", "2018-08-31": "1334.00000", "2018-05-31": "1258.00000", "2018-02-28": "1171.00000", "2017-11-30": "910.00000", "2017-08-31": "1106.00000", "2017-05-31": "1158.00000", "2017-02-28": "1254.00000", "2016-11-30": "1111.00000", "2016-08-31": "1226.00000", "2016-05-31": "1020.00000", "2016-02-29": "1123.00000", "2015-11-30": "941.00000", "2015-08-31": "1418.00000", "2015-05-31": "998.00000", "2015-02-28": "1047.00000", "2014-11-30": "889.00000", "2014-08-31": "1241.00000", "2014-05-31": "937.00000", "2014-02-28": "934.00000", "2013-11-30": "735.00000", "2013-08-31": "1074.00000", "2013-05-31": "902.00000", "2013-02-28": "873.00000", "2012-11-30": "694.00000", "2012-08-31": "769.00000", "2012-05-31": "777.00000", "2012-02-29": "777.00000", "2011-11-30": "645.00000", "2011-08-31": "870.00000", "2011-05-31": "808.00000", "2011-02-28": "690.00000", "2010-11-30": "582.00000", "2010-08-31": "761.00000", "2010-05-31": "668.00000", "2010-02-28": "655.00000", "2009-11-30": "481.00000", "2009-08-31": "670.00000", "2009-05-31": "454.00000", "2009-02-28": "195.09960", "2008-11-30": "503.20000", "2008-08-31": "705.70020", "2008-05-31": "645.10010", "2008-02-29": "644.70000", "2007-11-30": "491.60010", "2007-08-31": "652.30000", "2007-05-31": "646.99880", "2007-02-28": "491.89990", "2006-11-30": "433.39990", "2006-08-31": "559.50020", "2006-05-31": "521.29980", "2006-02-28": "487.50020", "2005-11-30": "456.70000", "2005-08-31": "643.70020", "2005-05-31": "543.49980", "2005-02-28": "423.09990"}, "Total Non-Operating Income/Expense": {"2020-11-30": "-124.00000", "2020-08-31": "-51.00000", "2020-05-31": "34.00000", "2020-02-29": "-309.00000", "2019-11-30": "29.00000", "2019-08-31": "18.00000", "2019-05-31": "16.00000", "2019-02-28": "43.00000", "2018-11-30": "34.00000", "2018-08-31": "-64.00000", "2018-05-31": "-43.00000", "2018-02-28": "-12.00000", "2017-11-30": "-31.00000", "2017-08-31": "-34.00000", "2017-05-31": "10.00000", "2017-02-28": "69.00000", "2016-11-30": "3.00000", "2016-08-31": "55.00000", "2016-05-31": "53.00000", "2016-02-29": "12.00000", "2015-11-30": "29.00000", "2015-08-31": "27.00000", "2015-05-31": "54.00000", "2015-02-28": "-1.00000", "2014-11-30": "-11.00000", "2014-08-31": "-12.00000", "2014-05-31": "-25.00000", "2014-02-28": "-54.00000", "2013-11-30": "-21.00000", "2013-08-31": "-36.00000", "2013-05-31": "-16.00000", "2013-02-28": "-15.00000", "2012-11-30": "18.00000", "2012-08-31": "31.00000", "2012-05-31": "-37.00000", "2012-02-29": "10.00000", "2011-11-30": "-13.00000", "2011-08-31": "-18.00000", "2011-05-31": "-17.00000", "2011-02-28": "17.00000", "2010-11-30": "27.00000", "2010-08-31": "-6.00000", "2010-05-31": "15.00000", "2010-02-28": "7.00000", "2009-11-30": "10.00000", "2009-08-31": "11.00000", "2009-05-31": "32.80000", "2009-02-28": "40.30000", "2008-11-30": "17.40000", "2008-08-31": "8.50000", "2008-05-31": "3.20000", "2008-02-29": "24.00000", "2007-11-30": "24.00000", "2007-08-31": "18.00000", "2007-05-31": "11.80000", "2007-02-28": "26.10000", "2006-11-30": "13.90000", "2006-08-31": "16.30000", "2006-05-31": "-10.10000", "2006-02-28": "19.10000", "2005-11-30": "7.10000", "2005-08-31": "16.30000", "2005-05-31": "-5.60000", "2005-02-28": "-9.70000"}, "Pre-Tax Income": {"2020-11-30": "1456.00000", "2020-08-31": "1715.00000", "2020-05-31": "-804.00000", "2020-02-29": "881.00000", "2019-11-30": "1249.00000", "2019-08-31": "1561.00000", "2019-05-31": "1243.00000", "2019-02-28": "1291.00000", "2018-11-30": "997.00000", "2018-08-31": "1270.00000", "2018-05-31": "1215.00000", "2018-02-28": "1159.00000", "2017-11-30": "879.00000", "2017-08-31": "1072.00000", "2017-05-31": "1168.00000", "2017-02-28": "1323.00000", "2016-11-30": "1114.00000", "2016-08-31": "1281.00000", "2016-05-31": "1073.00000", "2016-02-29": "1135.00000", "2015-11-30": "970.00000", "2015-08-31": "1445.00000", "2015-05-31": "1052.00000", "2015-02-28": "1046.00000", "2014-11-30": "878.00000", "2014-08-31": "1229.00000", "2014-05-31": "912.00000", "2014-02-28": "880.00000", "2013-11-30": "714.00000", "2013-08-31": "1038.00000", "2013-05-31": "886.00000", "2013-02-28": "858.00000", "2012-11-30": "712.00000", "2012-08-31": "800.00000", "2012-05-31": "740.00000", "2012-02-29": "787.00000", "2011-11-30": "632.00000", "2011-08-31": "852.00000", "2011-05-31": "791.00000", "2011-02-28": "707.00000", "2010-11-30": "609.00000", "2010-08-31": "755.00000", "2010-05-31": "683.00000", "2010-02-28": "662.00000", "2009-11-30": "491.00000", "2009-08-31": "681.00000", "2009-05-31": "486.80000", "2009-02-28": "235.40000", "2008-11-30": "520.60000", "2008-08-31": "714.20000", "2008-05-31": "648.30000", "2008-02-29": "668.70000", "2007-11-30": "515.60000", "2007-08-31": "670.30000", "2007-05-31": "658.79990", "2007-02-28": "518.00000", "2006-11-30": "447.30000", "2006-08-31": "575.80000", "2006-05-31": "511.20020", "2006-02-28": "506.60000", "2005-11-30": "463.80000", "2005-08-31": "660.00000", "2005-05-31": "537.90000", "2005-02-28": "413.40000"}, "Income Taxes": {"2020-11-30": "205.00000", "2020-08-31": "197.00000", "2020-05-31": "-14.00000", "2020-02-29": "34.00000", "2019-11-30": "134.00000", "2019-08-31": "194.00000", "2019-05-31": "254.00000", "2019-02-28": "190.00000", "2018-11-30": "150.00000", "2018-08-31": "178.00000", "2018-05-31": "78.00000", "2018-02-28": "2080.00000", "2017-11-30": "112.00000", "2017-08-31": "122.00000", "2017-05-31": "160.00000", "2017-02-28": "182.00000", "2016-11-30": "272.00000", "2016-08-31": "32.00000", "2016-05-31": "227.00000", "2016-02-29": "185.00000", "2015-11-30": "185.00000", "2015-08-31": "266.00000", "2015-05-31": "187.00000", "2015-02-28": "255.00000", "2014-11-30": "223.00000", "2014-08-31": "267.00000", "2014-05-31": "214.00000", "2014-02-28": "198.00000", "2013-11-30": "180.00000", "2013-08-31": "259.00000", "2013-05-31": "203.00000", "2013-02-28": "196.00000", "2012-11-30": "191.00000", "2012-08-31": "215.00000", "2012-05-31": "177.00000", "2012-02-29": "218.00000", "2011-11-30": "152.00000", "2011-08-31": "207.00000", "2011-05-31": "158.00000", "2011-02-28": "184.00000", "2010-11-30": "152.00000", "2010-08-31": "196.00000", "2010-05-31": "161.00000", "2010-02-28": "165.00000", "2009-11-30": "116.00000", "2009-08-31": "168.00000", "2009-05-31": "145.10000", "2009-02-28": "-8.40000", "2008-11-30": "129.60000", "2008-08-31": "203.70000", "2008-05-31": "157.80000", "2008-02-29": "204.90000", "2007-11-30": "156.20000", "2007-08-31": "100.60000", "2007-05-31": "220.90000", "2007-02-28": "167.20000", "2006-11-30": "121.70000", "2006-08-31": "198.60000", "2006-05-31": "178.40000", "2006-02-28": "180.80000", "2005-11-30": "162.70000", "2005-08-31": "227.70000", "2005-05-31": "188.40000", "2005-02-28": "140.00000"}, "Income After Taxes": {"2020-11-30": "1251.00000", "2020-08-31": "1518.00000", "2020-05-31": "-790.00000", "2020-02-29": "847.00000", "2019-11-30": "1115.00000", "2019-08-31": "1367.00000", "2019-05-31": "989.00000", "2019-02-28": "1101.00000", "2018-11-30": "847.00000", "2018-08-31": "1092.00000", "2018-05-31": "1137.00000", "2018-02-28": "-921.00000", "2017-11-30": "767.00000", "2017-08-31": "950.00000", "2017-05-31": "1008.00000", "2017-02-28": "1141.00000", "2016-11-30": "842.00000", "2016-08-31": "1249.00000", "2016-05-31": "846.00000", "2016-02-29": "950.00000", "2015-11-30": "785.00000", "2015-08-31": "1179.00000", "2015-05-31": "865.00000", "2015-02-28": "791.00000", "2014-11-30": "655.00000", "2014-08-31": "962.00000", "2014-05-31": "698.00000", "2014-02-28": "682.00000", "2013-11-30": "534.00000", "2013-08-31": "779.00000", "2013-05-31": "683.00000", "2013-02-28": "662.00000", "2012-11-30": "521.00000", "2012-08-31": "585.00000", "2012-05-31": "563.00000", "2012-02-29": "569.00000", "2011-11-30": "480.00000", "2011-08-31": "645.00000", "2011-05-31": "633.00000", "2011-02-28": "523.00000", "2010-11-30": "457.00000", "2010-08-31": "559.00000", "2010-05-31": "522.00000", "2010-02-28": "497.00000", "2009-11-30": "375.00000", "2009-08-31": "513.00000", "2009-05-31": "341.70000", "2009-02-28": "243.80000", "2008-11-30": "391.00000", "2008-08-31": "510.50000", "2008-05-31": "490.49990", "2008-02-29": "463.80000", "2007-11-30": "359.40000", "2007-08-31": "569.70000", "2007-05-31": "437.90000", "2007-02-28": "350.80000", "2006-11-30": "325.60000", "2006-08-31": "377.20000", "2006-05-31": "332.80020", "2006-02-28": "325.80000", "2005-11-30": "301.10000", "2005-08-31": "432.30000", "2005-05-31": "349.50010", "2005-02-28": "273.40000"}, "Other Income": {"2020-11-30": "", "2020-08-31": "", "2020-05-31": "", "2020-02-29": "", "2019-11-30": "", "2019-08-31": "", "2019-05-31": "", "2019-02-28": "", "2018-11-30": "", "2018-08-31": "", "2018-05-31": "", "2018-02-28": "", "2017-11-30": "", "2017-08-31": "", "2017-05-31": "", "2017-02-28": "", "2016-11-30": "", "2016-08-31": "", "2016-05-31": "", "2016-02-29": "", "2015-11-30": "", "2015-08-31": "", "2015-05-31": "", "2015-02-28": "", "2014-11-30": "", "2014-08-31": "", "2014-05-31": "", "2014-02-28": "", "2013-11-30": "", "2013-08-31": "", "2013-05-31": "", "2013-02-28": "", "2012-11-30": "", "2012-08-31": "", "2012-05-31": "", "2012-02-29": "", "2011-11-30": "", "2011-08-31": "", "2011-05-31": "", "2011-02-28": "", "2010-11-30": "", "2010-08-31": "", "2010-05-31": "", "2010-02-28": "", "2009-11-30": "", "2009-08-31": "", "2009-05-31": "", "2009-02-28": "", "2008-11-30": "", "2008-08-31": "", "2008-05-31": "", "2008-02-29": "", "2007-11-30": "", "2007-08-31": "", "2007-05-31": "", "2007-02-28": "", "2006-11-30": "", "2006-08-31": "", "2006-05-31": "", "2006-02-28": "", "2005-11-30": "", "2005-08-31": "", "2005-05-31": "", "2005-02-28": ""}, "Income From Continuous Operations": {"2020-11-30": "1251.00000", "2020-08-31": "1518.00000", "2020-05-31": "-790.00000", "2020-02-29": "847.00000", "2019-11-30": "1115.00000", "2019-08-31": "1367.00000", "2019-05-31": "989.00000", "2019-02-28": "1101.00000", "2018-11-30": "847.00000", "2018-08-31": "1092.00000", "2018-05-31": "1137.00000", "2018-02-28": "-921.00000", "2017-11-30": "767.00000", "2017-08-31": "950.00000", "2017-05-31": "1008.00000", "2017-02-28": "1141.00000", "2016-11-30": "842.00000", "2016-08-31": "1249.00000", "2016-05-31": "846.00000", "2016-02-29": "950.00000", "2015-11-30": "785.00000", "2015-08-31": "1179.00000", "2015-05-31": "865.00000", "2015-02-28": "791.00000", "2014-11-30": "655.00000", "2014-08-31": "962.00000", "2014-05-31": "698.00000", "2014-02-28": "682.00000", "2013-11-30": "534.00000", "2013-08-31": "779.00000", "2013-05-31": "683.00000", "2013-02-28": "662.00000", "2012-11-30": "521.00000", "2012-08-31": "585.00000", "2012-05-31": "563.00000", "2012-02-29": "569.00000", "2011-11-30": "480.00000", "2011-08-31": "645.00000", "2011-05-31": "633.00000", "2011-02-28": "523.00000", "2010-11-30": "457.00000", "2010-08-31": "559.00000", "2010-05-31": "522.00000", "2010-02-28": "497.00000", "2009-11-30": "375.00000", "2009-08-31": "513.00000", "2009-05-31": "341.70000", "2009-02-28": "243.80000", "2008-11-30": "391.00000", "2008-08-31": "510.50000", "2008-05-31": "490.49990", "2008-02-29": "463.80000", "2007-11-30": "359.40000", "2007-08-31": "569.70000", "2007-05-31": "437.90000", "2007-02-28": "350.80000", "2006-11-30": "325.60000", "2006-08-31": "377.20000", "2006-05-31": "332.80020", "2006-02-28": "325.80000", "2005-11-30": "301.10000", "2005-08-31": "432.30000", "2005-05-31": "349.50010", "2005-02-28": "273.40000"}, "Income From Discontinued Operations": {"2020-11-30": "", "2020-08-31": "", "2020-05-31": "", "2020-02-29": "", "2019-11-30": "", "2019-08-31": "", "2019-05-31": "", "2019-02-28": "", "2018-11-30": "", "2018-08-31": "", "2018-05-31": "", "2018-02-28": "", "2017-11-30": "", "2017-08-31": "", "2017-05-31": "", "2017-02-28": "", "2016-11-30": "", "2016-08-31": "", "2016-05-31": "", "2016-02-29": "", "2015-11-30": "", "2015-08-31": "", "2015-05-31": "", "2015-02-28": "", "2014-11-30": "", "2014-08-31": "", "2014-05-31": "", "2014-02-28": "", "2013-11-30": "", "2013-08-31": "", "2013-05-31": "-28.00000", "2013-02-28": "204.00000", "2012-11-30": "-137.00000", "2012-08-31": "-18.00000", "2012-05-31": "-26.00000", "2012-02-29": "-9.00000", "2011-11-30": "-11.00000", "2011-08-31": "", "2011-05-31": "", "2011-02-28": "", "2010-11-30": "", "2010-08-31": "", "2010-05-31": "", "2010-02-28": "", "2009-11-30": "", "2009-08-31": "", "2009-05-31": "", "2009-02-28": "", "2008-11-30": "", "2008-08-31": "", "2008-05-31": "", "2008-02-29": "", "2007-11-30": "", "2007-08-31": "", "2007-05-31": "", "2007-02-28": "", "2006-11-30": "", "2006-08-31": "", "2006-05-31": "", "2006-02-28": "", "2005-11-30": "", "2005-08-31": "", "2005-05-31": "", "2005-02-28": ""}, "Net Income": {"2020-11-30": "1251.00000", "2020-08-31": "1518.00000", "2020-05-31": "-790.00000", "2020-02-29": "847.00000", "2019-11-30": "1115.00000", "2019-08-31": "1367.00000", "2019-05-31": "989.00000", "2019-02-28": "1101.00000", "2018-11-30": "847.00000", "2018-08-31": "1092.00000", "2018-05-31": "1137.00000", "2018-02-28": "-921.00000", "2017-11-30": "767.00000", "2017-08-31": "950.00000", "2017-05-31": "1008.00000", "2017-02-28": "1141.00000", "2016-11-30": "842.00000", "2016-08-31": "1249.00000", "2016-05-31": "846.00000", "2016-02-29": "950.00000", "2015-11-30": "785.00000", "2015-08-31": "1179.00000", "2015-05-31": "865.00000", "2015-02-28": "791.00000", "2014-11-30": "655.00000", "2014-08-31": "962.00000", "2014-05-31": "698.00000", "2014-02-28": "682.00000", "2013-11-30": "534.00000", "2013-08-31": "779.00000", "2013-05-31": "655.00000", "2013-02-28": "866.00000", "2012-11-30": "384.00000", "2012-08-31": "567.00000", "2012-05-31": "537.00000", "2012-02-29": "560.00000", "2011-11-30": "469.00000", "2011-08-31": "645.00000", "2011-05-31": "594.00000", "2011-02-28": "523.00000", "2010-11-30": "457.00000", "2010-08-31": "559.00000", "2010-05-31": "522.00000", "2010-02-28": "497.00000", "2009-11-30": "375.00000", "2009-08-31": "513.00000", "2009-05-31": "341.70000", "2009-02-28": "243.80000", "2008-11-30": "391.00000", "2008-08-31": "510.50000", "2008-05-31": "490.50010", "2008-02-29": "463.80000", "2007-11-30": "359.40000", "2007-08-31": "569.70000", "2007-05-31": "437.90000", "2007-02-28": "350.80000", "2006-11-30": "325.60000", "2006-08-31": "377.20000", "2006-05-31": "332.80000", "2006-02-28": "325.80000", "2005-11-30": "301.10000", "2005-08-31": "432.30000", "2005-05-31": "349.49990", "2005-02-28": "273.40000"}, "EBITDA": {"2020-11-30": "1827.00000", "2020-08-31": "1983.00000", "2020-05-31": "-615.00000", "2020-02-29": "1724.00000", "2019-11-30": "1407.00000", "2019-08-31": "1718.00000", "2019-05-31": "1411.00000", "2019-02-28": "1425.00000", "2018-11-30": "1141.00000", "2018-08-31": "1515.00000", "2018-05-31": "1458.00000", "2018-02-28": "1369.00000", "2017-11-30": "1101.00000", "2017-08-31": "1291.00000", "2017-05-31": "1346.00000", "2017-02-28": "1424.00000", "2016-11-30": "1289.00000", "2016-08-31": "1406.00000", "2016-05-31": "1183.00000", "2016-02-29": "1300.00000", "2015-11-30": "1098.00000", "2015-08-31": "1583.00000", "2015-05-31": "1166.00000", "2015-02-28": "1212.00000", "2014-11-30": "1050.00000", "2014-08-31": "1396.00000", "2014-05-31": "1092.00000", "2014-02-28": "1068.00000", "2013-11-30": "880.00000", "2013-08-31": "1226.00000", "2013-05-31": "1045.00000", "2013-02-28": "966.00000", "2012-11-30": "823.00000", "2012-08-31": "906.00000", "2012-05-31": "853.00000", "2012-02-29": "899.00000", "2011-11-30": "732.00000", "2011-08-31": "981.00000", "2011-05-31": "906.00000", "2011-02-28": "775.00000", "2010-11-30": "695.00000", "2010-08-31": "823.00000", "2010-05-31": "802.00000", "2010-02-28": "742.00000", "2009-11-30": "575.00000", "2009-08-31": "751.00000", "2009-05-31": "581.90000", "2009-02-28": "676.29960", "2008-11-30": "592.79990", "2008-08-31": "791.00020", "2008-05-31": "717.70010", "2008-02-29": "736.20000", "2007-11-30": "577.40010", "2007-08-31": "723.90000", "2007-05-31": "727.99880", "2007-02-28": "538.79990", "2006-11-30": "494.49990", "2006-08-31": "640.70030", "2006-05-31": "566.69980", "2006-02-28": "578.10020", "2005-11-30": "530.20000", "2005-08-31": "713.30020", "2005-05-31": "606.89980", "2005-02-28": "505.09990"}, "EBIT": {"2020-11-30": "1580.00000", "2020-08-31": "1766.00000", "2020-05-31": "-838.00000", "2020-02-29": "1190.00000", "2019-11-30": "1220.00000", "2019-08-31": "1543.00000", "2019-05-31": "1227.00000", "2019-02-28": "1248.00000", "2018-11-30": "963.00000", "2018-08-31": "1334.00000", "2018-05-31": "1258.00000", "2018-02-28": "1171.00000", "2017-11-30": "910.00000", "2017-08-31": "1106.00000", "2017-05-31": "1158.00000", "2017-02-28": "1254.00000", "2016-11-30": "1111.00000", "2016-08-31": "1226.00000", "2016-05-31": "1020.00000", "2016-02-29": "1123.00000", "2015-11-30": "941.00000", "2015-08-31": "1418.00000", "2015-05-31": "998.00000", "2015-02-28": "1047.00000", "2014-11-30": "889.00000", "2014-08-31": "1241.00000", "2014-05-31": "937.00000", "2014-02-28": "934.00000", "2013-11-30": "735.00000", "2013-08-31": "1074.00000", "2013-05-31": "902.00000", "2013-02-28": "873.00000", "2012-11-30": "694.00000", "2012-08-31": "769.00000", "2012-05-31": "777.00000", "2012-02-29": "777.00000", "2011-11-30": "645.00000", "2011-08-31": "870.00000", "2011-05-31": "808.00000", "2011-02-28": "690.00000", "2010-11-30": "582.00000", "2010-08-31": "761.00000", "2010-05-31": "668.00000", "2010-02-28": "655.00000", "2009-11-30": "481.00000", "2009-08-31": "670.00000", "2009-05-31": "454.00020", "2009-02-28": "195.09960", "2008-11-30": "503.20000", "2008-08-31": "705.70020", "2008-05-31": "645.10010", "2008-02-29": "644.70000", "2007-11-30": "491.60010", "2007-08-31": "652.30000", "2007-05-31": "646.99980", "2007-02-28": "491.89990", "2006-11-30": "433.39990", "2006-08-31": "559.50020", "2006-05-31": "521.29980", "2006-02-28": "487.50020", "2005-11-30": "456.70000", "2005-08-31": "643.70020", "2005-05-31": "543.50020", "2005-02-28": "423.09990"}, "Basic Shares Outstanding": {"2020-11-30": "1573.00000", "2020-08-31": "1561.80000", "2020-05-31": "1558.80000", "2020-02-29": "1556.30000", "2019-11-30": "1560.60000", "2019-08-31": "1562.40000", "2019-05-31": "1579.70000", "2019-02-28": "1572.80000", "2018-11-30": "1581.40000", "2018-08-31": "1594.00000", "2018-05-31": "1623.80000", "2018-02-28": "1623.50000", "2017-11-30": "1627.00000", "2017-08-31": "1639.10000", "2017-05-31": "1657.80000", "2017-02-28": "1653.10000", "2016-11-30": "1659.10000", "2016-08-31": "1672.00000", "2016-05-31": "1697.90000", "2016-02-29": "1693.80000", "2015-11-30": "1706.50000", "2015-08-31": "1709.00000", "2015-05-31": "1723.50000", "2015-02-28": "1722.90000", "2014-11-30": "1726.20000", "2014-08-31": "1729.80000", "2014-05-31": "1766.70000", "2014-02-28": "1764.60000", "2013-11-30": "1776.00000", "2013-08-31": "1778.80000", "2013-05-31": "1794.60000", "2013-02-28": "1787.80000", "2012-11-30": "1794.00000", "2012-08-31": "1811.20000", "2012-05-31": "1840.00000", "2012-02-29": "1830.20000", "2011-11-30": "1837.00000", "2011-08-31": "1860.00000", "2011-05-31": "1902.20000", "2011-02-28": "1901.20000", "2010-11-30": "1911.60000", "2010-08-31": "1918.40000", "2010-05-31": "1942.00000", "2010-02-28": "1937.60000", "2009-11-30": "1948.80000", "2009-08-31": "1943.20000", "2009-05-31": "1939.60000", "2009-02-28": "1936.00000", "2008-11-30": "1934.80000", "2008-08-31": "1948.80000", "2008-05-31": "1982.40000", "2008-02-29": "1975.60000", "2007-11-30": "1990.40000", "2007-08-31": "1997.60000", "2007-05-31": "2015.20000", "2007-02-28": "2018.00000", "2006-11-30": "2009.60000", "2006-08-31": "2021.60000", "2006-05-31": "2072.00000", "2006-02-28": "2071.20000", "2005-11-30": "2072.00000", "2005-08-31": "2087.20000", "2005-05-31": "2100.80000", "2005-02-28": "2106.40000"}, "Shares Outstanding": {"2020-11-30": "1609.50000", "2020-08-31": "1593.30000", "2020-05-31": "1591.60000", "2020-02-29": "1591.60000", "2019-11-30": "1594.40000", "2019-08-31": "1597.50000", "2019-05-31": "1618.40000", "2019-02-28": "1609.60000", "2018-11-30": "1620.70000", "2018-08-31": "1634.40000", "2018-05-31": "1659.10000", "2018-02-28": "1623.50000", "2017-11-30": "1660.90000", "2017-08-31": "1676.90000", "2017-05-31": "1692.00000", "2017-02-28": "1686.30000", "2016-11-30": "1693.20000", "2016-08-31": "1708.90000", "2016-05-31": "1742.50000", "2016-02-29": "1737.30000", "2015-11-30": "1751.40000", "2015-08-31": "1754.50000", "2015-05-31": "1768.80000", "2015-02-28": "1767.70000", "2014-11-30": "1769.60000", "2014-08-31": "1772.40000", "2014-05-31": "1811.60000", "2014-02-28": "1809.60000", "2013-11-30": "1821.20000", "2013-08-31": "1821.40000", "2013-05-31": "1832.80000", "2013-02-28": "1823.40000", "2012-11-30": "1826.20000", "2012-08-31": "1845.60000", "2012-05-31": "1879.20000", "2012-02-29": "1869.20000", "2011-11-30": "1873.80000", "2011-08-31": "1897.20000", "2011-05-31": "1942.60000", "2011-02-28": "1942.00000", "2010-11-30": "1950.40000", "2010-08-31": "1954.40000", "2010-05-31": "1975.60000", "2010-02-28": "1969.20000", "2009-11-30": "1978.00000", "2009-08-31": "1966.40000", "2009-05-31": "1962.80000", "2009-02-28": "1952.40000", "2008-11-30": "1959.20000", "2008-08-31": "1979.60000", "2008-05-31": "2016.40000", "2008-02-29": "2010.00000", "2007-11-30": "2024.80000", "2007-08-31": "2029.20000", "2007-05-31": "2039.60000", "2007-02-28": "2043.20000", "2006-11-30": "2029.20000", "2006-08-31": "2048.00000", "2006-05-31": "2110.40000", "2006-02-28": "2107.60000", "2005-11-30": "2109.60000", "2005-08-31": "2148.80000", "2005-05-31": "2162.40000", "2005-02-28": "2173.60000"}, "Basic EPS": {"2020-11-30": "0.80000", "2020-08-31": "0.97000", "2020-05-31": "-0.49000", "2020-02-29": "0.54000", "2019-11-30": "0.71000", "2019-08-31": "0.87000", "2019-05-31": "0.62000", "2019-02-28": "0.70000", "2018-11-30": "0.54000", "2018-08-31": "0.69000", "2018-05-31": "0.71000", "2018-02-28": "-0.57000", "2017-11-30": "0.47000", "2017-08-31": "0.58000", "2017-05-31": "0.61000", "2017-02-28": "0.69000", "2016-11-30": "0.51000", "2016-08-31": "0.75000", "2016-05-31": "0.50000", "2016-02-29": "0.56000", "2015-11-30": "0.46000", "2015-08-31": "0.69000", "2015-05-31": "0.50500", "2015-02-28": "0.46000", "2014-11-30": "0.38000", "2014-08-31": "0.55500", "2014-05-31": "0.39500", "2014-02-28": "0.38500", "2013-11-30": "0.30000", "2013-08-31": "0.44000", "2013-05-31": "0.37000", "2013-02-28": "0.48500", "2012-11-30": "0.21500", "2012-08-31": "0.31000", "2012-05-31": "0.29250", "2012-02-29": "0.30500", "2011-11-30": "0.25500", "2011-08-31": "0.34750", "2011-05-31": "0.31250", "2011-02-28": "0.27500", "2010-11-30": "0.24000", "2010-08-31": "0.29250", "2010-05-31": "0.27000", "2010-02-28": "0.25500", "2009-11-30": "0.19250", "2009-08-31": "0.26500", "2009-05-31": "0.17750", "2009-02-28": "0.12500", "2008-11-30": "0.20250", "2008-08-31": "0.26250", "2008-05-31": "0.25000", "2008-02-29": "0.23500", "2007-11-30": "0.18000", "2007-08-31": "0.28500", "2007-05-31": "0.21750", "2007-02-28": "0.17250", "2006-11-30": "0.16250", "2006-08-31": "0.18750", "2006-05-31": "0.16250", "2006-02-28": "0.15750", "2005-11-30": "0.14500", "2005-08-31": "0.20750", "2005-05-31": "0.16880", "2005-02-28": "0.13000"}, "EPS - Earnings Per Share": {"2020-11-30": "0.78000", "2020-08-31": "0.95000", "2020-05-31": "-0.49000", "2020-02-29": "0.53000", "2019-11-30": "0.70000", "2019-08-31": "0.86000", "2019-05-31": "0.62000", "2019-02-28": "0.68000", "2018-11-30": "0.52000", "2018-08-31": "0.67000", "2018-05-31": "0.71000", "2018-02-28": "-0.57000", "2017-11-30": "0.46000", "2017-08-31": "0.57000", "2017-05-31": "0.60000", "2017-02-28": "0.68000", "2016-11-30": "0.50000", "2016-08-31": "0.73000", "2016-05-31": "0.49000", "2016-02-29": "0.55000", "2015-11-30": "0.45000", "2015-08-31": "0.67000", "2015-05-31": "0.48500", "2015-02-28": "0.45000", "2014-11-30": "0.37000", "2014-08-31": "0.54500", "2014-05-31": "0.39000", "2014-02-28": "0.37500", "2013-11-30": "0.29500", "2013-08-31": "0.43000", "2013-05-31": "0.36000", "2013-02-28": "0.47500", "2012-11-30": "0.21000", "2012-08-31": "0.30500", "2012-05-31": "0.28500", "2012-02-29": "0.30000", "2011-11-30": "0.25000", "2011-08-31": "0.34000", "2011-05-31": "0.31000", "2011-02-28": "0.27000", "2010-11-30": "0.23500", "2010-08-31": "0.28500", "2010-05-31": "0.26250", "2010-02-28": "0.25250", "2009-11-30": "0.19000", "2009-08-31": "0.26000", "2009-05-31": "0.17500", "2009-02-28": "0.12500", "2008-11-30": "0.20000", "2008-08-31": "0.25750", "2008-05-31": "0.24750", "2008-02-29": "0.23000", "2007-11-30": "0.17750", "2007-08-31": "0.28000", "2007-05-31": "0.21750", "2007-02-28": "0.17000", "2006-11-30": "0.16000", "2006-08-31": "0.18500", "2006-05-31": "0.16130", "2006-02-28": "0.15500", "2005-11-30": "0.14250", "2005-08-31": "0.20130", "2005-05-31": "0.16130", "2005-02-28": "0.12630"}}, "balance sheet": {"Cash On Hand": {"2020-05-31": "8787.00000", "2019-05-31": "4663.00000", "2018-05-31": "5245.00000", "2017-05-31": "6179.00000", "2016-05-31": "5457.00000", "2015-05-31": "5924.00000", "2014-05-31": "5142.00000", "2013-05-31": "5965.00000", "2012-05-31": "3757.00000", "2011-05-31": "4538.00000", "2010-05-31": "5146.00000", "2009-05-31": "3455.10000", "2008-05-31": "2776.10000", "2007-05-31": "2847.00000", "2006-05-31": "2303.00000", "2005-05-31": "1824.70000"}, "Receivables": {"2020-05-31": "2749.00000", "2019-05-31": "4272.00000", "2018-05-31": "3498.00000", "2017-05-31": "3677.00000", "2016-05-31": "3241.00000", "2015-05-31": "3358.00000", "2014-05-31": "3434.00000", "2013-05-31": "3117.00000", "2012-05-31": "3132.00000", "2011-05-31": "3138.00000", "2010-05-31": "2650.00000", "2009-05-31": "2883.90000", "2008-05-31": "2795.30000", "2007-05-31": "2494.70000", "2006-05-31": "2382.90000", "2005-05-31": "2262.10000"}, "Inventory": {"2020-05-31": "7367.00000", "2019-05-31": "5622.00000", "2018-05-31": "5261.00000", "2017-05-31": "5055.00000", "2016-05-31": "4838.00000", "2015-05-31": "4337.00000", "2014-05-31": "3947.00000", "2013-05-31": "3484.00000", "2012-05-31": "3222.00000", "2011-05-31": "2715.00000", "2010-05-31": "2041.00000", "2009-05-31": "2357.00000", "2008-05-31": "2438.40000", "2007-05-31": "2121.90000", "2006-05-31": "2076.70000", "2005-05-31": "1811.10000"}, "Pre-Paid Expenses": {"2020-05-31": "1653.00000", "2019-05-31": "1968.00000", "2018-05-31": "1130.00000", "2017-05-31": "1150.00000", "2016-05-31": "1489.00000", "2015-05-31": "1968.00000", "2014-05-31": "818.00000", "2013-05-31": "756.00000", "2012-05-31": "857.00000", "2011-05-31": "594.00000", "2010-05-31": "873.00000", "2009-05-31": "765.60000", "2008-05-31": "602.30000", "2007-05-31": "393.20000", "2006-05-31": "380.10000", "2005-05-31": "343.00000"}, "Other Current Assets": {"2020-05-31": "", "2019-05-31": "", "2018-05-31": "", "2017-05-31": "", "2016-05-31": "", "2015-05-31": "", "2014-05-31": "", "2013-05-31": "", "2012-05-31": "", "2011-05-31": "", "2010-05-31": "", "2009-05-31": "", "2008-05-31": "", "2007-05-31": "", "2006-05-31": "", "2005-05-31": ""}, "Total Current Assets": {"2020-05-31": "20556.00000", "2019-05-31": "16525.00000", "2018-05-31": "15134.00000", "2017-05-31": "16061.00000", "2016-05-31": "15025.00000", "2015-05-31": "15587.00000", "2014-05-31": "13696.00000", "2013-05-31": "13630.00000", "2012-05-31": "11845.00000", "2011-05-31": "11297.00000", "2010-05-31": "10959.00000", "2009-05-31": "9734.00000", "2008-05-31": "8839.30000", "2007-05-31": "8076.50000", "2006-05-31": "7346.00000", "2005-05-31": "6351.10000"}, "Property, Plant, And Equipment": {"2020-05-31": "4866.00000", "2019-05-31": "4744.00000", "2018-05-31": "4454.00000", "2017-05-31": "3989.00000", "2016-05-31": "3520.00000", "2015-05-31": "3011.00000", "2014-05-31": "2834.00000", "2013-05-31": "2452.00000", "2012-05-31": "2209.00000", "2011-05-31": "2115.00000", "2010-05-31": "1932.00000", "2009-05-31": "1957.70000", "2008-05-31": "1891.10000", "2007-05-31": "1678.30000", "2006-05-31": "1657.70000", "2005-05-31": "1605.80000"}, "Long-Term Investments": {"2020-05-31": "", "2019-05-31": "", "2018-05-31": "", "2017-05-31": "", "2016-05-31": "", "2015-05-31": "", "2014-05-31": "", "2013-05-31": "", "2012-05-31": "", "2011-05-31": "", "2010-05-31": "", "2009-05-31": "", "2008-05-31": "", "2007-05-31": "", "2006-05-31": "", "2005-05-31": ""}, "Goodwill And Intangible Assets": {"2020-05-31": "497.00000", "2019-05-31": "437.00000", "2018-05-31": "439.00000", "2017-05-31": "422.00000", "2016-05-31": "412.00000", "2015-05-31": "412.00000", "2014-05-31": "413.00000", "2013-05-31": "420.00000", "2012-05-31": "501.00000", "2011-05-31": "692.00000", "2010-05-31": "655.00000", "2009-05-31": "660.90000", "2008-05-31": "1191.90000", "2007-05-31": "540.70000", "2006-05-31": "536.30000", "2005-05-31": "541.50000"}, "Other Long-Term Assets": {"2020-05-31": "", "2019-05-31": "", "2018-05-31": "", "2017-05-31": "", "2016-05-31": "", "2015-05-31": "", "2014-05-31": "", "2013-05-31": "", "2012-05-31": "", "2011-05-31": "", "2010-05-31": "", "2009-05-31": "", "2008-05-31": "", "2007-05-31": "", "2006-05-31": "", "2005-05-31": ""}, "Total Long-Term Assets": {"2020-05-31": "10786.00000", "2019-05-31": "7192.00000", "2018-05-31": "7402.00000", "2017-05-31": "7198.00000", "2016-05-31": "6354.00000", "2015-05-31": "6010.00000", "2014-05-31": "4898.00000", "2013-05-31": "3915.00000", "2012-05-31": "3620.00000", "2011-05-31": "3701.00000", "2010-05-31": "3460.00000", "2009-05-31": "3515.60000", "2008-05-31": "3603.40000", "2007-05-31": "2611.80000", "2006-05-31": "2523.60000", "2005-05-31": "2442.50000"}, "Total Assets": {"2020-05-31": "31342.00000", "2019-05-31": "23717.00000", "2018-05-31": "22536.00000", "2017-05-31": "23259.00000", "2016-05-31": "21379.00000", "2015-05-31": "21597.00000", "2014-05-31": "18594.00000", "2013-05-31": "17545.00000", "2012-05-31": "15465.00000", "2011-05-31": "14998.00000", "2010-05-31": "14419.00000", "2009-05-31": "13249.60000", "2008-05-31": "12442.70000", "2007-05-31": "10688.30000", "2006-05-31": "9869.60000", "2005-05-31": "8793.60000"}, "Total Current Liabilities": {"2020-05-31": "8284.00000", "2019-05-31": "7866.00000", "2018-05-31": "6040.00000", "2017-05-31": "5474.00000", "2016-05-31": "5358.00000", "2015-05-31": "6332.00000", "2014-05-31": "5027.00000", "2013-05-31": "3962.00000", "2012-05-31": "3882.00000", "2011-05-31": "3958.00000", "2010-05-31": "3364.00000", "2009-05-31": "3277.00000", "2008-05-31": "3321.50000", "2007-05-31": "2584.00000", "2006-05-31": "2612.40000", "2005-05-31": "1999.20000"}, "Long Term Debt": {"2020-05-31": "9406.00000", "2019-05-31": "3464.00000", "2018-05-31": "3468.00000", "2017-05-31": "3471.00000", "2016-05-31": "1993.00000", "2015-05-31": "1079.00000", "2014-05-31": "1199.00000", "2013-05-31": "1210.00000", "2012-05-31": "228.00000", "2011-05-31": "276.00000", "2010-05-31": "446.00000", "2009-05-31": "437.20000", "2008-05-31": "441.10000", "2007-05-31": "409.90000", "2006-05-31": "410.70000", "2005-05-31": "687.30000"}, "Other Non-Current Liabilities": {"2020-05-31": "", "2019-05-31": "", "2018-05-31": "", "2017-05-31": "", "2016-05-31": "", "2015-05-31": "", "2014-05-31": "", "2013-05-31": "", "2012-05-31": "", "2011-05-31": "", "2010-05-31": "", "2009-05-31": "", "2008-05-31": "", "2007-05-31": "", "2006-05-31": "", "2005-05-31": ""}, "Total Long Term Liabilities": {"2020-05-31": "15003.00000", "2019-05-31": "6811.00000", "2018-05-31": "6684.00000", "2017-05-31": "5378.00000", "2016-05-31": "3763.00000", "2015-05-31": "2558.00000", "2014-05-31": "2743.00000", "2013-05-31": "2502.00000", "2012-05-31": "1202.00000", "2011-05-31": "1197.00000", "2010-05-31": "1301.00000", "2009-05-31": "1279.50000", "2008-05-31": "1295.90000", "2007-05-31": "1078.90000", "2006-05-31": "972.00000", "2005-05-31": "1150.20000"}, "Total Liabilities": {"2020-05-31": "23287.00000", "2019-05-31": "14677.00000", "2018-05-31": "12724.00000", "2017-05-31": "10852.00000", "2016-05-31": "9121.00000", "2015-05-31": "8890.00000", "2014-05-31": "7770.00000", "2013-05-31": "6464.00000", "2012-05-31": "5084.00000", "2011-05-31": "5155.00000", "2010-05-31": "4665.00000", "2009-05-31": "4556.50000", "2008-05-31": "4617.40000", "2007-05-31": "3662.90000", "2006-05-31": "3584.40000", "2005-05-31": "3149.40000"}, "Common Stock Net": {"2020-05-31": "3.00000", "2019-05-31": "3.00000", "2018-05-31": "3.00000", "2017-05-31": "3.00000", "2016-05-31": "3.00000", "2015-05-31": "3.00000", "2014-05-31": "3.00000", "2013-05-31": "3.00000", "2012-05-31": "3.00000", "2011-05-31": "3.00000", "2010-05-31": "3.00000", "2009-05-31": "2.80000", "2008-05-31": "2.80000", "2007-05-31": "2.80000", "2006-05-31": "2.80000", "2005-05-31": "2.80000"}, "Retained Earnings (Accumulated Deficit)": {"2020-05-31": "-191.00000", "2019-05-31": "1643.00000", "2018-05-31": "3517.00000", "2017-05-31": "6907.00000", "2016-05-31": "4151.00000", "2015-05-31": "4685.00000", "2014-05-31": "4871.00000", "2013-05-31": "5620.00000", "2012-05-31": "5588.00000", "2011-05-31": "5801.00000", "2010-05-31": "6095.00000", "2009-05-31": "5451.40000", "2008-05-31": "5073.30000", "2007-05-31": "4885.20000", "2006-05-31": "4713.40000", "2005-05-31": "4396.50000"}, "Comprehensive Income": {"2020-05-31": "-56.00000", "2019-05-31": "231.00000", "2018-05-31": "-92.00000", "2017-05-31": "-213.00000", "2016-05-31": "318.00000", "2015-05-31": "1246.00000", "2014-05-31": "85.00000", "2013-05-31": "274.00000", "2012-05-31": "149.00000", "2011-05-31": "95.00000", "2010-05-31": "215.00000", "2009-05-31": "367.50000", "2008-05-31": "251.40000", "2007-05-31": "177.40000", "2006-05-31": "121.70000", "2005-05-31": "73.40000"}, "Other Share Holders Equity": {"2020-05-31": "", "2019-05-31": "", "2018-05-31": "", "2017-05-31": "", "2016-05-31": "", "2015-05-31": "", "2014-05-31": "", "2013-05-31": "", "2012-05-31": "", "2011-05-31": "", "2010-05-31": "", "2009-05-31": "", "2008-05-31": "", "2007-05-31": "", "2006-05-31": "", "2005-05-31": ""}, "Share Holder Equity": {"2020-05-31": "8055.00000", "2019-05-31": "9040.00000", "2018-05-31": "9812.00000", "2017-05-31": "12407.00000", "2016-05-31": "12258.00000", "2015-05-31": "12707.00000", "2014-05-31": "10824.00000", "2013-05-31": "11081.00000", "2012-05-31": "10381.00000", "2011-05-31": "9843.00000", "2010-05-31": "9754.00000", "2009-05-31": "8693.10000", "2008-05-31": "7825.30000", "2007-05-31": "7025.40000", "2006-05-31": "6285.20000", "2005-05-31": "5644.20000"}, "Total Liabilities And Share Holders Equity": {"2020-05-31": "31342.00000", "2019-05-31": "23717.00000", "2018-05-31": "22536.00000", "2017-05-31": "23259.00000", "2016-05-31": "21379.00000", "2015-05-31": "21597.00000", "2014-05-31": "18594.00000", "2013-05-31": "17545.00000", "2012-05-31": "15465.00000", "2011-05-31": "14998.00000", "2010-05-31": "14419.00000", "2009-05-31": "13249.60000", "2008-05-31": "12442.70000", "2007-05-31": "10688.30000", "2006-05-31": "9869.60000", "2005-05-31": "8793.60000"}}, "balance sheet, quarterly": {"Cash On Hand": {"2020-11-30": "11812.00000", "2020-08-31": "9480.00000", "2020-05-31": "8787.00000", "2020-02-29": "3182.00000", "2019-11-30": "3502.00000", "2019-08-31": "3644.00000", "2019-05-31": "4663.00000", "2019-02-28": "4046.00000", "2018-11-30": "4041.00000", "2018-08-31": "4269.00000", "2018-05-31": "5245.00000", "2018-02-28": "4751.00000", "2017-11-30": "6389.00000", "2017-08-31": "5519.00000", "2017-05-31": "6179.00000", "2017-02-28": "6160.00000", "2016-11-30": "5943.00000", "2016-08-31": "4787.00000", "2016-05-31": "5457.00000", "2016-02-29": "5106.00000", "2015-11-30": "6116.00000", "2015-08-31": "5408.00000", "2015-05-31": "5924.00000", "2015-02-28": "5361.00000", "2014-11-30": "4713.00000", "2014-08-31": "4579.00000", "2014-05-31": "5142.00000", "2014-02-28": "5029.00000", "2013-11-30": "5187.00000", "2013-08-31": "5578.00000", "2013-05-31": "5965.00000", "2013-02-28": "4042.00000", "2012-11-30": "3525.00000", "2012-08-31": "3267.00000", "2012-05-31": "3757.00000", "2012-02-29": "3197.00000", "2011-11-30": "3365.00000", "2011-08-31": "3700.00000", "2011-05-31": "4538.00000", "2011-02-28": "4465.00000", "2010-11-30": "4789.00000", "2010-08-31": "4688.00000", "2010-05-31": "5146.00000", "2010-02-28": "4038.90000", "2009-11-30": "4010.00000", "2009-08-31": "3629.80000", "2009-05-31": "3455.10000", "2009-02-28": "2604.20000", "2008-11-30": "2729.50000", "2008-08-31": "2591.70000", "2008-05-31": "2776.10000", "2008-02-29": "2926.60000", "2007-11-30": "3071.50000", "2007-08-31": "2791.30000", "2007-05-31": "2847.00000", "2007-02-28": "2269.70000", "2006-11-30": "1907.30000", "2006-08-31": "1724.60000", "2006-05-31": "2303.00000", "2006-02-28": "2007.10000", "2005-11-30": "2054.50000", "2005-08-31": "1893.10000", "2005-05-31": "1824.70000", "2005-02-28": "1640.80000"}, "Receivables": {"2020-11-30": "3713.00000", "2020-08-31": "3813.00000", "2020-05-31": "2749.00000", "2020-02-29": "4473.00000", "2019-11-30": "4792.00000", "2019-08-31": "4656.00000", "2019-05-31": "4272.00000", "2019-02-28": "4549.00000", "2018-11-30": "4346.00000", "2018-08-31": "4330.00000", "2018-05-31": "3498.00000", "2018-02-28": "3792.00000", "2017-11-30": "3613.00000", "2017-08-31": "3871.00000", "2017-05-31": "3677.00000", "2017-02-28": "3752.00000", "2016-11-30": "3478.00000", "2016-08-31": "3526.00000", "2016-05-31": "3241.00000", "2016-02-29": "3368.00000", "2015-11-30": "3437.00000", "2015-08-31": "3288.00000", "2015-05-31": "3358.00000", "2015-02-28": "3294.00000", "2014-11-30": "3457.00000", "2014-08-31": "3587.00000", "2014-05-31": "3434.00000", "2014-02-28": "3355.00000", "2013-11-30": "3208.00000", "2013-08-31": "3207.00000", "2013-05-31": "3117.00000", "2013-02-28": "3232.00000", "2012-11-30": "3188.00000", "2012-08-31": "3431.00000", "2012-05-31": "3132.00000", "2012-02-29": "3296.00000", "2011-11-30": "3103.00000", "2011-08-31": "3279.00000", "2011-05-31": "3138.00000", "2011-02-28": "2985.00000", "2010-11-30": "2792.00000", "2010-08-31": "2791.00000", "2010-05-31": "2650.00000", "2010-02-28": "2833.80000", "2009-11-30": "2716.50000", "2009-08-31": "2835.30000", "2009-05-31": "2883.90000", "2009-02-28": "2892.40000", "2008-11-30": "2737.20000", "2008-08-31": "3035.40000", "2008-05-31": "2795.30000", "2008-02-29": "2775.50000", "2007-11-30": "2617.10000", "2007-08-31": "2774.10000", "2007-05-31": "2494.70000", "2007-02-28": "2532.00000", "2006-11-30": "2387.60000", "2006-08-31": "2569.10000", "2006-05-31": "2382.90000", "2006-02-28": "2351.60000", "2005-11-30": "2166.20000", "2005-08-31": "2390.60000", "2005-05-31": "2262.10000", "2005-02-28": "2304.90000"}, "Inventory": {"2020-11-30": "6090.00000", "2020-08-31": "6705.00000", "2020-05-31": "7367.00000", "2020-02-29": "5807.00000", "2019-11-30": "6199.00000", "2019-08-31": "5835.00000", "2019-05-31": "5622.00000", "2019-02-28": "5415.00000", "2018-11-30": "5388.00000", "2018-08-31": "5227.00000", "2018-05-31": "5261.00000", "2018-02-28": "5366.00000", "2017-11-30": "5326.00000", "2017-08-31": "5211.00000", "2017-05-31": "5055.00000", "2017-02-28": "4932.00000", "2016-11-30": "5033.00000", "2016-08-31": "4896.00000", "2016-05-31": "4838.00000", "2016-02-29": "4590.00000", "2015-11-30": "4600.00000", "2015-08-31": "4414.00000", "2015-05-31": "4337.00000", "2015-02-28": "4246.00000", "2014-11-30": "4150.00000", "2014-08-31": "4030.00000", "2014-05-31": "3947.00000", "2014-02-28": "3825.00000", "2013-11-30": "3695.00000", "2013-08-31": "3472.00000", "2013-05-31": "3484.00000", "2013-02-28": "3329.00000", "2012-11-30": "3318.00000", "2012-08-31": "3411.00000", "2012-05-31": "3222.00000", "2012-02-29": "3356.00000", "2011-11-30": "3164.00000", "2011-08-31": "3107.00000", "2011-05-31": "2715.00000", "2011-02-28": "2536.00000", "2010-11-30": "2348.00000", "2010-08-31": "2210.00000", "2010-05-31": "2041.00000", "2010-02-28": "2150.30000", "2009-11-30": "2176.30000", "2009-08-31": "2288.40000", "2009-05-31": "2357.00000", "2009-02-28": "2466.60000", "2008-11-30": "2419.10000", "2008-08-31": "2453.90000", "2008-05-31": "2438.40000", "2008-02-29": "2390.90000", "2007-11-30": "2223.70000", "2007-08-31": "2154.90000", "2007-05-31": "2121.90000", "2007-02-28": "2167.80000", "2006-11-30": "2167.20000", "2006-08-31": "2134.30000", "2006-05-31": "2076.70000", "2006-02-28": "2034.20000", "2005-11-30": "1892.70000", "2005-08-31": "1850.60000", "2005-05-31": "1811.10000", "2005-02-28": "1727.00000"}, "Pre-Paid Expenses": {"2020-11-30": "1992.00000", "2020-08-31": "1939.00000", "2020-05-31": "1653.00000", "2020-02-29": "2282.00000", "2019-11-30": "1876.00000", "2019-08-31": "2093.00000", "2019-05-31": "1968.00000", "2019-02-28": "1786.00000", "2018-11-30": "1791.00000", "2018-08-31": "1675.00000", "2018-05-31": "1130.00000", "2018-02-28": "1446.00000", "2017-11-30": "1254.00000", "2017-08-31": "1591.00000", "2017-05-31": "1150.00000", "2017-02-28": "1361.00000", "2016-11-30": "1557.00000", "2016-08-31": "1380.00000", "2016-05-31": "1489.00000", "2016-02-29": "1782.00000", "2015-11-30": "2197.00000", "2015-08-31": "1751.00000", "2015-05-31": "1968.00000", "2015-02-28": "1978.00000", "2014-11-30": "1379.00000", "2014-08-31": "996.00000", "2014-05-31": "818.00000", "2014-02-28": "882.00000", "2013-11-30": "1202.00000", "2013-08-31": "1053.00000", "2013-05-31": "756.00000", "2013-02-28": "882.00000", "2012-11-30": "733.00000", "2012-08-31": "745.00000", "2012-05-31": "857.00000", "2012-02-29": "772.00000", "2011-11-30": "795.00000", "2011-08-31": "638.00000", "2011-05-31": "594.00000", "2011-02-28": "513.00000", "2010-11-30": "720.00000", "2010-08-31": "583.00000", "2010-05-31": "873.00000", "2010-02-28": "843.30000", "2009-11-30": "642.80000", "2009-08-31": "639.30000", "2009-05-31": "765.60000", "2009-02-28": "970.90000", "2008-11-30": "947.90000", "2008-08-31": "687.80000", "2008-05-31": "602.30000", "2008-02-29": "566.70000", "2007-11-30": "521.20000", "2007-08-31": "400.90000", "2007-05-31": "393.20000", "2007-02-28": "486.20000", "2006-11-30": "561.30000", "2006-08-31": "382.30000", "2006-05-31": "380.10000", "2006-02-28": "536.80000", "2005-11-30": "496.20000", "2005-08-31": "425.70000", "2005-05-31": "343.00000", "2005-02-28": "355.50000"}, "Other Current Assets": {"2020-11-30": "", "2020-08-31": "", "2020-05-31": "", "2020-02-29": "", "2019-11-30": "", "2019-08-31": "", "2019-05-31": "", "2019-02-28": "", "2018-11-30": "", "2018-08-31": "", "2018-05-31": "", "2018-02-28": "", "2017-11-30": "", "2017-08-31": "", "2017-05-31": "", "2017-02-28": "", "2016-11-30": "", "2016-08-31": "", "2016-05-31": "", "2016-02-29": "", "2015-11-30": "", "2015-08-31": "", "2015-05-31": "", "2015-02-28": "", "2014-11-30": "", "2014-08-31": "", "2014-05-31": "", "2014-02-28": "", "2013-11-30": "", "2013-08-31": "", "2013-05-31": "", "2013-02-28": "", "2012-11-30": "", "2012-08-31": "", "2012-05-31": "", "2012-02-29": "", "2011-11-30": "", "2011-08-31": "", "2011-05-31": "", "2011-02-28": "", "2010-11-30": "", "2010-08-31": "", "2010-05-31": "", "2010-02-28": "", "2009-11-30": "", "2009-08-31": "", "2009-05-31": "", "2009-02-28": "", "2008-11-30": "", "2008-08-31": "", "2008-05-31": "", "2008-02-29": "", "2007-11-30": "", "2007-08-31": "", "2007-05-31": "", "2007-02-28": "", "2006-11-30": "", "2006-08-31": "", "2006-05-31": "", "2006-02-28": "", "2005-11-30": "", "2005-08-31": "", "2005-05-31": "", "2005-02-28": ""}, "Total Current Assets": {"2020-11-30": "23607.00000", "2020-08-31": "21937.00000", "2020-05-31": "20556.00000", "2020-02-29": "15744.00000", "2019-11-30": "16369.00000", "2019-08-31": "16228.00000", "2019-05-31": "16525.00000", "2019-02-28": "15796.00000", "2018-11-30": "15566.00000", "2018-08-31": "15501.00000", "2018-05-31": "15134.00000", "2018-02-28": "15355.00000", "2017-11-30": "16582.00000", "2017-08-31": "16192.00000", "2017-05-31": "16061.00000", "2017-02-28": "16205.00000", "2016-11-30": "16011.00000", "2016-08-31": "14589.00000", "2016-05-31": "15025.00000", "2016-02-29": "15256.00000", "2015-11-30": "16755.00000", "2015-08-31": "15238.00000", "2015-05-31": "15587.00000", "2015-02-28": "15207.00000", "2014-11-30": "14033.00000", "2014-08-31": "13540.00000", "2014-05-31": "13696.00000", "2014-02-28": "13410.00000", "2013-11-30": "13607.00000", "2013-08-31": "13618.00000", "2013-05-31": "13630.00000", "2013-02-28": "11789.00000", "2012-11-30": "11435.00000", "2012-08-31": "11136.00000", "2012-05-31": "11845.00000", "2012-02-29": "10932.00000", "2011-11-30": "10725.00000", "2011-08-31": "11039.00000", "2011-05-31": "11297.00000", "2011-02-28": "10785.00000", "2010-11-30": "10916.00000", "2010-08-31": "10531.00000", "2010-05-31": "10959.00000", "2010-02-28": "10088.00000", "2009-11-30": "9765.60000", "2009-08-31": "9606.90000", "2009-05-31": "9734.00000", "2009-02-28": "8998.60000", "2008-11-30": "8923.40000", "2008-08-31": "8944.60000", "2008-05-31": "8839.30000", "2008-02-29": "8904.70000", "2007-11-30": "8687.40000", "2007-08-31": "8341.50000", "2007-05-31": "8076.50000", "2007-02-28": "7640.10000", "2006-11-30": "7209.60000", "2006-08-31": "6999.10000", "2006-05-31": "7346.00000", "2006-02-28": "7044.70000", "2005-11-30": "6696.50000", "2005-08-31": "6666.30000", "2005-05-31": "6351.10000", "2005-02-28": "6198.70000"}, "Property, Plant, And Equipment": {"2020-11-30": "4959.00000", "2020-08-31": "4969.00000", "2020-05-31": "4866.00000", "2020-02-29": "4783.00000", "2019-11-30": "4668.00000", "2019-08-31": "4615.00000", "2019-05-31": "4744.00000", "2019-02-28": "4688.00000", "2018-11-30": "4588.00000", "2018-08-31": "4487.00000", "2018-05-31": "4454.00000", "2018-02-28": "4298.00000", "2017-11-30": "4117.00000", "2017-08-31": "4086.00000", "2017-05-31": "3989.00000", "2017-02-28": "3793.00000", "2016-11-30": "3566.00000", "2016-08-31": "3572.00000", "2016-05-31": "3520.00000", "2016-02-29": "3329.00000", "2015-11-30": "3235.00000", "2015-08-31": "3112.00000", "2015-05-31": "3011.00000", "2015-02-28": "2862.00000", "2014-11-30": "2927.00000", "2014-08-31": "2895.00000", "2014-05-31": "2834.00000", "2014-02-28": "2736.00000", "2013-11-30": "2645.00000", "2013-08-31": "2557.00000", "2013-05-31": "2452.00000", "2013-02-28": "2260.00000", "2012-11-30": "2258.00000", "2012-08-31": "2291.00000", "2012-05-31": "2209.00000", "2012-02-29": "2205.00000", "2011-11-30": "2177.00000", "2011-08-31": "2166.00000", "2011-05-31": "2115.00000", "2011-02-28": "2057.00000", "2010-11-30": "2003.00000", "2010-08-31": "1975.00000", "2010-05-31": "1932.00000", "2010-02-28": "1962.60000", "2009-11-30": "2023.90000", "2009-08-31": "1980.80000", "2009-05-31": "1957.70000", "2009-02-28": "1893.90000", "2008-11-30": "1900.90000", "2008-08-31": "1874.80000", "2008-05-31": "1891.10000", "2008-02-29": "1820.00000", "2007-11-30": "1788.10000", "2007-08-31": "1717.60000", "2007-05-31": "1678.30000", "2007-02-28": "1654.60000", "2006-11-30": "1673.00000", "2006-08-31": "1648.70000", "2006-05-31": "1657.70000", "2006-02-28": "1598.40000", "2005-11-30": "1585.80000", "2005-08-31": "1581.20000", "2005-05-31": "1605.80000", "2005-02-28": "1625.50000"}, "Long-Term Investments": {"2020-11-30": "", "2020-08-31": "", "2020-05-31": "", "2020-02-29": "", "2019-11-30": "", "2019-08-31": "", "2019-05-31": "", "2019-02-28": "", "2018-11-30": "", "2018-08-31": "", "2018-05-31": "", "2018-02-28": "", "2017-11-30": "", "2017-08-31": "", "2017-05-31": "", "2017-02-28": "", "2016-11-30": "", "2016-08-31": "", "2016-05-31": "", "2016-02-29": "", "2015-11-30": "", "2015-08-31": "", "2015-05-31": "", "2015-02-28": "", "2014-11-30": "", "2014-08-31": "", "2014-05-31": "", "2014-02-28": "", "2013-11-30": "", "2013-08-31": "", "2013-05-31": "", "2013-02-28": "", "2012-11-30": "", "2012-08-31": "", "2012-05-31": "", "2012-02-29": "", "2011-11-30": "", "2011-08-31": "", "2011-05-31": "", "2011-02-28": "", "2010-11-30": "", "2010-08-31": "", "2010-05-31": "", "2010-02-28": "", "2009-11-30": "", "2009-08-31": "", "2009-05-31": "", "2009-02-28": "", "2008-11-30": "", "2008-08-31": "", "2008-05-31": "", "2008-02-29": "", "2007-11-30": "", "2007-08-31": "", "2007-05-31": "", "2007-02-28": "", "2006-11-30": "", "2006-08-31": "", "2006-05-31": "", "2006-02-28": "", "2005-11-30": "", "2005-08-31": "", "2005-05-31": "", "2005-02-28": ""}, "Goodwill And Intangible Assets": {"2020-11-30": "493.00000", "2020-08-31": "495.00000", "2020-05-31": "497.00000", "2020-02-29": "498.00000", "2019-11-30": "501.00000", "2019-08-31": "503.00000", "2019-05-31": "437.00000", "2019-02-28": "437.00000", "2018-11-30": "438.00000", "2018-08-31": "438.00000", "2018-05-31": "439.00000", "2018-02-28": "421.00000", "2017-11-30": "421.00000", "2017-08-31": "422.00000", "2017-05-31": "422.00000", "2017-02-28": "422.00000", "2016-11-30": "422.00000", "2016-08-31": "423.00000", "2016-05-31": "412.00000", "2016-02-29": "412.00000", "2015-11-30": "412.00000", "2015-08-31": "412.00000", "2015-05-31": "412.00000", "2015-02-28": "412.00000", "2014-11-30": "412.00000", "2014-08-31": "413.00000", "2014-05-31": "413.00000", "2014-02-28": "517.00000", "2013-11-30": "516.00000", "2013-08-31": "514.00000", "2013-05-31": "420.00000", "2013-02-28": "507.00000", "2012-11-30": "505.00000", "2012-08-31": "738.00000", "2012-05-31": "501.00000", "2012-02-29": "736.00000", "2011-11-30": "733.00000", "2011-08-31": "740.00000", "2011-05-31": "692.00000", "2011-02-28": "666.00000", "2010-11-30": "661.00000", "2010-08-31": "662.00000", "2010-05-31": "655.00000", "2010-02-28": "658.70000", "2009-11-30": "668.70000", "2009-08-31": "666.10000", "2009-05-31": "660.90000", "2009-02-28": "647.90000", "2008-11-30": "1027.00000", "2008-08-31": "1137.50000", "2008-05-31": "1191.90000", "2008-02-29": "515.20000", "2007-11-30": "540.50000", "2007-08-31": "540.30000", "2007-05-31": "540.70000", "2007-02-28": "536.90000", "2006-11-30": "537.50000", "2006-08-31": "538.30000", "2006-05-31": "536.30000", "2006-02-28": "541.50000", "2005-11-30": "539.30000", "2005-08-31": "540.10000", "2005-05-31": "541.50000", "2005-02-28": "538.60000"}, "Other Long-Term Assets": {"2020-11-30": "", "2020-08-31": "", "2020-05-31": "", "2020-02-29": "", "2019-11-30": "", "2019-08-31": "", "2019-05-31": "", "2019-02-28": "", "2018-11-30": "", "2018-08-31": "", "2018-05-31": "", "2018-02-28": "", "2017-11-30": "", "2017-08-31": "", "2017-05-31": "", "2017-02-28": "", "2016-11-30": "", "2016-08-31": "", "2016-05-31": "", "2016-02-29": "", "2015-11-30": "", "2015-08-31": "", "2015-05-31": "", "2015-02-28": "", "2014-11-30": "", "2014-08-31": "", "2014-05-31": "", "2014-02-28": "", "2013-11-30": "", "2013-08-31": "", "2013-05-31": "", "2013-02-28": "", "2012-11-30": "", "2012-08-31": "", "2012-05-31": "", "2012-02-29": "", "2011-11-30": "", "2011-08-31": "", "2011-05-31": "", "2011-02-28": "", "2010-11-30": "", "2010-08-31": "", "2010-05-31": "", "2010-02-28": "", "2009-11-30": "", "2009-08-31": "", "2009-05-31": "", "2009-02-28": "", "2008-11-30": "", "2008-08-31": "", "2008-05-31": "", "2008-02-29": "", "2007-11-30": "", "2007-08-31": "", "2007-05-31": "", "2007-02-28": "", "2006-11-30": "", "2006-08-31": "", "2006-05-31": "", "2006-02-28": "", "2005-11-30": "", "2005-08-31": "", "2005-05-31": "", "2005-02-28": ""}, "Total Long-Term Assets": {"2020-11-30": "11229.00000", "2020-08-31": "11321.00000", "2020-05-31": "10786.00000", "2020-02-29": "10476.00000", "2019-11-30": "10233.00000", "2019-08-31": "10021.00000", "2019-05-31": "7192.00000", "2019-02-28": "7125.00000", "2018-11-30": "7111.00000", "2018-08-31": "6982.00000", "2018-05-31": "7402.00000", "2018-02-28": "7197.00000", "2017-11-30": "7473.00000", "2017-08-31": "7455.00000", "2017-05-31": "7198.00000", "2017-02-28": "6947.00000", "2016-11-30": "6641.00000", "2016-08-31": "6567.00000", "2016-05-31": "6354.00000", "2016-02-29": "5731.00000", "2015-11-30": "5828.00000", "2015-08-31": "5528.00000", "2015-05-31": "6010.00000", "2015-02-28": "5334.00000", "2014-11-30": "5134.00000", "2014-08-31": "4981.00000", "2014-05-31": "4898.00000", "2014-02-28": "4393.00000", "2013-11-30": "4213.00000", "2013-08-31": "4056.00000", "2013-05-31": "3915.00000", "2013-02-28": "3826.00000", "2012-11-30": "3736.00000", "2012-08-31": "3978.00000", "2012-05-31": "3620.00000", "2012-02-29": "3862.00000", "2011-11-30": "3840.00000", "2011-08-31": "3764.00000", "2011-05-31": "3701.00000", "2011-02-28": "3693.00000", "2010-11-30": "3548.00000", "2010-08-31": "3520.00000", "2010-05-31": "3460.00000", "2010-02-28": "3488.30000", "2009-11-30": "3592.80000", "2009-08-31": "3583.70000", "2009-05-31": "3515.60000", "2009-02-28": "3257.10000", "2008-11-30": "3711.30000", "2008-08-31": "3650.20000", "2008-05-31": "3603.40000", "2008-02-29": "2883.50000", "2007-11-30": "2767.20000", "2007-08-31": "2672.00000", "2007-05-31": "2611.80000", "2007-02-28": "2578.50000", "2006-11-30": "2612.60000", "2006-08-31": "2571.40000", "2006-05-31": "2523.60000", "2006-02-28": "2473.50000", "2005-11-30": "2447.60000", "2005-08-31": "2449.40000", "2005-05-31": "2442.50000", "2005-02-28": "2453.40000"}, "Total Assets": {"2020-11-30": "34836.00000", "2020-08-31": "33258.00000", "2020-05-31": "31342.00000", "2020-02-29": "26220.00000", "2019-11-30": "26602.00000", "2019-08-31": "26249.00000", "2019-05-31": "23717.00000", "2019-02-28": "22921.00000", "2018-11-30": "22677.00000", "2018-08-31": "22483.00000", "2018-05-31": "22536.00000", "2018-02-28": "22552.00000", "2017-11-30": "24055.00000", "2017-08-31": "23647.00000", "2017-05-31": "23259.00000", "2017-02-28": "23152.00000", "2016-11-30": "22652.00000", "2016-08-31": "21156.00000", "2016-05-31": "21379.00000", "2016-02-29": "20987.00000", "2015-11-30": "22583.00000", "2015-08-31": "20766.00000", "2015-05-31": "21597.00000", "2015-02-28": "20541.00000", "2014-11-30": "19167.00000", "2014-08-31": "18521.00000", "2014-05-31": "18594.00000", "2014-02-28": "17803.00000", "2013-11-30": "17820.00000", "2013-08-31": "17674.00000", "2013-05-31": "17545.00000", "2013-02-28": "15615.00000", "2012-11-30": "15171.00000", "2012-08-31": "15114.00000", "2012-05-31": "15465.00000", "2012-02-29": "14794.00000", "2011-11-30": "14565.00000", "2011-08-31": "14803.00000", "2011-05-31": "14998.00000", "2011-02-28": "14478.00000", "2010-11-30": "14464.00000", "2010-08-31": "14051.00000", "2010-05-31": "14419.00000", "2010-02-28": "13576.30000", "2009-11-30": "13358.40000", "2009-08-31": "13190.60000", "2009-05-31": "13249.60000", "2009-02-28": "12255.70000", "2008-11-30": "12634.70000", "2008-08-31": "12594.80000", "2008-05-31": "12442.70000", "2008-02-29": "11788.20000", "2007-11-30": "11454.60000", "2007-08-31": "11013.50000", "2007-05-31": "10688.30000", "2007-02-28": "10218.60000", "2006-11-30": "9822.20000", "2006-08-31": "9570.50000", "2006-05-31": "9869.60000", "2006-02-28": "9518.20000", "2005-11-30": "9144.10000", "2005-08-31": "9115.70000", "2005-05-31": "8793.60000", "2005-02-28": "8652.10000"}, "Total Current Liabilities": {"2020-11-30": "8871.00000", "2020-08-31": "8619.00000", "2020-05-31": "8284.00000", "2020-02-29": "8280.00000", "2019-11-30": "8264.00000", "2019-08-31": "8070.00000", "2019-05-31": "7866.00000", "2019-02-28": "7281.00000", "2018-11-30": "7278.00000", "2018-08-31": "6708.00000", "2018-05-31": "6040.00000", "2018-02-28": "5783.00000", "2017-11-30": "6750.00000", "2017-08-31": "6056.00000", "2017-05-31": "5474.00000", "2017-02-28": "5271.00000", "2016-11-30": "5225.00000", "2016-08-31": "5363.00000", "2016-05-31": "5358.00000", "2016-02-29": "4980.00000", "2015-11-30": "5511.00000", "2015-08-31": "5276.00000", "2015-05-31": "6332.00000", "2015-02-28": "5586.00000", "2014-11-30": "4937.00000", "2014-08-31": "4813.00000", "2014-05-31": "5027.00000", "2014-02-28": "3954.00000", "2013-11-30": "3851.00000", "2013-08-31": "3863.00000", "2013-05-31": "3962.00000", "2013-02-28": "3500.00000", "2012-11-30": "3799.00000", "2012-08-31": "3776.00000", "2012-05-31": "3882.00000", "2012-02-29": "3410.00000", "2011-11-30": "3563.00000", "2011-08-31": "3760.00000", "2011-05-31": "3958.00000", "2011-02-28": "3342.00000", "2010-11-30": "3248.00000", "2010-08-31": "3142.00000", "2010-05-31": "3364.00000", "2010-02-28": "2846.70000", "2009-11-30": "2798.30000", "2009-08-31": "2852.80000", "2009-05-31": "3277.00000", "2009-02-28": "2858.20000", "2008-11-30": "3089.60000", "2008-08-31": "3311.60000", "2008-05-31": "3321.50000", "2008-02-29": "2943.20000", "2007-11-30": "2788.90000", "2007-08-31": "2615.40000", "2007-05-31": "2584.00000", "2007-02-28": "2312.70000", "2006-11-30": "2285.20000", "2006-08-31": "2409.70000", "2006-05-31": "2612.40000", "2006-02-28": "2304.20000", "2005-11-30": "2161.10000", "2005-08-31": "2233.50000", "2005-05-31": "1999.20000", "2005-02-28": "2066.00000"}, "Long Term Debt": {"2020-11-30": "9410.00000", "2020-08-31": "9408.00000", "2020-05-31": "9406.00000", "2020-02-29": "3463.00000", "2019-11-30": "3462.00000", "2019-08-31": "3463.00000", "2019-05-31": "3464.00000", "2019-02-28": "3465.00000", "2018-11-30": "3466.00000", "2018-08-31": "3467.00000", "2018-05-31": "3468.00000", "2018-02-28": "3469.00000", "2017-11-30": "3472.00000", "2017-08-31": "3472.00000", "2017-05-31": "3471.00000", "2017-02-28": "3472.00000", "2016-11-30": "3473.00000", "2016-08-31": "1993.00000", "2016-05-31": "1993.00000", "2016-02-29": "2048.00000", "2015-11-30": "2067.00000", "2015-08-31": "1079.00000", "2015-05-31": "1079.00000", "2015-02-28": "1082.00000", "2014-11-30": "1084.00000", "2014-08-31": "1195.00000", "2014-05-31": "1199.00000", "2014-02-28": "1201.00000", "2013-11-30": "1201.00000", "2013-08-31": "1207.00000", "2013-05-31": "1210.00000", "2013-02-28": "161.00000", "2012-11-30": "170.00000", "2012-08-31": "226.00000", "2012-05-31": "228.00000", "2012-02-29": "229.00000", "2011-11-30": "234.00000", "2011-08-31": "238.00000", "2011-05-31": "276.00000", "2011-02-28": "276.00000", "2010-11-30": "338.00000", "2010-08-31": "342.00000", "2010-05-31": "446.00000", "2010-02-28": "451.90000", "2009-11-30": "459.60000", "2009-08-31": "443.20000", "2009-05-31": "437.20000", "2009-02-28": "437.80000", "2008-11-30": "445.50000", "2008-08-31": "407.30000", "2008-05-31": "441.10000", "2008-02-29": "446.70000", "2007-11-30": "436.30000", "2007-08-31": "420.90000", "2007-05-31": "409.90000", "2007-02-28": "419.40000", "2006-11-30": "383.50000", "2006-08-31": "380.40000", "2006-05-31": "410.70000", "2006-02-28": "411.30000", "2005-11-30": "408.30000", "2005-08-31": "428.40000", "2005-05-31": "687.30000", "2005-02-28": "691.40000"}, "Other Non-Current Liabilities": {"2020-11-30": "", "2020-08-31": "", "2020-05-31": "", "2020-02-29": "", "2019-11-30": "", "2019-08-31": "", "2019-05-31": "", "2019-02-28": "", "2018-11-30": "", "2018-08-31": "", "2018-05-31": "", "2018-02-28": "", "2017-11-30": "", "2017-08-31": "", "2017-05-31": "", "2017-02-28": "", "2016-11-30": "", "2016-08-31": "", "2016-05-31": "", "2016-02-29": "", "2015-11-30": "", "2015-08-31": "", "2015-05-31": "", "2015-02-28": "", "2014-11-30": "", "2014-08-31": "", "2014-05-31": "", "2014-02-28": "", "2013-11-30": "", "2013-08-31": "", "2013-05-31": "", "2013-02-28": "", "2012-11-30": "", "2012-08-31": "", "2012-05-31": "", "2012-02-29": "", "2011-11-30": "", "2011-08-31": "", "2011-05-31": "", "2011-02-28": "", "2010-11-30": "", "2010-08-31": "", "2010-05-31": "", "2010-02-28": "", "2009-11-30": "", "2009-08-31": "", "2009-05-31": "", "2009-02-28": "", "2008-11-30": "", "2008-08-31": "", "2008-05-31": "", "2008-02-29": "", "2007-11-30": "", "2007-08-31": "", "2007-05-31": "", "2007-02-28": "", "2006-11-30": "", "2006-08-31": "", "2006-05-31": "", "2006-02-28": "", "2005-11-30": "", "2005-08-31": "", "2005-05-31": "", "2005-02-28": ""}, "Total Long Term Liabilities": {"2020-11-30": "15325.00000", "2020-08-31": "15415.00000", "2020-05-31": "15003.00000", "2020-02-29": "8895.00000", "2019-11-30": "8987.00000", "2019-08-31": "8979.00000", "2019-05-31": "6811.00000", "2019-02-28": "6679.00000", "2018-11-30": "6670.00000", "2018-08-31": "6783.00000", "2018-05-31": "6684.00000", "2018-02-28": "6987.00000", "2017-11-30": "5547.00000", "2017-08-31": "5598.00000", "2017-05-31": "5378.00000", "2017-02-28": "5159.00000", "2016-11-30": "5104.00000", "2016-08-31": "3628.00000", "2016-05-31": "3763.00000", "2016-02-29": "3707.00000", "2015-11-30": "3667.00000", "2015-08-31": "2596.00000", "2015-05-31": "2558.00000", "2015-02-28": "2587.00000", "2014-11-30": "2530.00000", "2014-08-31": "2603.00000", "2014-05-31": "2743.00000", "2014-02-28": "2716.00000", "2013-11-30": "2625.00000", "2013-08-31": "2529.00000", "2013-05-31": "2502.00000", "2013-02-28": "1448.00000", "2012-11-30": "1358.00000", "2012-08-31": "1291.00000", "2012-05-31": "1202.00000", "2012-02-29": "1208.00000", "2011-11-30": "1159.00000", "2011-08-31": "1144.00000", "2011-05-31": "1197.00000", "2011-02-28": "1234.00000", "2010-11-30": "1267.00000", "2010-08-31": "1249.00000", "2010-05-31": "1301.00000", "2010-02-28": "1300.70000", "2009-11-30": "1336.00000", "2009-08-31": "1247.10000", "2009-05-31": "1279.50000", "2009-02-28": "1186.70000", "2008-11-30": "1428.90000", "2008-08-31": "1250.60000", "2008-05-31": "1295.90000", "2008-02-29": "1231.80000", "2007-11-30": "1173.50000", "2007-08-31": "1043.50000", "2007-05-31": "1078.90000", "2007-02-28": "1057.90000", "2006-11-30": "998.90000", "2006-08-31": "939.90000", "2006-05-31": "972.00000", "2006-02-28": "952.40000", "2005-11-30": "901.49990", "2005-08-31": "918.40000", "2005-05-31": "1150.20000", "2005-02-28": "1159.00000"}, "Total Liabilities": {"2020-11-30": "24196.00000", "2020-08-31": "24034.00000", "2020-05-31": "23287.00000", "2020-02-29": "17175.00000", "2019-11-30": "17251.00000", "2019-08-31": "17049.00000", "2019-05-31": "14677.00000", "2019-02-28": "13960.00000", "2018-11-30": "13948.00000", "2018-08-31": "13491.00000", "2018-05-31": "12724.00000", "2018-02-28": "12770.00000", "2017-11-30": "12297.00000", "2017-08-31": "11654.00000", "2017-05-31": "10852.00000", "2017-02-28": "10430.00000", "2016-11-30": "10329.00000", "2016-08-31": "8991.00000", "2016-05-31": "9121.00000", "2016-02-29": "8687.00000", "2015-11-30": "9178.00000", "2015-08-31": "7872.00000", "2015-05-31": "8890.00000", "2015-02-28": "8173.00000", "2014-11-30": "7467.00000", "2014-08-31": "7416.00000", "2014-05-31": "7770.00000", "2014-02-28": "6670.00000", "2013-11-30": "6476.00000", "2013-08-31": "6392.00000", "2013-05-31": "6464.00000", "2013-02-28": "4948.00000", "2012-11-30": "5157.00000", "2012-08-31": "5067.00000", "2012-05-31": "5084.00000", "2012-02-29": "4618.00000", "2011-11-30": "4722.00000", "2011-08-31": "4904.00000", "2011-05-31": "5155.00000", "2011-02-28": "4576.00000", "2010-11-30": "4515.00000", "2010-08-31": "4391.00000", "2010-05-31": "4665.00000", "2010-02-28": "4147.40000", "2009-11-30": "4134.30000", "2009-08-31": "4099.90000", "2009-05-31": "4556.50000", "2009-02-28": "4044.90000", "2008-11-30": "4518.50000", "2008-08-31": "4562.20000", "2008-05-31": "4617.40000", "2008-02-29": "4175.00000", "2007-11-30": "3962.40000", "2007-08-31": "3658.90000", "2007-05-31": "3662.90000", "2007-02-28": "3370.60000", "2006-11-30": "3284.10000", "2006-08-31": "3349.60000", "2006-05-31": "3584.40000", "2006-02-28": "3256.60000", "2005-11-30": "3062.60000", "2005-08-31": "3151.90000", "2005-05-31": "3149.40000", "2005-02-28": "3225.00000"}, "Common Stock Net": {"2020-11-30": "3.00000", "2020-08-31": "3.00000", "2020-05-31": "3.00000", "2020-02-29": "3.00000", "2019-11-30": "3.00000", "2019-08-31": "3.00000", "2019-05-31": "3.00000", "2019-02-28": "3.00000", "2018-11-30": "3.00000", "2018-08-31": "3.00000", "2018-05-31": "3.00000", "2018-02-28": "3.00000", "2017-11-30": "3.00000", "2017-08-31": "3.00000", "2017-05-31": "3.00000", "2017-02-28": "3.00000", "2016-11-30": "3.00000", "2016-08-31": "3.00000", "2016-05-31": "3.00000", "2016-02-29": "3.00000", "2015-11-30": "3.00000", "2015-08-31": "3.00000", "2015-05-31": "3.00000", "2015-02-28": "3.00000", "2014-11-30": "3.00000", "2014-08-31": "3.00000", "2014-05-31": "3.00000", "2014-02-28": "3.00000", "2013-11-30": "3.00000", "2013-08-31": "3.00000", "2013-05-31": "3.00000", "2013-02-28": "3.00000", "2012-11-30": "3.00000", "2012-08-31": "3.00000", "2012-05-31": "3.00000", "2012-02-29": "3.00000", "2011-11-30": "3.00000", "2011-08-31": "3.00000", "2011-05-31": "3.00000", "2011-02-28": "3.00000", "2010-11-30": "3.00000", "2010-08-31": "3.00000", "2010-05-31": "3.00000", "2010-02-28": "2.80000", "2009-11-30": "2.80000", "2009-08-31": "2.80000", "2009-05-31": "2.80000", "2009-02-28": "2.80000", "2008-11-30": "2.80000", "2008-08-31": "2.80000", "2008-05-31": "2.80000", "2008-02-29": "2.80000", "2007-11-30": "2.80000", "2007-08-31": "2.80000", "2007-05-31": "2.80000", "2007-02-28": "2.80000", "2006-11-30": "2.80000", "2006-08-31": "2.80000", "2006-05-31": "2.80000", "2006-02-28": "2.80000", "2005-11-30": "2.80000", "2005-08-31": "2.80000", "2005-05-31": "2.80000", "2005-02-28": "2.80000"}, "Retained Earnings (Accumulated Deficit)": {"2020-11-30": "1730.00000", "2020-08-31": "927.00000", "2020-05-31": "-191.00000", "2020-02-29": "1128.00000", "2019-11-30": "1577.00000", "2019-08-31": "1721.00000", "2019-05-31": "1643.00000", "2019-02-28": "1851.00000", "2018-11-30": "1810.00000", "2018-08-31": "2494.00000", "2018-05-31": "3517.00000", "2018-02-28": "1078.00000", "2017-11-30": "3301.00000", "2017-08-31": "3759.00000", "2017-05-31": "6907.00000", "2017-02-28": "4095.00000", "2016-11-30": "3725.00000", "2016-08-31": "4078.00000", "2016-05-31": "4151.00000", "2016-02-29": "4113.00000", "2015-11-30": "4887.00000", "2015-08-31": "5029.00000", "2015-05-31": "4685.00000", "2015-02-28": "4737.00000", "2014-11-30": "4797.00000", "2014-08-31": "4808.00000", "2014-05-31": "4871.00000", "2014-02-28": "5374.00000", "2013-11-30": "5685.00000", "2013-08-31": "5762.00000", "2013-05-31": "5620.00000", "2013-02-28": "5456.00000", "2012-11-30": "5029.00000", "2012-08-31": "5215.00000", "2012-05-31": "5588.00000", "2012-02-29": "5447.00000", "2011-11-30": "5290.00000", "2011-08-31": "5653.00000", "2011-05-31": "5801.00000", "2011-02-28": "5954.00000", "2010-11-30": "6043.00000", "2010-08-31": "6011.00000", "2010-05-31": "6095.00000", "2010-02-28": "5919.10000", "2009-11-30": "5879.20000", "2009-08-31": "5827.70000", "2009-05-31": "5451.40000", "2009-02-28": "5231.50000", "2008-11-30": "5108.70000", "2008-08-31": "5045.90000", "2008-05-31": "5073.30000", "2008-02-29": "4982.70000", "2007-11-30": "4972.70000", "2007-08-31": "5017.60000", "2007-05-31": "4885.20000", "2007-02-28": "4818.20000", "2006-11-30": "4651.20000", "2006-08-31": "4543.10000", "2006-05-31": "4713.40000", "2006-02-28": "4718.80000", "2005-11-30": "4599.20000", "2005-08-31": "4614.70000", "2005-05-31": "4396.50000", "2005-02-28": "4262.70000"}, "Comprehensive Income": {"2020-11-30": "-429.00000", "2020-08-31": "-401.00000", "2020-05-31": "-56.00000", "2020-02-29": "-57.00000", "2019-11-30": "52.00000", "2019-08-31": "180.00000", "2019-05-31": "231.00000", "2019-02-28": "197.00000", "2018-11-30": "209.00000", "2018-08-31": "-30.00000", "2018-05-31": "-92.00000", "2018-02-28": "-624.00000", "2017-11-30": "-587.00000", "2017-08-31": "-586.00000", "2017-05-31": "-213.00000", "2017-02-28": "229.00000", "2016-11-30": "399.00000", "2016-08-31": "85.00000", "2016-05-31": "318.00000", "2016-02-29": "645.00000", "2015-11-30": "1107.00000", "2015-08-31": "833.00000", "2015-05-31": "1246.00000", "2015-02-28": "1111.00000", "2014-11-30": "525.00000", "2014-08-31": "224.00000", "2014-05-31": "85.00000", "2014-02-28": "33.00000", "2013-11-30": "90.00000", "2013-08-31": "177.00000", "2013-05-31": "274.00000", "2013-02-28": "231.00000", "2012-11-30": "138.00000", "2012-08-31": "111.00000", "2012-05-31": "149.00000", "2012-02-29": "243.00000", "2011-11-30": "215.00000", "2011-08-31": "105.00000", "2011-05-31": "95.00000", "2011-02-28": "106.00000", "2010-11-30": "151.00000", "2010-08-31": "138.00000", "2010-05-31": "215.00000", "2010-02-28": "234.40000", "2009-11-30": "156.00000", "2009-08-31": "244.30000", "2009-05-31": "367.50000", "2009-02-28": "191.30000", "2008-11-30": "252.80000", "2008-08-31": "361.00000", "2008-05-31": "251.40000", "2008-02-29": "277.00000", "2007-11-30": "229.00000", "2007-08-31": "204.20000", "2007-05-31": "177.40000", "2007-02-28": "146.10000", "2006-11-30": "142.70000", "2006-08-31": "137.00000", "2006-05-31": "121.70000", "2006-02-28": "127.70000", "2005-11-30": "126.80000", "2005-08-31": "105.80000", "2005-05-31": "73.40000", "2005-02-28": "18.60000"}, "Other Share Holders Equity": {"2020-11-30": "", "2020-08-31": "", "2020-05-31": "", "2020-02-29": "", "2019-11-30": "", "2019-08-31": "", "2019-05-31": "", "2019-02-28": "", "2018-11-30": "", "2018-08-31": "", "2018-05-31": "", "2018-02-28": "", "2017-11-30": "", "2017-08-31": "", "2017-05-31": "", "2017-02-28": "", "2016-11-30": "", "2016-08-31": "", "2016-05-31": "", "2016-02-29": "", "2015-11-30": "", "2015-08-31": "", "2015-05-31": "", "2015-02-28": "", "2014-11-30": "", "2014-08-31": "", "2014-05-31": "", "2014-02-28": "", "2013-11-30": "", "2013-08-31": "", "2013-05-31": "", "2013-02-28": "", "2012-11-30": "", "2012-08-31": "", "2012-05-31": "", "2012-02-29": "", "2011-11-30": "", "2011-08-31": "", "2011-05-31": "", "2011-02-28": "", "2010-11-30": "", "2010-08-31": "", "2010-05-31": "", "2010-02-28": "", "2009-11-30": "", "2009-08-31": "", "2009-05-31": "", "2009-02-28": "", "2008-11-30": "", "2008-08-31": "", "2008-05-31": "", "2008-02-29": "", "2007-11-30": "", "2007-08-31": "", "2007-05-31": "", "2007-02-28": "", "2006-11-30": "", "2006-08-31": "", "2006-05-31": "", "2006-02-28": "", "2005-11-30": "", "2005-08-31": "", "2005-05-31": "", "2005-02-28": ""}, "Share Holder Equity": {"2020-11-30": "10640.00000", "2020-08-31": "9224.00000", "2020-05-31": "8055.00000", "2020-02-29": "9045.00000", "2019-11-30": "9351.00000", "2019-08-31": "9200.00000", "2019-05-31": "9040.00000", "2019-02-28": "8961.00000", "2018-11-30": "8729.00000", "2018-08-31": "8992.00000", "2018-05-31": "9812.00000", "2018-02-28": "9782.00000", "2017-11-30": "11758.00000", "2017-08-31": "11993.00000", "2017-05-31": "12407.00000", "2017-02-28": "12722.00000", "2016-11-30": "12323.00000", "2016-08-31": "12165.00000", "2016-05-31": "12258.00000", "2016-02-29": "12300.00000", "2015-11-30": "13405.00000", "2015-08-31": "12894.00000", "2015-05-31": "12707.00000", "2015-02-28": "12368.00000", "2014-11-30": "11700.00000", "2014-08-31": "11105.00000", "2014-05-31": "10824.00000", "2014-02-28": "11133.00000", "2013-11-30": "11344.00000", "2013-08-31": "11282.00000", "2013-05-31": "11081.00000", "2013-02-28": "10667.00000", "2012-11-30": "10014.00000", "2012-08-31": "10047.00000", "2012-05-31": "10381.00000", "2012-02-29": "10176.00000", "2011-11-30": "9843.00000", "2011-08-31": "9899.00000", "2011-05-31": "9843.00000", "2011-02-28": "9902.00000", "2010-11-30": "9949.00000", "2010-08-31": "9660.00000", "2010-05-31": "9754.00000", "2010-02-28": "9428.90000", "2009-11-30": "9224.10000", "2009-08-31": "9090.70000", "2009-05-31": "8693.10000", "2009-02-28": "8210.80000", "2008-11-30": "8116.20000", "2008-08-31": "8032.60000", "2008-05-31": "7825.30000", "2008-02-29": "7613.20000", "2007-11-30": "7492.20000", "2007-08-31": "7354.60000", "2007-05-31": "7025.40000", "2007-02-28": "6848.00000", "2006-11-30": "6538.10000", "2006-08-31": "6220.90000", "2006-05-31": "6285.20000", "2006-02-28": "6261.60000", "2005-11-30": "6081.50000", "2005-08-31": "5963.80000", "2005-05-31": "5644.20000", "2005-02-28": "5427.10000"}, "Total Liabilities And Share Holders Equity": {"2020-11-30": "34836.00000", "2020-08-31": "33258.00000", "2020-05-31": "31342.00000", "2020-02-29": "26220.00000", "2019-11-30": "26602.00000", "2019-08-31": "26249.00000", "2019-05-31": "23717.00000", "2019-02-28": "22921.00000", "2018-11-30": "22677.00000", "2018-08-31": "22483.00000", "2018-05-31": "22536.00000", "2018-02-28": "22552.00000", "2017-11-30": "24055.00000", "2017-08-31": "23647.00000", "2017-05-31": "23259.00000", "2017-02-28": "23152.00000", "2016-11-30": "22652.00000", "2016-08-31": "21156.00000", "2016-05-31": "21379.00000", "2016-02-29": "20987.00000", "2015-11-30": "22583.00000", "2015-08-31": "20766.00000", "2015-05-31": "21597.00000", "2015-02-28": "20541.00000", "2014-11-30": "19167.00000", "2014-08-31": "18521.00000", "2014-05-31": "18594.00000", "2014-02-28": "17803.00000", "2013-11-30": "17820.00000", "2013-08-31": "17674.00000", "2013-05-31": "17545.00000", "2013-02-28": "15615.00000", "2012-11-30": "15171.00000", "2012-08-31": "15114.00000", "2012-05-31": "15465.00000", "2012-02-29": "14794.00000", "2011-11-30": "14565.00000", "2011-08-31": "14803.00000", "2011-05-31": "14998.00000", "2011-02-28": "14478.00000", "2010-11-30": "14464.00000", "2010-08-31": "14051.00000", "2010-05-31": "14419.00000", "2010-02-28": "13576.30000", "2009-11-30": "13358.40000", "2009-08-31": "13190.60000", "2009-05-31": "13249.60000", "2009-02-28": "12255.70000", "2008-11-30": "12634.70000", "2008-08-31": "12594.80000", "2008-05-31": "12442.70000", "2008-02-29": "11788.20000", "2007-11-30": "11454.60000", "2007-08-31": "11013.50000", "2007-05-31": "10688.30000", "2007-02-28": "10218.60000", "2006-11-30": "9822.20000", "2006-08-31": "9570.50000", "2006-05-31": "9869.60000", "2006-02-28": "9518.20000", "2005-11-30": "9144.10000", "2005-08-31": "9115.70000", "2005-05-31": "8793.60000", "2005-02-28": "8652.10000"}}, "cash flow statement": {"Net Income/Loss": {"2020-05-31": "2539.00000", "2019-05-31": "4029.00000", "2018-05-31": "1933.00000", "2017-05-31": "4240.00000", "2016-05-31": "3760.00000", "2015-05-31": "3273.00000", "2014-05-31": "2693.00000", "2013-05-31": "2472.00000", "2012-05-31": "2211.00000", "2011-05-31": "2133.00000", "2010-05-31": "1907.00000", "2009-05-31": "1487.00000", "2008-05-31": "1883.40000", "2007-05-31": "1491.50000", "2006-05-31": "1392.00000", "2005-05-31": "1211.60000"}, "Total Depreciation And Amortization - Cash Flow": {"2020-05-31": "1119.00000", "2019-05-31": "720.00000", "2018-05-31": "774.00000", "2017-05-31": "716.00000", "2016-05-31": "662.00000", "2015-05-31": "649.00000", "2014-05-31": "586.00000", "2013-05-31": "502.00000", "2012-05-31": "396.00000", "2011-05-31": "358.00000", "2010-05-31": "396.00000", "2009-05-31": "784.00000", "2008-05-31": "321.50000", "2007-05-31": "270.20000", "2006-05-31": "279.10000", "2005-05-31": "282.80000"}, "Other Non-Cash Items": {"2020-05-31": "72.00000", "2019-05-31": "592.00000", "2018-05-31": "766.00000", "2017-05-31": "-175.00000", "2016-05-31": "254.00000", "2015-05-31": "502.00000", "2014-05-31": "222.00000", "2013-05-31": "136.00000", "2012-05-31": "71.00000", "2011-05-31": "29.00000", "2010-05-31": "167.00000", "2009-05-31": "-123.00000", "2008-05-31": "-220.20000", "2007-05-31": "181.80000", "2006-05-31": "40.00000", "2005-05-31": "89.30000"}, "Total Non-Cash Items": {"2020-05-31": "1191.00000", "2019-05-31": "1312.00000", "2018-05-31": "1540.00000", "2017-05-31": "541.00000", "2016-05-31": "916.00000", "2015-05-31": "1151.00000", "2014-05-31": "808.00000", "2013-05-31": "638.00000", "2012-05-31": "467.00000", "2011-05-31": "387.00000", "2010-05-31": "563.00000", "2009-05-31": "661.00000", "2008-05-31": "101.30000", "2007-05-31": "452.00000", "2006-05-31": "319.10000", "2005-05-31": "372.10000"}, "Change In Accounts Receivable": {"2020-05-31": "1239.00000", "2019-05-31": "-270.00000", "2018-05-31": "187.00000", "2017-05-31": "-426.00000", "2016-05-31": "60.00000", "2015-05-31": "-216.00000", "2014-05-31": "-298.00000", "2013-05-31": "142.00000", "2012-05-31": "-323.00000", "2011-05-31": "-273.00000", "2010-05-31": "182.00000", "2009-05-31": "-238.00000", "2008-05-31": "-118.30000", "2007-05-31": "-39.60000", "2006-05-31": "-85.10000", "2005-05-31": "-93.50000"}, "Change In Inventories": {"2020-05-31": "-1854.00000", "2019-05-31": "-490.00000", "2018-05-31": "-255.00000", "2017-05-31": "-231.00000", "2016-05-31": "-590.00000", "2015-05-31": "-621.00000", "2014-05-31": "-505.00000", "2013-05-31": "-219.00000", "2012-05-31": "-815.00000", "2011-05-31": "-551.00000", "2010-05-31": "285.00000", "2009-05-31": "32.00000", "2008-05-31": "-249.80000", "2007-05-31": "-49.50000", "2006-05-31": "-200.30000", "2005-05-31": "-103.30000"}, "Change In Accounts Payable": {"2020-05-31": "", "2019-05-31": "", "2018-05-31": "", "2017-05-31": "", "2016-05-31": "", "2015-05-31": "", "2014-05-31": "", "2013-05-31": "", "2012-05-31": "", "2011-05-31": "", "2010-05-31": "", "2009-05-31": "", "2008-05-31": "", "2007-05-31": "", "2006-05-31": "", "2005-05-31": ""}, "Change In Assets/Liabilities": {"2020-05-31": "-654.00000", "2019-05-31": "-203.00000", "2018-05-31": "35.00000", "2017-05-31": "-120.00000", "2016-05-31": "-161.00000", "2015-05-31": "-144.00000", "2014-05-31": "-210.00000", "2013-05-31": "-28.00000", "2012-05-31": "-141.00000", "2011-05-31": "-35.00000", "2010-05-31": "-70.00000", "2009-05-31": "14.00000", "2008-05-31": "-11.20000", "2007-05-31": "-60.80000", "2006-05-31": "-37.20000", "2005-05-31": "71.40000"}, "Total Change In Assets/Liabilities": {"2020-05-31": "-1245.00000", "2019-05-31": "562.00000", "2018-05-31": "1482.00000", "2017-05-31": "-935.00000", "2016-05-31": "-1277.00000", "2015-05-31": "256.00000", "2014-05-31": "-488.00000", "2013-05-31": "-78.00000", "2012-05-31": "-854.00000", "2011-05-31": "-708.00000", "2010-05-31": "694.00000", "2009-05-31": "-412.00000", "2008-05-31": "-48.40000", "2007-05-31": "-64.80000", "2006-05-31": "-43.20000", "2005-05-31": "-13.00000"}, "Cash Flow From Operating Activities": {"2020-05-31": "2485.00000", "2019-05-31": "5903.00000", "2018-05-31": "4955.00000", "2017-05-31": "3846.00000", "2016-05-31": "3399.00000", "2015-05-31": "4680.00000", "2014-05-31": "3013.00000", "2013-05-31": "3032.00000", "2012-05-31": "1824.00000", "2011-05-31": "1812.00000", "2010-05-31": "3164.00000", "2009-05-31": "1736.00000", "2008-05-31": "1936.30000", "2007-05-31": "1878.70000", "2006-05-31": "1667.90000", "2005-05-31": "1570.70000"}, "Net Change In Property, Plant, And Equipment": {"2020-05-31": "-1086.00000", "2019-05-31": "-1119.00000", "2018-05-31": "-1028.00000", "2017-05-31": "-1092.00000", "2016-05-31": "-1133.00000", "2015-05-31": "-960.00000", "2014-05-31": "-877.00000", "2013-05-31": "-584.00000", "2012-05-31": "-561.00000", "2011-05-31": "-431.00000", "2010-05-31": "-325.00000", "2009-05-31": "-423.00000", "2008-05-31": "-447.30000", "2007-05-31": "-285.20000", "2006-05-31": "-332.10000", "2005-05-31": "-249.90000"}, "Net Change In Intangible Assets": {"2020-05-31": "", "2019-05-31": "", "2018-05-31": "", "2017-05-31": "", "2016-05-31": "", "2015-05-31": "", "2014-05-31": "", "2013-05-31": "", "2012-05-31": "", "2011-05-31": "", "2010-05-31": "", "2009-05-31": "", "2008-05-31": "", "2007-05-31": "", "2006-05-31": "", "2005-05-31": ""}, "Net Acquisitions/Divestitures": {"2020-05-31": "", "2019-05-31": "", "2018-05-31": "", "2017-05-31": "", "2016-05-31": "", "2015-05-31": "", "2014-05-31": "", "2013-05-31": "786.00000", "2012-05-31": "", "2011-05-31": "", "2010-05-31": "", "2009-05-31": "", "2008-05-31": "-325.10000", "2007-05-31": "", "2006-05-31": "", "2005-05-31": "-47.20000"}, "Net Change In Short-term Investments": {"2020-05-31": "27.00000", "2019-05-31": "850.00000", "2018-05-31": "1326.00000", "2017-05-31": "118.00000", "2016-05-31": "93.00000", "2015-05-31": "785.00000", "2014-05-31": "-328.00000", "2013-05-31": "-1140.00000", "2012-05-31": "1139.00000", "2011-05-31": "-537.00000", "2010-05-31": "-937.00000", "2009-05-31": "-519.00000", "2008-05-31": "380.40000", "2007-05-31": "382.40000", "2006-05-31": "-909.90000", "2005-05-31": "-35.30000"}, "Net Change In Long-Term Investments": {"2020-05-31": "", "2019-05-31": "", "2018-05-31": "", "2017-05-31": "", "2016-05-31": "", "2015-05-31": "", "2014-05-31": "", "2013-05-31": "", "2012-05-31": "", "2011-05-31": "", "2010-05-31": "", "2009-05-31": "", "2008-05-31": "", "2007-05-31": "", "2006-05-31": "", "2005-05-31": ""}, "Net Change In Investments - Total": {"2020-05-31": "27.00000", "2019-05-31": "850.00000", "2018-05-31": "1326.00000", "2017-05-31": "118.00000", "2016-05-31": "93.00000", "2015-05-31": "785.00000", "2014-05-31": "-328.00000", "2013-05-31": "-1140.00000", "2012-05-31": "1139.00000", "2011-05-31": "-537.00000", "2010-05-31": "-937.00000", "2009-05-31": "-519.00000", "2008-05-31": "380.40000", "2007-05-31": "382.40000", "2006-05-31": "-909.90000", "2005-05-31": "-35.30000"}, "Investing Activities - Other": {"2020-05-31": "31.00000", "2019-05-31": "5.00000", "2018-05-31": "-22.00000", "2017-05-31": "-34.00000", "2016-05-31": "6.00000", "2015-05-31": "", "2014-05-31": "-2.00000", "2013-05-31": "-2.00000", "2012-05-31": "8.00000", "2011-05-31": "-53.00000", "2010-05-31": "-6.00000", "2009-05-31": "144.00000", "2008-05-31": "-97.80000", "2007-05-31": "-4.30000", "2006-05-31": "-34.60000", "2005-05-31": "-28.00000"}, "Cash Flow From Investing Activities": {"2020-05-31": "-1028.00000", "2019-05-31": "-264.00000", "2018-05-31": "276.00000", "2017-05-31": "-1008.00000", "2016-05-31": "-1034.00000", "2015-05-31": "-175.00000", "2014-05-31": "-1207.00000", "2013-05-31": "-940.00000", "2012-05-31": "586.00000", "2011-05-31": "-1021.00000", "2010-05-31": "-1268.00000", "2009-05-31": "-798.00000", "2008-05-31": "-489.80000", "2007-05-31": "92.90000", "2006-05-31": "-1276.60000", "2005-05-31": "-360.40000"}, "Net Long-Term Debt": {"2020-05-31": "6134.00000", "2019-05-31": "", "2018-05-31": "", "2017-05-31": "1421.00000", "2016-05-31": "868.00000", "2015-05-31": "-26.00000", "2014-05-31": "-77.00000", "2013-05-31": "937.00000", "2012-05-31": "-203.00000", "2011-05-31": "-8.00000", "2010-05-31": "-32.00000", "2009-05-31": "-7.00000", "2008-05-31": "-35.20000", "2007-05-31": "-213.90000", "2006-05-31": "-6.00000", "2005-05-31": "-9.20000"}, "Net Current Debt": {"2020-05-31": "49.00000", "2019-05-31": "-325.00000", "2018-05-31": "13.00000", "2017-05-31": "327.00000", "2016-05-31": "-67.00000", "2015-05-31": "-63.00000", "2014-05-31": "75.00000", "2013-05-31": "10.00000", "2012-05-31": "-47.00000", "2011-05-31": "41.00000", "2010-05-31": "-205.00000", "2009-05-31": "177.00000", "2008-05-31": "63.70000", "2007-05-31": "52.60000", "2006-05-31": "-18.20000", "2005-05-31": "-81.70000"}, "Debt Issuance/Retirement Net - Total": {"2020-05-31": "6183.00000", "2019-05-31": "-325.00000", "2018-05-31": "13.00000", "2017-05-31": "1748.00000", "2016-05-31": "801.00000", "2015-05-31": "-89.00000", "2014-05-31": "-2.00000", "2013-05-31": "947.00000", "2012-05-31": "-250.00000", "2011-05-31": "33.00000", "2010-05-31": "-237.00000", "2009-05-31": "170.00000", "2008-05-31": "28.50000", "2007-05-31": "-161.30000", "2006-05-31": "-24.20000", "2005-05-31": "-90.90000"}, "Net Common Equity Issued/Repurchased": {"2020-05-31": "-2182.00000", "2019-05-31": "-3586.00000", "2018-05-31": "-3521.00000", "2017-05-31": "-2734.00000", "2016-05-31": "-2731.00000", "2015-05-31": "-2020.00000", "2014-05-31": "-2245.00000", "2013-05-31": "-1361.00000", "2012-05-31": "-1346.00000", "2011-05-31": "-1514.00000", "2010-05-31": "-377.00000", "2009-05-31": "-462.00000", "2008-05-31": "-904.70000", "2007-05-31": "-662.30000", "2006-05-31": "-535.80000", "2005-05-31": "-329.40000"}, "Net Total Equity Issued/Repurchased": {"2020-05-31": "-2182.00000", "2019-05-31": "-3586.00000", "2018-05-31": "-3521.00000", "2017-05-31": "-2734.00000", "2016-05-31": "-2731.00000", "2015-05-31": "-2020.00000", "2014-05-31": "-2245.00000", "2013-05-31": "-1361.00000", "2012-05-31": "-1346.00000", "2011-05-31": "-1514.00000", "2010-05-31": "-377.00000", "2009-05-31": "-462.00000", "2008-05-31": "-904.70000", "2007-05-31": "-662.30000", "2006-05-31": "-535.80000", "2005-05-31": "-329.40000"}, "Total Common And Preferred Stock Dividends Paid": {"2020-05-31": "-1452.00000", "2019-05-31": "-1332.00000", "2018-05-31": "-1243.00000", "2017-05-31": "-1133.00000", "2016-05-31": "-1022.00000", "2015-05-31": "-899.00000", "2014-05-31": "-799.00000", "2013-05-31": "-703.00000", "2012-05-31": "-619.00000", "2011-05-31": "-555.00000", "2010-05-31": "-505.00000", "2009-05-31": "-467.00000", "2008-05-31": "-412.90000", "2007-05-31": "-343.70000", "2006-05-31": "-290.90000", "2005-05-31": "-236.70000"}, "Financial Activities - Other": {"2020-05-31": "-58.00000", "2019-05-31": "-50.00000", "2018-05-31": "-84.00000", "2017-05-31": "-29.00000", "2016-05-31": "-22.00000", "2015-05-31": "218.00000", "2014-05-31": "132.00000", "2013-05-31": "72.00000", "2012-05-31": "115.00000", "2011-05-31": "64.00000", "2010-05-31": "58.00000", "2009-05-31": "25.00000", "2008-05-31": "63.00000", "2007-05-31": "55.80000", "2006-05-31": "", "2005-05-31": ""}, "Cash Flow From Financial Activities": {"2020-05-31": "2491.00000", "2019-05-31": "-5293.00000", "2018-05-31": "-4835.00000", "2017-05-31": "-2148.00000", "2016-05-31": "-2974.00000", "2015-05-31": "-2790.00000", "2014-05-31": "-2914.00000", "2013-05-31": "-1045.00000", "2012-05-31": "-2100.00000", "2011-05-31": "-1972.00000", "2010-05-31": "-1061.00000", "2009-05-31": "-734.00000", "2008-05-31": "-1226.10000", "2007-05-31": "-1111.50000", "2006-05-31": "-850.90000", "2005-05-31": "-657.00000"}, "Net Cash Flow": {"2020-05-31": "3882.00000", "2019-05-31": "217.00000", "2018-05-31": "441.00000", "2017-05-31": "670.00000", "2016-05-31": "-714.00000", "2015-05-31": "1632.00000", "2014-05-31": "-1117.00000", "2013-05-31": "1083.00000", "2012-05-31": "377.00000", "2011-05-31": "-1124.00000", "2010-05-31": "788.00000", "2009-05-31": "157.00000", "2008-05-31": "277.20000", "2007-05-31": "902.50000", "2006-05-31": "-433.90000", "2005-05-31": "560.10000"}, "Stock-Based Compensation": {"2020-05-31": "429.00000", "2019-05-31": "325.00000", "2018-05-31": "218.00000", "2017-05-31": "215.00000", "2016-05-31": "236.00000", "2015-05-31": "191.00000", "2014-05-31": "177.00000", "2013-05-31": "174.00000", "2012-05-31": "130.00000", "2011-05-31": "105.00000", "2010-05-31": "159.00000", "2009-05-31": "171.00000", "2008-05-31": "141.00000", "2007-05-31": "147.70000", "2006-05-31": "11.80000", "2005-05-31": "4.90000"}, "Common Stock Dividends Paid": {"2020-05-31": "-1452.00000", "2019-05-31": "-1332.00000", "2018-05-31": "-1243.00000", "2017-05-31": "-1133.00000", "2016-05-31": "-1022.00000", "2015-05-31": "-899.00000", "2014-05-31": "-799.00000", "2013-05-31": "-703.00000", "2012-05-31": "-619.00000", "2011-05-31": "-555.00000", "2010-05-31": "-505.00000", "2009-05-31": "-467.00000", "2008-05-31": "-412.90000", "2007-05-31": "-343.70000", "2006-05-31": "-290.90000", "2005-05-31": "-236.70000"}}, "cash flow statement, quarterly": {"Net Income/Loss": {"2020-11-30": 1251, "2020-08-31": "1518.00000", "2020-05-31": -790, "2020-02-29": 847, "2019-11-30": 1115, "2019-08-31": "1367.00000", "2019-05-31": 989, "2019-02-28": 1101, "2018-11-30": 847, "2018-08-31": "1092.00000", "2018-05-31": 1137, "2018-02-28": -921, "2017-11-30": 767, "2017-08-31": "950.00000", "2017-05-31": 1008, "2017-02-28": 1141, "2016-11-30": 842, "2016-08-31": "1249.00000", "2016-05-31": 846, "2016-02-29": 950, "2015-11-30": 785, "2015-08-31": "1179.00000", "2015-05-31": 865, "2015-02-28": 791, "2014-11-30": 655, "2014-08-31": "962.00000", "2014-05-31": 698, "2014-02-28": 682, "2013-11-30": 534, "2013-08-31": "779.00000", "2013-05-31": 655, "2013-02-28": 866, "2012-11-30": 384, "2012-08-31": "567.00000", "2012-05-31": 537, "2012-02-29": 560, "2011-11-30": 469, "2011-08-31": "645.00000", "2011-05-31": 594, "2011-02-28": 523, "2010-11-30": 457, "2010-08-31": "559.00000", "2010-05-31": 522, "2010-02-28": 497, "2009-11-30": 375, "2009-08-31": "513.00000", "2009-05-31": 341.7, "2009-02-28": 243.8, "2008-11-30": 391, "2008-08-31": "510.50000", "2008-05-31": 490.5, "2008-02-29": 463.8, "2007-11-30": 359.4, "2007-08-31": "569.70000", "2007-05-31": 437.9, "2007-02-28": 350.8, "2006-11-30": 325.6, "2006-08-31": "377.20000", "2006-05-31": 332.8, "2006-02-28": 325.8, "2005-11-30": 301.1, "2005-08-31": "432.30000", "2005-05-31": 349.5, "2005-02-28": 862.1}, "Total Depreciation And Amortization - Cash Flow": {"2020-11-30": 247, "2020-08-31": "217.00000", "2020-05-31": 223, "2020-02-29": 534, "2019-11-30": 187, "2019-08-31": "175.00000", "2019-05-31": 184, "2019-02-28": 177, "2018-11-30": 178, "2018-08-31": "181.00000", "2018-05-31": 200, "2018-02-28": 198, "2017-11-30": 191, "2017-08-31": "185.00000", "2017-05-31": 188, "2017-02-28": 170, "2016-11-30": 178, "2016-08-31": "180.00000", "2016-05-31": 163, "2016-02-29": 177, "2015-11-30": 157, "2015-08-31": "165.00000", "2015-05-31": 168, "2015-02-28": 165, "2014-11-30": 161, "2014-08-31": "155.00000", "2014-05-31": 155, "2014-02-28": 134, "2013-11-30": 145, "2013-08-31": "152.00000", "2013-05-31": 143, "2013-02-28": 93, "2012-11-30": 129, "2012-08-31": "137.00000", "2012-05-31": 76, "2012-02-29": 122, "2011-11-30": 87, "2011-08-31": "111.00000", "2011-05-31": 98, "2011-02-28": 85, "2010-11-30": 113, "2010-08-31": "62.00000", "2010-05-31": 134, "2010-02-28": 87, "2009-11-30": 94, "2009-08-31": "81.00000", "2009-05-31": 127.9, "2009-02-28": 481.2, "2008-11-30": 89.6, "2008-08-31": "85.30000", "2008-05-31": 72.6, "2008-02-29": 91.5, "2007-11-30": 85.8, "2007-08-31": "71.60000", "2007-05-31": 81, "2007-02-28": 46.9, "2006-11-30": 61.1, "2006-08-31": "81.20000", "2006-05-31": 45.4, "2006-02-28": 90.6, "2005-11-30": 73.5, "2005-08-31": "69.60000", "2005-05-31": 63.4, "2005-02-28": 219.4}, "Other Non-Cash Items": {"2020-11-30": 179, "2020-08-31": "-129.00000", "2020-05-31": 190, "2020-02-29": -180, "2019-11-30": -25, "2019-08-31": "87.00000", "2019-05-31": 81, "2019-02-28": 157, "2018-11-30": 129, "2018-08-31": "225.00000", "2018-05-31": 174, "2018-02-28": 639, "2017-11-30": -19, "2017-08-31": "-28.00000", "2017-05-31": -48, "2017-02-28": -134, "2016-11-30": 61, "2016-08-31": "-54.00000", "2016-05-31": -108, "2016-02-29": 211, "2015-11-30": 96, "2015-08-31": "55.00000", "2015-05-31": -92, "2015-02-28": 210, "2014-11-30": 253, "2014-08-31": "131.00000", "2014-05-31": 88, "2014-02-28": 22, "2013-11-30": 46, "2013-08-31": "66.00000", "2013-05-31": 188, "2013-02-28": -193, "2012-11-30": 121, "2012-08-31": "20.00000", "2012-05-31": -17, "2012-02-29": 28, "2011-11-30": 31, "2011-08-31": "29.00000", "2011-05-31": 21, "2011-02-28": -39, "2010-11-30": 26, "2010-08-31": "21.00000", "2010-05-31": -45, "2010-02-28": 78, "2009-11-30": 61, "2009-08-31": "73.00000", "2009-05-31": 20.3, "2009-02-28": -207.5, "2008-11-30": 59, "2008-08-31": "5.20000", "2008-05-31": -203.1, "2008-02-29": 1, "2007-11-30": 22.9, "2007-08-31": "-41.00000", "2007-05-31": 1.6, "2007-02-28": 46.4, "2006-11-30": 73.2, "2006-08-31": "60.60000", "2006-05-31": -13.8, "2006-02-28": 11.6, "2005-11-30": 37.5, "2005-08-31": "4.70000", "2005-05-31": 33.1, "2005-02-28": 56.2}, "Total Non-Cash Items": {"2020-11-30": 426, "2020-08-31": "88.00000", "2020-05-31": 413, "2020-02-29": 354, "2019-11-30": 162, "2019-08-31": "262.00000", "2019-05-31": 265, "2019-02-28": 334, "2018-11-30": 307, "2018-08-31": "406.00000", "2018-05-31": 374, "2018-02-28": 837, "2017-11-30": 172, "2017-08-31": "157.00000", "2017-05-31": 140, "2017-02-28": 36, "2016-11-30": 239, "2016-08-31": "126.00000", "2016-05-31": 55, "2016-02-29": 388, "2015-11-30": 253, "2015-08-31": "220.00000", "2015-05-31": 76, "2015-02-28": 375, "2014-11-30": 414, "2014-08-31": "286.00000", "2014-05-31": 243, "2014-02-28": 156, "2013-11-30": 191, "2013-08-31": "218.00000", "2013-05-31": 331, "2013-02-28": -100, "2012-11-30": 250, "2012-08-31": "157.00000", "2012-05-31": 59, "2012-02-29": 150, "2011-11-30": 118, "2011-08-31": "140.00000", "2011-05-31": 119, "2011-02-28": 46, "2010-11-30": 139, "2010-08-31": "83.00000", "2010-05-31": 89, "2010-02-28": 165, "2009-11-30": 155, "2009-08-31": "154.00000", "2009-05-31": 148.2, "2009-02-28": 273.7, "2008-11-30": 148.6, "2008-08-31": "90.50000", "2008-05-31": -130.5, "2008-02-29": 92.5, "2007-11-30": 108.7, "2007-08-31": "30.60000", "2007-05-31": 82.6, "2007-02-28": 93.3, "2006-11-30": 134.3, "2006-08-31": "141.80000", "2006-05-31": 31.6, "2006-02-28": 102.2, "2005-11-30": 111, "2005-08-31": "74.30000", "2005-05-31": 96.5, "2005-02-28": 275.6}, "Change In Accounts Receivable": {"2020-11-30": 69, "2020-08-31": "-990.00000", "2020-05-31": 1714, "2020-02-29": 93, "2019-11-30": -112, "2019-08-31": "-456.00000", "2019-05-31": 190, "2019-02-28": -136, "2018-11-30": -30, "2018-08-31": "-294.00000", "2018-05-31": 184, "2018-02-28": -140, "2017-11-30": 244, "2017-08-31": "-101.00000", "2017-05-31": 120, "2017-02-28": -228, "2016-11-30": -34, "2016-08-31": "-284.00000", "2016-05-31": 184, "2016-02-29": 15, "2015-11-30": -191, "2015-08-31": "52.00000", "2015-05-31": -107, "2015-02-28": 68, "2014-11-30": 26, "2014-08-31": "-203.00000", "2014-05-31": -43, "2014-02-28": -166, "2013-11-30": 13, "2013-08-31": "-102.00000", "2013-05-31": 104, "2013-02-28": 16, "2012-11-30": 145, "2012-08-31": "-123.00000", "2012-05-31": -90, "2012-02-29": -142, "2011-11-30": 50, "2011-08-31": "-141.00000", "2011-05-31": -103, "2011-02-28": -134, "2010-11-30": 46, "2010-08-31": "-82.00000", "2010-05-31": 93, "2010-02-28": -196, "2009-11-30": 191, "2009-08-31": "94.00000", "2009-05-31": 135.8, "2009-02-28": -200.8, "2008-11-30": 119.9, "2008-08-31": "-292.90000", "2008-05-31": 15.5, "2008-02-29": -119.9, "2007-11-30": 243.4, "2007-08-31": "-257.30000", "2007-05-31": 63.1, "2007-02-28": -140.8, "2006-11-30": 202.4, "2006-08-31": "-164.30000", "2006-05-31": 10.4, "2006-02-28": -163.8, "2005-11-30": 201.1, "2005-08-31": "-132.80000", "2005-05-31": 4, "2005-02-28": -97.5}, "Change In Inventories": {"2020-11-30": 632, "2020-08-31": "689.00000", "2020-05-31": -1399, "2020-02-29": 153, "2019-11-30": -338, "2019-08-31": "-270.00000", "2019-05-31": -264, "2019-02-28": 37, "2018-11-30": -238, "2018-08-31": "-25.00000", "2018-05-31": -10, "2018-02-28": -2, "2017-11-30": -147, "2017-08-31": "-96.00000", "2017-05-31": -74, "2017-02-28": 143, "2016-11-30": -238, "2016-08-31": "-62.00000", "2016-05-31": -231, "2016-02-29": -5, "2015-11-30": -254, "2015-08-31": "-100.00000", "2015-05-31": -111, "2015-02-28": -192, "2014-11-30": -207, "2014-08-31": "-111.00000", "2014-05-31": -156, "2014-02-28": -72, "2013-11-30": -216, "2013-08-31": "-61.00000", "2013-05-31": -114, "2013-02-28": -64, "2012-11-30": -24, "2012-08-31": "-17.00000", "2012-05-31": -124, "2012-02-29": -136, "2011-11-30": -157, "2011-08-31": "-398.00000", "2011-05-31": -152, "2011-02-28": -147, "2010-11-30": -134, "2010-08-31": "-118.00000", "2010-05-31": 70, "2010-02-28": -37, "2009-11-30": 157, "2009-08-31": "95.00000", "2009-05-31": 214.5, "2009-02-28": -56.5, "2008-11-30": -69, "2008-08-31": "-57.00000", "2008-05-31": -65.9, "2008-02-29": -156, "2007-11-30": -7.9, "2007-08-31": "-20.00000", "2007-05-31": 59.3, "2007-02-28": -10.4, "2006-11-30": -24.5, "2006-08-31": "-73.90000", "2006-05-31": -2.3, "2006-02-28": -98.7, "2005-11-30": -70.2, "2005-08-31": "-29.10000", "2005-05-31": -106.1, "2005-02-28": 2.8}, "Change In Accounts Payable": {"2020-11-30": 0, "2020-08-31": "", "2020-05-31": 0, "2020-02-29": 0, "2019-11-30": 0, "2019-08-31": "", "2019-05-31": 0, "2019-02-28": 0, "2018-11-30": 0, "2018-08-31": "", "2018-05-31": 0, "2018-02-28": 0, "2017-11-30": 0, "2017-08-31": "", "2017-05-31": 0, "2017-02-28": 0, "2016-11-30": 0, "2016-08-31": "", "2016-05-31": 0, "2016-02-29": 0, "2015-11-30": 0, "2015-08-31": "", "2015-05-31": 0, "2015-02-28": 0, "2014-11-30": 0, "2014-08-31": "", "2014-05-31": 0, "2014-02-28": 0, "2013-11-30": 0, "2013-08-31": "", "2013-05-31": 0, "2013-02-28": 0, "2012-11-30": 0, "2012-08-31": "", "2012-05-31": 0, "2012-02-29": 0, "2011-11-30": 0, "2011-08-31": "", "2011-05-31": 0, "2011-02-28": 0, "2010-11-30": 0, "2010-08-31": "", "2010-05-31": 0, "2010-02-28": 0, "2009-11-30": 0, "2009-08-31": "", "2009-05-31": 0, "2009-02-28": 0, "2008-11-30": 0, "2008-08-31": "", "2008-05-31": 0, "2008-02-29": 0, "2007-11-30": 0, "2007-08-31": "", "2007-05-31": 0, "2007-02-28": 0, "2006-11-30": 0, "2006-08-31": "", "2006-05-31": 0, "2006-02-28": 0, "2005-11-30": 0, "2005-08-31": "", "2005-05-31": 0, "2005-02-28": 0}, "Change In Assets/Liabilities": {"2020-11-30": 175, "2020-08-31": "-338.00000", "2020-05-31": -160, "2020-02-29": -427, "2019-11-30": -105, "2019-08-31": "38.00000", "2019-05-31": -36, "2019-02-28": -43, "2018-11-30": -41, "2018-08-31": "-83.00000", "2018-05-31": 509, "2018-02-28": -266, "2017-11-30": 335, "2017-08-31": "-543.00000", "2017-05-31": 32, "2017-02-28": -67, "2016-11-30": -22, "2016-08-31": "-63.00000", "2016-05-31": -12, "2016-02-29": -35, "2015-11-30": -41, "2015-08-31": "-73.00000", "2015-05-31": -113, "2015-02-28": 27, "2014-11-30": -58, "2014-08-31": "", "2014-05-31": 12, "2014-02-28": -97, "2013-11-30": -23, "2013-08-31": "-102.00000", "2013-05-31": 51, "2013-02-28": -46, "2012-11-30": 30, "2012-08-31": "-63.00000", "2012-05-31": 8, "2012-02-29": -94, "2011-11-30": 4, "2011-08-31": "-59.00000", "2011-05-31": -43, "2011-02-28": -2, "2010-11-30": -3, "2010-08-31": "13.00000", "2010-05-31": -34, "2010-02-28": -35, "2009-11-30": 54, "2009-08-31": "-55.00000", "2009-05-31": 69, "2009-02-28": -80.6, "2008-11-30": -23.6, "2008-08-31": "49.20000", "2008-05-31": 18.9, "2008-02-29": 50.2, "2007-11-30": -78.4, "2007-08-31": "-1.90000", "2007-05-31": 78.8, "2007-02-28": 91.2, "2006-11-30": -182.9, "2006-08-31": "-47.90000", "2006-05-31": 98.4, "2006-02-28": -104.6, "2005-11-30": 8.6, "2005-08-31": "-39.60000", "2005-05-31": 32.3, "2005-02-28": 39.1}, "Total Change In Assets/Liabilities": {"2020-11-30": 796, "2020-08-31": "-724.00000", "2020-05-31": 376, "2020-02-29": -21, "2019-11-30": -365, "2019-08-31": "-1235.00000", "2019-05-31": 756, "2019-02-28": -367, "2018-11-30": 370, "2018-08-31": "-197.00000", "2018-05-31": 759, "2018-02-28": 871, "2017-11-30": 384, "2017-08-31": "-532.00000", "2017-05-31": -186, "2017-02-28": -63, "2016-11-30": -99, "2016-08-31": "-587.00000", "2016-05-31": 586, "2016-02-29": -462, "2015-11-30": -493, "2015-08-31": "-908.00000", "2015-05-31": 401, "2015-02-28": 625, "2014-11-30": -205, "2014-08-31": "-565.00000", "2014-05-31": 387, "2014-02-28": -101, "2013-11-30": -395, "2013-08-31": "-379.00000", "2013-05-31": 354, "2013-02-28": -319, "2012-11-30": 76, "2012-08-31": "-189.00000", "2012-05-31": 303, "2012-02-29": -382, "2011-11-30": -77, "2011-08-31": "-698.00000", "2011-05-31": 129, "2011-02-28": -246, "2010-11-30": -161, "2010-08-31": "-430.00000", "2010-05-31": 664, "2010-02-28": -150, "2009-11-30": 138, "2009-08-31": "42.00000", "2009-05-31": 583.7, "2009-02-28": -493.4, "2008-11-30": -258.9, "2008-08-31": "-243.40000", "2008-05-31": 272.5, "2008-02-29": -202.4, "2007-11-30": 162.3, "2007-08-31": "-280.80000", "2007-05-31": 443.4, "2007-02-28": -70.9, "2006-11-30": -150.1, "2006-08-31": "-287.20000", "2006-05-31": 350.4, "2006-02-28": -213.1, "2005-11-30": 64.4, "2005-08-31": "-244.90000", "2005-05-31": 43.6, "2005-02-28": -56.6}, "Cash Flow From Operating Activities": {"2020-11-30": 2473, "2020-08-31": "882.00000", "2020-05-31": -1, "2020-02-29": 1180, "2019-11-30": 912, "2019-08-31": "394.00000", "2019-05-31": 2010, "2019-02-28": 1068, "2018-11-30": 1524, "2018-08-31": "1301.00000", "2018-05-31": 2270, "2018-02-28": 787, "2017-11-30": 1323, "2017-08-31": "575.00000", "2017-05-31": 962, "2017-02-28": 1114, "2016-11-30": 982, "2016-08-31": "788.00000", "2016-05-31": 1487, "2016-02-29": 876, "2015-11-30": 545, "2015-08-31": "491.00000", "2015-05-31": 1342, "2015-02-28": 1791, "2014-11-30": 864, "2014-08-31": "683.00000", "2014-05-31": 1328, "2014-02-28": 737, "2013-11-30": 330, "2013-08-31": "618.00000", "2013-05-31": 1340, "2013-02-28": 447, "2012-11-30": 710, "2012-08-31": "535.00000", "2012-05-31": 899, "2012-02-29": 328, "2011-11-30": 510, "2011-08-31": "87.00000", "2011-05-31": 842, "2011-02-28": 323, "2010-11-30": 435, "2010-08-31": "212.00000", "2010-05-31": 1275, "2010-02-28": 512, "2009-11-30": 668, "2009-08-31": "709.00000", "2009-05-31": 1073.6, "2009-02-28": 24.1, "2008-11-30": 280.7, "2008-08-31": "357.60000", "2008-05-31": 632.5, "2008-02-29": 353.9, "2007-11-30": 630.4, "2007-08-31": "319.50000", "2007-05-31": 963.9, "2007-02-28": 373.2, "2006-11-30": 309.8, "2006-08-31": "231.80000", "2006-05-31": 714.8, "2006-02-28": 214.9, "2005-11-30": 476.5, "2005-08-31": "261.70000", "2005-05-31": 489.6, "2005-02-28": 1081.1}, "Net Change In Property, Plant, And Equipment": {"2020-11-30": -168, "2020-08-31": "-176.00000", "2020-05-31": -289, "2020-02-29": -275, "2019-11-30": -238, "2019-08-31": "-284.00000", "2019-05-31": -273, "2019-02-28": -216, "2018-11-30": -287, "2018-08-31": "-343.00000", "2018-05-31": -300, "2018-02-28": -231, "2017-11-30": -227, "2017-08-31": "-270.00000", "2017-05-31": -329, "2017-02-28": -263, "2016-11-30": -223, "2016-08-31": "-277.00000", "2016-05-31": -241, "2016-02-29": -286, "2015-11-30": -288, "2015-08-31": "-318.00000", "2015-05-31": -240, "2015-02-28": -235, "2014-11-30": -225, "2014-08-31": "-260.00000", "2014-05-31": -208, "2014-02-28": -221, "2013-11-30": -204, "2013-08-31": "-244.00000", "2013-05-31": -160, "2013-02-28": -174, "2012-11-30": -143, "2012-08-31": "-107.00000", "2012-05-31": -183, "2012-02-29": -120, "2011-11-30": -145, "2011-08-31": "-113.00000", "2011-05-31": -129, "2011-02-28": -111, "2010-11-30": -102, "2010-08-31": "-89.00000", "2010-05-31": -95, "2010-02-28": -66, "2009-11-30": -84, "2009-08-31": "-80.00000", "2009-05-31": -102.3, "2009-02-28": -109.8, "2008-11-30": -117.3, "2008-08-31": "-93.60000", "2008-05-31": -155.8, "2008-02-29": -90, "2007-11-30": -109.9, "2007-08-31": "-91.60000", "2007-05-31": -95.9, "2007-02-28": -34.6, "2006-11-30": -82.5, "2006-08-31": "-72.20000", "2006-05-31": -101.2, "2006-02-28": -66.8, "2005-11-30": -106, "2005-08-31": "-58.10000", "2005-05-31": -75.7, "2005-02-28": -174.2}, "Net Change In Intangible Assets": {"2020-11-30": 0, "2020-08-31": "", "2020-05-31": 0, "2020-02-29": 0, "2019-11-30": 0, "2019-08-31": "", "2019-05-31": 0, "2019-02-28": 0, "2018-11-30": 0, "2018-08-31": "", "2018-05-31": 0, "2018-02-28": 0, "2017-11-30": 0, "2017-08-31": "", "2017-05-31": 0, "2017-02-28": 0, "2016-11-30": 0, "2016-08-31": "", "2016-05-31": 0, "2016-02-29": 0, "2015-11-30": 0, "2015-08-31": "", "2015-05-31": 0, "2015-02-28": 0, "2014-11-30": 0, "2014-08-31": "", "2014-05-31": 0, "2014-02-28": 0, "2013-11-30": 0, "2013-08-31": "", "2013-05-31": 0, "2013-02-28": 0, "2012-11-30": 0, "2012-08-31": "", "2012-05-31": 0, "2012-02-29": 0, "2011-11-30": 0, "2011-08-31": "", "2011-05-31": 0, "2011-02-28": 0, "2010-11-30": 0, "2010-08-31": "", "2010-05-31": 0, "2010-02-28": 0, "2009-11-30": 0, "2009-08-31": "", "2009-05-31": 0, "2009-02-28": 0, "2008-11-30": 0, "2008-08-31": "", "2008-05-31": 0, "2008-02-29": 0, "2007-11-30": 0, "2007-08-31": "", "2007-05-31": 0, "2007-02-28": 0, "2006-11-30": 0, "2006-08-31": "", "2006-05-31": 0, "2006-02-28": 0, "2005-11-30": 0, "2005-08-31": "", "2005-05-31": 0, "2005-02-28": 0}, "Net Acquisitions/Divestitures": {"2020-11-30": 0, "2020-08-31": "", "2020-05-31": 0, "2020-02-29": 0, "2019-11-30": 0, "2019-08-31": "", "2019-05-31": 0, "2019-02-28": 0, "2018-11-30": 0, "2018-08-31": "", "2018-05-31": 0, "2018-02-28": 0, "2017-11-30": 0, "2017-08-31": "", "2017-05-31": 0, "2017-02-28": 0, "2016-11-30": 0, "2016-08-31": "", "2016-05-31": 0, "2016-02-29": 0, "2015-11-30": 0, "2015-08-31": "", "2015-05-31": 0, "2015-02-28": 0, "2014-11-30": 0, "2014-08-31": "", "2014-05-31": 0, "2014-02-28": 0, "2013-11-30": 0, "2013-08-31": "", "2013-05-31": 0, "2013-02-28": 561, "2012-11-30": 225, "2012-08-31": "", "2012-05-31": 0, "2012-02-29": 0, "2011-11-30": 0, "2011-08-31": "", "2011-05-31": 0, "2011-02-28": 0, "2010-11-30": 0, "2010-08-31": "", "2010-05-31": 0, "2010-02-28": 0, "2009-11-30": 0, "2009-08-31": "", "2009-05-31": 0, "2009-02-28": 0, "2008-11-30": 0, "2008-08-31": "", "2008-05-31": -273.1, "2008-02-29": -52, "2007-11-30": 0, "2007-08-31": "", "2007-05-31": 0, "2007-02-28": 0, "2006-11-30": 0, "2006-08-31": "", "2006-05-31": 0, "2006-02-28": 0, "2005-11-30": 0, "2005-08-31": "", "2005-05-31": 0, "2005-02-28": -47.2}, "Net Change In Short-term Investments": {"2020-11-30": -2074, "2020-08-31": "-715.00000", "2020-05-31": 18, "2020-02-29": 166, "2019-11-30": -202, "2019-08-31": "45.00000", "2019-05-31": 130, "2019-02-28": 339, "2018-11-30": 375, "2018-08-31": "6.00000", "2018-05-31": 72, "2018-02-28": 983, "2017-11-30": 13, "2017-08-31": "258.00000", "2017-05-31": -191, "2017-02-28": -480, "2016-11-30": 546, "2016-08-31": "243.00000", "2016-05-31": -258, "2016-02-29": 442, "2015-11-30": -24, "2015-08-31": "-67.00000", "2015-05-31": 447, "2015-02-28": 19, "2014-11-30": -221, "2014-08-31": "540.00000", "2014-05-31": 233, "2014-02-28": 179, "2013-11-30": -291, "2013-08-31": "-449.00000", "2013-05-31": -1082, "2013-02-28": -255, "2012-11-30": -136, "2012-08-31": "333.00000", "2012-05-31": -253, "2012-02-29": 257, "2011-11-30": 651, "2011-08-31": "484.00000", "2011-05-31": -255, "2011-02-28": 682, "2010-11-30": -350, "2010-08-31": "-614.00000", "2010-05-31": -259, "2010-02-28": 153, "2009-11-30": -610, "2009-08-31": "-221.00000", "2009-05-31": -453.5, "2009-02-28": 292.8, "2008-11-30": -36.3999, "2008-08-31": "-321.90010", "2008-05-31": 54.2, "2008-02-29": -80.1, "2007-11-30": 224.8, "2007-08-31": "181.50000", "2007-05-31": -594.1, "2007-02-28": 421.5, "2006-11-30": -106.8, "2006-08-31": "661.80000", "2006-05-31": -809.1, "2006-02-28": 378.6, "2005-11-30": -613.4, "2005-08-31": "134.00000", "2005-05-31": -17.4, "2005-02-28": -17.9}, "Net Change In Long-Term Investments": {"2020-11-30": 0, "2020-08-31": "", "2020-05-31": 0, "2020-02-29": 0, "2019-11-30": 0, "2019-08-31": "", "2019-05-31": 0, "2019-02-28": 0, "2018-11-30": 0, "2018-08-31": "", "2018-05-31": 0, "2018-02-28": 0, "2017-11-30": 0, "2017-08-31": "", "2017-05-31": 0, "2017-02-28": 0, "2016-11-30": 0, "2016-08-31": "", "2016-05-31": 0, "2016-02-29": 0, "2015-11-30": 0, "2015-08-31": "", "2015-05-31": 0, "2015-02-28": 0, "2014-11-30": 0, "2014-08-31": "", "2014-05-31": 0, "2014-02-28": 0, "2013-11-30": 0, "2013-08-31": "", "2013-05-31": 0, "2013-02-28": 0, "2012-11-30": 0, "2012-08-31": "", "2012-05-31": 0, "2012-02-29": 0, "2011-11-30": 0, "2011-08-31": "", "2011-05-31": 0, "2011-02-28": 0, "2010-11-30": 0, "2010-08-31": "", "2010-05-31": 0, "2010-02-28": 0, "2009-11-30": 0, "2009-08-31": "", "2009-05-31": 0, "2009-02-28": 0, "2008-11-30": 0, "2008-08-31": "", "2008-05-31": 0, "2008-02-29": 0, "2007-11-30": 0, "2007-08-31": "", "2007-05-31": 0, "2007-02-28": 0, "2006-11-30": 0, "2006-08-31": "", "2006-05-31": 0, "2006-02-28": 0, "2005-11-30": 0, "2005-08-31": "", "2005-05-31": 0, "2005-02-28": 0}, "Net Change In Investments - Total": {"2020-11-30": -2074, "2020-08-31": "-715.00000", "2020-05-31": 18, "2020-02-29": 166, "2019-11-30": -202, "2019-08-31": "45.00000", "2019-05-31": 130, "2019-02-28": 339, "2018-11-30": 375, "2018-08-31": "6.00000", "2018-05-31": 72, "2018-02-28": 983, "2017-11-30": 13, "2017-08-31": "258.00000", "2017-05-31": -191, "2017-02-28": -480, "2016-11-30": 546, "2016-08-31": "243.00000", "2016-05-31": -258, "2016-02-29": 442, "2015-11-30": -24, "2015-08-31": "-67.00000", "2015-05-31": 447, "2015-02-28": 19, "2014-11-30": -221, "2014-08-31": "540.00000", "2014-05-31": 233, "2014-02-28": 179, "2013-11-30": -291, "2013-08-31": "-449.00000", "2013-05-31": -1082, "2013-02-28": -255, "2012-11-30": -136, "2012-08-31": "333.00000", "2012-05-31": -253, "2012-02-29": 257, "2011-11-30": 651, "2011-08-31": "484.00000", "2011-05-31": -255, "2011-02-28": 682, "2010-11-30": -350, "2010-08-31": "-614.00000", "2010-05-31": -259, "2010-02-28": 153, "2009-11-30": -610, "2009-08-31": "-221.00000", "2009-05-31": -453.5, "2009-02-28": 292.8, "2008-11-30": -36.3999, "2008-08-31": "-321.90010", "2008-05-31": 54.2, "2008-02-29": -80.1, "2007-11-30": 224.8, "2007-08-31": "181.50000", "2007-05-31": -594.1, "2007-02-28": 421.5, "2006-11-30": -106.8, "2006-08-31": "661.80000", "2006-05-31": -809.1, "2006-02-28": 378.6, "2005-11-30": -613.4, "2005-08-31": "134.00000", "2005-05-31": -17.4, "2005-02-28": -17.9}, "Investing Activities - Other": {"2020-11-30": 254, "2020-08-31": "2.00000", "2020-05-31": 1, "2020-02-29": 139, "2019-11-30": 0, "2019-08-31": "-109.00000", "2019-05-31": 0, "2019-02-28": 1, "2018-11-30": 0, "2018-08-31": "4.00000", "2018-05-31": -22, "2018-02-28": 0, "2017-11-30": 0, "2017-08-31": "", "2017-05-31": 0, "2017-02-28": 19, "2016-11-30": -11, "2016-08-31": "-42.00000", "2016-05-31": 9, "2016-02-29": -3, "2015-11-30": 0, "2015-08-31": "", "2015-05-31": 0, "2015-02-28": 0, "2014-11-30": 0, "2014-08-31": "", "2014-05-31": -1, "2014-02-28": 0, "2013-11-30": 0, "2013-08-31": "-1.00000", "2013-05-31": 16, "2013-02-28": -6, "2012-11-30": -7, "2012-08-31": "-5.00000", "2012-05-31": 24, "2012-02-29": 29, "2011-11-30": 9, "2011-08-31": "-54.00000", "2011-05-31": -35, "2011-02-28": -2, "2010-11-30": -35, "2010-08-31": "19.00000", "2010-05-31": 50, "2010-02-28": 14, "2009-11-30": -39, "2009-08-31": "-31.00000", "2009-05-31": -40.5, "2009-02-28": 25.4, "2008-11-30": 171.7, "2008-08-31": "-12.60000", "2008-05-31": -87.7, "2008-02-29": 0.3, "2007-11-30": -9.2, "2007-08-31": "-1.20000", "2007-05-31": 4.9, "2007-02-28": 1.2, "2006-11-30": -4.9, "2006-08-31": "-5.50000", "2006-05-31": -10.4, "2006-02-28": -15.6, "2005-11-30": -2, "2005-08-31": "-6.60000", "2005-05-31": -4.3, "2005-02-28": -23.7}, "Cash Flow From Investing Activities": {"2020-11-30": -1988, "2020-08-31": "-889.00000", "2020-05-31": -270, "2020-02-29": 30, "2019-11-30": -440, "2019-08-31": "-348.00000", "2019-05-31": -143, "2019-02-28": 124, "2018-11-30": 88, "2018-08-31": "-333.00000", "2018-05-31": -250, "2018-02-28": 752, "2017-11-30": -214, "2017-08-31": "-12.00000", "2017-05-31": -520, "2017-02-28": -724, "2016-11-30": 312, "2016-08-31": "-76.00000", "2016-05-31": -490, "2016-02-29": 153, "2015-11-30": -312, "2015-08-31": "-385.00000", "2015-05-31": 207, "2015-02-28": -216, "2014-11-30": -446, "2014-08-31": "280.00000", "2014-05-31": 24, "2014-02-28": -42, "2013-11-30": -495, "2013-08-31": "-694.00000", "2013-05-31": -1226, "2013-02-28": 126, "2012-11-30": -61, "2012-08-31": "221.00000", "2012-05-31": -412, "2012-02-29": 166, "2011-11-30": 515, "2011-08-31": "317.00000", "2011-05-31": -419, "2011-02-28": 569, "2010-11-30": -487, "2010-08-31": "-684.00000", "2010-05-31": -304, "2010-02-28": 101, "2009-11-30": -733, "2009-08-31": "-332.00000", "2009-05-31": -596.3, "2009-02-28": 208.4, "2008-11-30": 18, "2008-08-31": "-428.10000", "2008-05-31": -462.4, "2008-02-29": -221.8, "2007-11-30": 105.7, "2007-08-31": "88.70000", "2007-05-31": -685.1, "2007-02-28": 388.1, "2006-11-30": -194.2, "2006-08-31": "584.10000", "2006-05-31": -920.7, "2006-02-28": 296.2, "2005-11-30": -721.4, "2005-08-31": "69.30000", "2005-05-31": -97.4, "2005-02-28": -263}, "Net Long-Term Debt": {"2020-11-30": 0, "2020-08-31": "", "2020-05-31": 6134, "2020-02-29": 0, "2019-11-30": 0, "2019-08-31": "", "2019-05-31": 0, "2019-02-28": 0, "2018-11-30": 0, "2018-08-31": "", "2018-05-31": 20, "2018-02-28": -6, "2017-11-30": -7, "2017-08-31": "-7.00000", "2017-05-31": -4, "2017-02-28": -48, "2016-11-30": 1477, "2016-08-31": "-4.00000", "2016-05-31": -4, "2016-02-29": -3, "2015-11-30": 876, "2015-08-31": "-1.00000", "2015-05-31": -5, "2015-02-28": -5, "2014-11-30": -8, "2014-08-31": "-8.00000", "2014-05-31": -10, "2014-02-28": -10, "2013-11-30": -55, "2013-08-31": "-2.00000", "2013-05-31": 984, "2013-02-28": -2, "2012-11-30": -3, "2012-08-31": "-42.00000", "2012-05-31": -2, "2012-02-29": -67, "2011-11-30": -2, "2011-08-31": "-132.00000", "2011-05-31": -2, "2011-02-28": -2, "2010-11-30": -2, "2010-08-31": "-2.00000", "2010-05-31": -1, "2010-02-28": -2, "2009-11-30": -2, "2009-08-31": "-27.00000", "2009-05-31": -1.9, "2009-02-28": -1.9, "2008-11-30": -1.6, "2008-08-31": "-1.60000", "2008-05-31": -5.7, "2008-02-29": -1.7, "2007-11-30": -1.4, "2007-08-31": "-26.40000", "2007-05-31": -1.5, "2007-02-28": 40.5, "2006-11-30": -1.5, "2006-08-31": "-251.40000", "2006-05-31": -1.4, "2006-02-28": -1.5, "2005-11-30": -1.5, "2005-08-31": "-1.60000", "2005-05-31": -1.7, "2005-02-28": -7.5}, "Net Current Debt": {"2020-11-30": -97, "2020-08-31": "-113.00000", "2020-05-31": 49, "2020-02-29": -288, "2019-11-30": 49, "2019-08-31": "239.00000", "2019-05-31": -5, "2019-02-28": 7, "2018-11-30": -6, "2018-08-31": "-321.00000", "2018-05-31": 327, "2018-02-28": -1218, "2017-11-30": 895, "2017-08-31": "9.00000", "2017-05-31": 303, "2017-02-28": 3, "2016-11-30": 0, "2016-08-31": "21.00000", "2016-05-31": 1, "2016-02-29": -101, "2015-11-30": 81, "2015-08-31": "-48.00000", "2015-05-31": 20, "2015-02-28": -25, "2014-11-30": -41, "2014-08-31": "-17.00000", "2014-05-31": 38, "2014-02-28": -22, "2013-11-30": 56, "2013-08-31": "3.00000", "2013-05-31": 17, "2013-02-28": 3, "2012-11-30": -29, "2012-08-31": "19.00000", "2012-05-31": 40, "2012-02-29": -38, "2011-11-30": -31, "2011-08-31": "-18.00000", "2011-05-31": 46, "2011-02-28": 10, "2010-11-30": 17, "2010-08-31": "-32.00000", "2010-05-31": 32, "2010-02-28": 8, "2009-11-30": 4, "2009-08-31": "-249.00000", "2009-05-31": 5.2, "2009-02-28": 18.1, "2008-11-30": 108.7, "2008-08-31": "45.00000", "2008-05-31": -26.9, "2008-02-29": 83.3, "2007-11-30": -31, "2007-08-31": "38.30000", "2007-05-31": 3.6, "2007-02-28": 35.5, "2006-11-30": -3, "2006-08-31": "16.50000", "2006-05-31": -35, "2006-02-28": -1.3, "2005-11-30": 13.9, "2005-08-31": "4.20000", "2005-05-31": -21.8, "2005-02-28": -59.9}, "Debt Issuance/Retirement Net - Total": {"2020-11-30": -97, "2020-08-31": "-113.00000", "2020-05-31": 6183, "2020-02-29": -288, "2019-11-30": 49, "2019-08-31": "239.00000", "2019-05-31": -5, "2019-02-28": 7, "2018-11-30": -6, "2018-08-31": "-321.00000", "2018-05-31": 347, "2018-02-28": -1224, "2017-11-30": 888, "2017-08-31": "2.00000", "2017-05-31": 299, "2017-02-28": -45, "2016-11-30": 1477, "2016-08-31": "17.00000", "2016-05-31": -3, "2016-02-29": -104, "2015-11-30": 957, "2015-08-31": "-49.00000", "2015-05-31": 15, "2015-02-28": -30, "2014-11-30": -49, "2014-08-31": "-25.00000", "2014-05-31": 28, "2014-02-28": -32, "2013-11-30": 1, "2013-08-31": "1.00000", "2013-05-31": 1001, "2013-02-28": 1, "2012-11-30": -32, "2012-08-31": "-23.00000", "2012-05-31": 38, "2012-02-29": -105, "2011-11-30": -33, "2011-08-31": "-150.00000", "2011-05-31": 44, "2011-02-28": 8, "2010-11-30": 15, "2010-08-31": "-34.00000", "2010-05-31": 31, "2010-02-28": 6, "2009-11-30": 2, "2009-08-31": "-276.00000", "2009-05-31": 3.3, "2009-02-28": 16.2, "2008-11-30": 107.1, "2008-08-31": "43.40000", "2008-05-31": -32.6, "2008-02-29": 81.6, "2007-11-30": -32.4, "2007-08-31": "11.90000", "2007-05-31": 2.1, "2007-02-28": 76, "2006-11-30": -4.5, "2006-08-31": "-234.90000", "2006-05-31": -36.4, "2006-02-28": -2.8, "2005-11-30": 12.4, "2005-08-31": "2.60000", "2005-05-31": -23.5, "2005-02-28": -67.4}, "Net Common Equity Issued/Repurchased": {"2020-11-30": 479, "2020-08-31": "302.00000", "2020-05-31": 5, "2020-02-29": -749, "2019-11-30": -550, "2019-08-31": "-888.00000", "2019-05-31": -668, "2019-02-28": -621, "2018-11-30": -1124, "2018-08-31": "-1173.00000", "2018-05-31": -1381, "2018-02-28": -684, "2017-11-30": -810, "2017-08-31": "-646.00000", "2017-05-31": -644, "2017-02-28": -374, "2016-11-30": -774, "2016-08-31": "-942.00000", "2016-05-31": -403, "2016-02-29": -1416, "2015-11-30": -452, "2015-08-31": "-460.00000", "2015-05-31": -537, "2015-02-28": -553, "2014-11-30": -238, "2014-08-31": "-692.00000", "2014-05-31": -837, "2014-02-28": -713, "2013-11-30": -263, "2013-08-31": "-432.00000", "2013-05-31": -113, "2013-02-28": -185, "2012-11-30": -336, "2012-08-31": "-727.00000", "2012-05-31": -133, "2012-02-29": -172, "2011-11-30": -562, "2011-08-31": "-479.00000", "2011-05-31": -541, "2011-02-28": -416, "2010-11-30": -116, "2010-08-31": "-441.00000", "2010-05-31": -74, "2010-02-28": -289, "2009-11-30": -46, "2009-08-31": "32.00000", "2009-05-31": 38.2, "2009-02-28": 9.4, "2008-11-30": -136.6, "2008-08-31": "-373.00000", "2008-05-31": -199.5, "2008-02-29": -310, "2007-11-30": -173.6, "2007-08-31": "-221.60000", "2007-05-31": -232.9, "2007-02-28": 9.5, "2006-11-30": 3.9, "2006-08-31": "-442.80000", "2006-05-31": -213.4, "2006-02-28": -85.6, "2005-11-30": -161.3, "2005-08-31": "-75.50000", "2005-05-31": -143.6, "2005-02-28": -185.8}, "Net Total Equity Issued/Repurchased": {"2020-11-30": 479, "2020-08-31": "302.00000", "2020-05-31": 5, "2020-02-29": -749, "2019-11-30": -550, "2019-08-31": "-888.00000", "2019-05-31": -668, "2019-02-28": -621, "2018-11-30": -1124, "2018-08-31": "-1173.00000", "2018-05-31": -1381, "2018-02-28": -684, "2017-11-30": -810, "2017-08-31": "-646.00000", "2017-05-31": -644, "2017-02-28": -374, "2016-11-30": -774, "2016-08-31": "-942.00000", "2016-05-31": -403, "2016-02-29": -1416, "2015-11-30": -452, "2015-08-31": "-460.00000", "2015-05-31": -537, "2015-02-28": -553, "2014-11-30": -238, "2014-08-31": "-692.00000", "2014-05-31": -837, "2014-02-28": -713, "2013-11-30": -263, "2013-08-31": "-432.00000", "2013-05-31": -113, "2013-02-28": -185, "2012-11-30": -336, "2012-08-31": "-727.00000", "2012-05-31": -133, "2012-02-29": -172, "2011-11-30": -562, "2011-08-31": "-479.00000", "2011-05-31": -541, "2011-02-28": -416, "2010-11-30": -116, "2010-08-31": "-441.00000", "2010-05-31": -74, "2010-02-28": -289, "2009-11-30": -46, "2009-08-31": "32.00000", "2009-05-31": 38.2, "2009-02-28": 9.4, "2008-11-30": -136.6, "2008-08-31": "-373.00000", "2008-05-31": -199.5, "2008-02-29": -310, "2007-11-30": -173.6, "2007-08-31": "-221.60000", "2007-05-31": -232.9, "2007-02-28": 9.5, "2006-11-30": 3.9, "2006-08-31": "-442.80000", "2006-05-31": -213.4, "2006-02-28": -85.6, "2005-11-30": -161.3, "2005-08-31": "-75.50000", "2005-05-31": -143.6, "2005-02-28": -185.8}, "Total Common And Preferred Stock Dividends Paid": {"2020-11-30": -385, "2020-08-31": "-384.00000", "2020-05-31": -381, "2020-02-29": -382, "2019-11-30": -344, "2019-08-31": "-345.00000", "2019-05-31": -346, "2019-02-28": -348, "2018-11-30": -318, "2018-08-31": "-320.00000", "2018-05-31": -323, "2018-02-28": -325, "2017-11-30": -295, "2017-08-31": "-300.00000", "2017-05-31": -299, "2017-02-28": -298, "2016-11-30": -267, "2016-08-31": "-269.00000", "2016-05-31": -270, "2016-02-29": -273, "2015-11-30": -239, "2015-08-31": "-240.00000", "2015-05-31": -241, "2015-02-28": -242, "2014-11-30": -207, "2014-08-31": "-209.00000", "2014-05-31": -212, "2014-02-28": -212, "2013-11-30": -187, "2013-08-31": "-188.00000", "2013-05-31": -188, "2013-02-28": -188, "2012-11-30": -162, "2012-08-31": "-165.00000", "2012-05-31": -165, "2012-02-29": -165, "2011-11-30": -144, "2011-08-31": "-145.00000", "2011-05-31": -147, "2011-02-28": -148, "2010-11-30": -129, "2010-08-31": "-131.00000", "2010-05-31": -130, "2010-02-28": -132, "2009-11-30": -122, "2009-08-31": "-121.00000", "2009-05-31": -121.4, "2009-02-28": -121, "2008-11-30": -111.6, "2008-08-31": "-113.00000", "2008-05-31": -113.4, "2008-02-29": -114.4, "2007-11-30": -92.3, "2007-08-31": "-92.80000", "2007-05-31": -93.5, "2007-02-28": -93.2, "2006-11-30": -77.7, "2006-08-31": "-79.30000", "2006-05-31": -80.1, "2006-02-28": -80.4, "2005-11-30": -65.1, "2005-08-31": "-65.30000", "2005-05-31": -65.5, "2005-02-28": -171.2}, "Financial Activities - Other": {"2020-11-30": -41, "2020-08-31": "-53.00000", "2020-05-31": -6, "2020-02-29": -23, "2019-11-30": -13, "2019-08-31": "-16.00000", "2019-05-31": -7, "2019-02-28": -15, "2018-11-30": -10, "2018-08-31": "-18.00000", "2018-05-31": -30, "2018-02-28": -1, "2017-11-30": 1, "2017-08-31": "-54.00000", "2017-05-31": -21, "2017-02-28": 0, "2016-11-30": 0, "2016-08-31": "-8.00000", "2016-05-31": -253, "2016-02-29": 30, "2015-11-30": 126, "2015-08-31": "75.00000", "2015-05-31": 68, "2015-02-28": 34, "2014-11-30": 72, "2014-08-31": "44.00000", "2014-05-31": 24, "2014-02-28": 37, "2013-11-30": 44, "2013-08-31": "27.00000", "2013-05-31": 38, "2013-02-28": 20, "2012-11-30": 6, "2012-08-31": "8.00000", "2012-05-31": 30, "2012-02-29": 26, "2011-11-30": 29, "2011-08-31": "30.00000", "2011-05-31": 10, "2011-02-28": 14, "2010-11-30": 34, "2010-08-31": "6.00000", "2010-05-31": 21, "2010-02-28": 12, "2009-11-30": 18, "2009-08-31": "7.00000", "2009-05-31": 3, "2009-02-28": 0.6, "2008-11-30": 12.7, "2008-08-31": "8.70000", "2008-05-31": 26, "2008-02-29": 7.8, "2007-11-30": 14.3, "2007-08-31": "14.90000", "2007-05-31": 7.5, "2007-02-28": 16.7, "2006-11-30": 26.5, "2006-08-31": "5.10000", "2006-05-31": 0, "2006-02-28": 0, "2005-11-30": 0, "2005-08-31": "", "2005-05-31": 0, "2005-02-28": 0}, "Cash Flow From Financial Activities": {"2020-11-30": -44, "2020-08-31": "-248.00000", "2020-05-31": 5801, "2020-02-29": -1442, "2019-11-30": -858, "2019-08-31": "-1010.00000", "2019-05-31": -1026, "2019-02-28": -977, "2018-11-30": -1458, "2018-08-31": "-1832.00000", "2018-05-31": -1387, "2018-02-28": -2234, "2017-11-30": -216, "2017-08-31": "-998.00000", "2017-05-31": -665, "2017-02-28": -717, "2016-11-30": 436, "2016-08-31": "-1202.00000", "2016-05-31": -929, "2016-02-29": -1763, "2015-11-30": 392, "2015-08-31": "-674.00000", "2015-05-31": -695, "2015-02-28": -791, "2014-11-30": -422, "2014-08-31": "-882.00000", "2014-05-31": -997, "2014-02-28": -920, "2013-11-30": -405, "2013-08-31": "-592.00000", "2013-05-31": 738, "2013-02-28": -352, "2012-11-30": -524, "2012-08-31": "-907.00000", "2012-05-31": -230, "2012-02-29": -416, "2011-11-30": -710, "2011-08-31": "-744.00000", "2011-05-31": -634, "2011-02-28": -542, "2010-11-30": -196, "2010-08-31": "-600.00000", "2010-05-31": -152, "2010-02-28": -403, "2009-11-30": -148, "2009-08-31": "-358.00000", "2009-05-31": -76.9, "2009-02-28": -94.8, "2008-11-30": -128.4, "2008-08-31": "-433.90000", "2008-05-31": -319.5, "2008-02-29": -335, "2007-11-30": -284, "2007-08-31": "-287.60000", "2007-05-31": -316.8, "2007-02-28": 9, "2006-11-30": -51.8, "2006-08-31": "-751.90000", "2006-05-31": -329.9, "2006-02-28": -168.8, "2005-11-30": -214, "2005-08-31": "-138.20000", "2005-05-31": -232.6, "2005-02-28": -424.4}, "Net Cash Flow": {"2020-11-30": 487, "2020-08-31": "-200.00000", "2020-05-31": 5485, "2020-02-29": -207, "2019-11-30": -376, "2019-08-31": "-1020.00000", "2019-05-31": 771, "2019-02-28": 272, "2018-11-30": 141, "2018-08-31": "-967.00000", "2018-05-31": 587, "2018-02-28": -642, "2017-11-30": 891, "2017-08-31": "-395.00000", "2017-05-31": -213, "2017-02-28": -318, "2016-11-30": 1680, "2016-08-31": "-479.00000", "2016-05-31": 94, "2016-02-29": -807, "2015-11-30": 605, "2015-08-31": "-606.00000", "2015-05-31": 837, "2015-02-28": 742, "2014-11-30": -30, "2014-08-31": "83.00000", "2014-05-31": 356, "2014-02-28": -222, "2013-11-30": -575, "2013-08-31": "-676.00000", "2013-05-31": 843, "2013-02-28": 266, "2012-11-30": 126, "2012-08-31": "-152.00000", "2012-05-31": 311, "2012-02-29": 92, "2011-11-30": 321, "2011-08-31": "-347.00000", "2011-05-31": -177, "2011-02-28": 364, "2010-11-30": -242, "2010-08-31": "-1069.00000", "2010-05-31": 854, "2010-02-28": 190, "2009-11-30": -226, "2009-08-31": "-30.00000", "2009-05-31": 398.8, "2009-02-28": 170.6, "2008-11-30": 95.9, "2008-08-31": "-508.30000", "2008-05-31": -108.5, "2008-02-29": -228.1, "2007-11-30": 496.6, "2007-08-31": "117.20000", "2007-05-31": -22.5, "2007-02-28": 776.3, "2006-11-30": 72.2, "2006-08-31": "76.50000", "2006-05-31": -517.9, "2006-02-28": 337.6, "2005-11-30": -454.4, "2005-08-31": "200.80000", "2005-05-31": 165.6, "2005-02-28": 394.5}, "Stock-Based Compensation": {"2020-11-30": 189, "2020-08-31": "136.00000", "2020-05-31": 126, "2020-02-29": 113, "2019-11-30": 110, "2019-08-31": "80.00000", "2019-05-31": 99, "2019-02-28": 93, "2018-11-30": 92, "2018-08-31": "41.00000", "2018-05-31": 60, "2018-02-28": 55, "2017-11-30": 53, "2017-08-31": "50.00000", "2017-05-31": 53, "2017-02-28": 51, "2016-11-30": 54, "2016-08-31": "57.00000", "2016-05-31": 60, "2016-02-29": 60, "2015-11-30": 62, "2015-08-31": "54.00000", "2015-05-31": 51, "2015-02-28": 48, "2014-11-30": 49, "2014-08-31": "43.00000", "2014-05-31": 46, "2014-02-28": 43, "2013-11-30": 46, "2013-08-31": "42.00000", "2013-05-31": 46, "2013-02-28": 45, "2012-11-30": 46, "2012-08-31": "37.00000", "2012-05-31": 35, "2012-02-29": 34, "2011-11-30": 36, "2011-08-31": "25.00000", "2011-05-31": 27, "2011-02-28": 28, "2010-11-30": 29, "2010-08-31": "21.00000", "2010-05-31": 21, "2010-02-28": 23, "2009-11-30": 24, "2009-08-31": "91.00000", "2009-05-31": 44, "2009-02-28": 23.7, "2008-11-30": 25.1, "2008-08-31": "78.20000", "2008-05-31": 25.4, "2008-02-29": 25.3, "2007-11-30": 26.5, "2007-08-31": "63.80000", "2007-05-31": 28.6, "2007-02-28": 27.4, "2006-11-30": 29.2, "2006-08-31": "62.50000", "2006-05-31": 11.8, "2006-02-28": 0, "2005-11-30": 0, "2005-08-31": "", "2005-05-31": 4.9, "2005-02-28": 0}, "Common Stock Dividends Paid": {"2020-11-30": -385, "2020-08-31": "-384.00000", "2020-05-31": -381, "2020-02-29": -382, "2019-11-30": -344, "2019-08-31": "-345.00000", "2019-05-31": -346, "2019-02-28": -348, "2018-11-30": -318, "2018-08-31": "-320.00000", "2018-05-31": -323, "2018-02-28": -325, "2017-11-30": -295, "2017-08-31": "-300.00000", "2017-05-31": -299, "2017-02-28": -298, "2016-11-30": -267, "2016-08-31": "-269.00000", "2016-05-31": -270, "2016-02-29": -273, "2015-11-30": -239, "2015-08-31": "-240.00000", "2015-05-31": -241, "2015-02-28": -242, "2014-11-30": -207, "2014-08-31": "-209.00000", "2014-05-31": -212, "2014-02-28": -212, "2013-11-30": -187, "2013-08-31": "-188.00000", "2013-05-31": -188, "2013-02-28": -188, "2012-11-30": -162, "2012-08-31": "-165.00000", "2012-05-31": -165, "2012-02-29": -165, "2011-11-30": -144, "2011-08-31": "-145.00000", "2011-05-31": -147, "2011-02-28": -148, "2010-11-30": -129, "2010-08-31": "-131.00000", "2010-05-31": -130, "2010-02-28": -132, "2009-11-30": -122, "2009-08-31": "-121.00000", "2009-05-31": -121.4, "2009-02-28": -121, "2008-11-30": -111.6, "2008-08-31": "-113.00000", "2008-05-31": -113.4, "2008-02-29": -114.4, "2007-11-30": -92.3, "2007-08-31": "-92.80000", "2007-05-31": -93.5, "2007-02-28": -93.2, "2006-11-30": -77.7, "2006-08-31": "-79.30000", "2006-05-31": -80.1, "2006-02-28": -80.4, "2005-11-30": -65.1, "2005-08-31": "-65.30000", "2005-05-31": -65.5, "2005-02-28": -171.2}}, "financial ratios": {"Current Ratio": {"2020-05-31": "2.48140", "2019-05-31": "2.10080", "2018-05-31": "2.50560", "2017-05-31": "2.93410", "2016-05-31": "2.80420", "2015-05-31": "2.46160", "2014-05-31": "2.72450", "2013-05-31": "3.44020", "2012-05-31": "3.05130", "2011-05-31": "2.85420", "2010-05-31": "3.25770", "2009-05-31": "2.97040", "2008-05-31": "2.66120", "2007-05-31": "3.12560", "2006-05-31": "2.81200", "2005-05-31": "3.17680"}, "Long-term Debt / Capital": {"2020-05-31": "0.53870", "2019-05-31": "0.27700", "2018-05-31": "0.26110", "2017-05-31": "0.21860", "2016-05-31": "0.13980", "2015-05-31": "0.07830", "2014-05-31": "0.09970", "2013-05-31": "0.09840", "2012-05-31": "0.02150", "2011-05-31": "0.02730", "2010-05-31": "0.04370", "2009-05-31": "0.04790", "2008-05-31": "0.05340", "2007-05-31": "0.05510", "2006-05-31": "0.06130", "2005-05-31": "0.10860"}, "Debt/Equity Ratio": {"2020-05-31": "1.19890", "2019-05-31": "0.38480", "2018-05-31": "0.38830", "2017-05-31": "0.30640", "2016-05-31": "0.16630", "2015-05-31": "0.09920", "2014-05-31": "0.12680", "2013-05-31": "0.12320", "2012-05-31": "0.03710", "2011-05-31": "0.06740", "2010-05-31": "0.06070", "2009-05-31": "0.09340", "2008-05-31": "0.07990", "2007-05-31": "0.07700", "2006-05-31": "0.11290", "2005-05-31": "0.13520"}, "Gross Margin": {"2020-05-31": "43.42170", "2019-05-31": "44.67110", "2018-05-31": "43.83880", "2017-05-31": "44.57640", "2016-05-31": "46.24100", "2015-05-31": "45.96910", "2014-05-31": "44.77140", "2013-05-31": "43.59030", "2012-05-31": "43.49580", "2011-05-31": "45.74240", "2010-05-31": "46.28170", "2009-05-31": "44.86860", "2008-05-31": "45.02820", "2007-05-31": "43.85980", "2006-05-31": "44.04580", "2005-05-31": "44.50900"}, "Operating Margin": {"2020-05-31": "8.32820", "2019-05-31": "12.19930", "2018-05-31": "12.21250", "2017-05-31": "13.82530", "2016-05-31": "13.90540", "2015-05-31": "13.64330", "2014-05-31": "13.23790", "2013-05-31": "12.79190", "2012-05-31": "13.15420", "2011-05-31": "14.12240", "2010-05-31": "13.01150", "2009-05-31": "9.68920", "2008-05-31": "13.06540", "2007-05-31": "13.05780", "2006-05-31": "14.10370", "2005-05-31": "13.78270"}, "EBIT Margin": {"2020-05-31": "8.32820", "2019-05-31": "12.19930", "2018-05-31": "12.21250", "2017-05-31": "13.82530", "2016-05-31": "13.90540", "2015-05-31": "13.64330", "2014-05-31": "13.23790", "2013-05-31": "12.79190", "2012-05-31": "13.15420", "2011-05-31": "14.12240", "2010-05-31": "13.01150", "2009-05-31": "9.68920", "2008-05-31": "13.06540", "2007-05-31": "13.05780", "2006-05-31": "14.10370", "2005-05-31": "13.78270"}, "EBITDA Margin": {"2020-05-31": "11.32000", "2019-05-31": "14.03990", "2018-05-31": "14.33910", "2017-05-31": "15.90980", "2016-05-31": "15.95010", "2015-05-31": "15.76420", "2014-05-31": "15.34590", "2013-05-31": "14.77500", "2012-05-31": "14.85150", "2011-05-31": "15.90200", "2010-05-31": "15.09410", "2009-05-31": "13.77760", "2008-05-31": "14.79140", "2007-05-31": "14.71280", "2006-05-31": "15.97000", "2005-05-31": "15.84100"}, "Pre-Tax Profit Margin": {"2020-05-31": "7.71860", "2019-05-31": "12.27340", "2018-05-31": "11.88290", "2017-05-31": "14.22420", "2016-05-31": "14.27910", "2015-05-31": "13.74140", "2014-05-31": "12.74870", "2013-05-31": "12.86300", "2012-05-31": "12.90560", "2011-05-31": "14.22680", "2010-05-31": "13.23760", "2009-05-31": "10.20550", "2008-05-31": "13.43700", "2007-05-31": "13.47490", "2006-05-31": "14.32040", "2005-05-31": "13.53600"}, "Net Profit Margin": {"2020-05-31": "6.78820", "2019-05-31": "10.29990", "2018-05-31": "5.31090", "2017-05-31": "12.34350", "2016-05-31": "11.61350", "2015-05-31": "10.69570", "2014-05-31": "9.68740", "2013-05-31": "9.76570", "2012-05-31": "9.47670", "2011-05-31": "10.60300", "2010-05-31": "10.02950", "2009-05-31": "7.75450", "2008-05-31": "10.11110", "2007-05-31": "9.13580", "2006-05-31": "9.30800", "2005-05-31": "8.81820"}, "Asset Turnover": {"2020-05-31": "1.19340", "2019-05-31": "1.64930", "2018-05-31": "1.61510", "2017-05-31": "1.47680", "2016-05-31": "1.51440", "2015-05-31": "1.41690", "2014-05-31": "1.49510", "2013-05-31": "1.44270", "2012-05-31": "1.50860", "2011-05-31": "1.34130", "2010-05-31": "1.31870", "2009-05-31": "1.44730", "2008-05-31": "1.49700", "2007-05-31": "1.52750", "2006-05-31": "1.51520", "2005-05-31": "1.56250"}, "Inventory Turnover Ratio": {"2020-05-31": "2.87250", "2019-05-31": "3.84970", "2018-05-31": "3.88540", "2017-05-31": "3.76620", "2016-05-31": "3.59760", "2015-05-31": "3.81230", "2014-05-31": "3.88980", "2013-05-31": "4.09850", "2012-05-31": "4.09160", "2011-05-31": "4.02030", "2010-05-31": "5.00440", "2009-05-31": "4.48540", "2008-05-31": "4.19930", "2007-05-31": "4.31940", "2006-05-31": "4.02940", "2005-05-31": "4.20980"}, "Receiveable Turnover": {"2020-05-31": "13.60600", "2019-05-31": "9.15660", "2018-05-31": "10.40510", "2017-05-31": "9.34190", "2016-05-31": "9.98950", "2015-05-31": "9.11290", "2014-05-31": "8.09520", "2013-05-31": "8.12100", "2012-05-31": "7.44920", "2011-05-31": "6.41080", "2010-05-31": "7.17510", "2009-05-31": "6.64930", "2008-05-31": "6.66370", "2007-05-31": "6.54420", "2006-05-31": "6.27590", "2005-05-31": "6.07390"}, "Days Sales In Receivables": {"2020-05-31": "26.82630", "2019-05-31": "39.86200", "2018-05-31": "35.07900", "2017-05-31": "39.07150", "2016-05-31": "36.53830", "2015-05-31": "40.05330", "2014-05-31": "45.08830", "2013-05-31": "44.94550", "2012-05-31": "48.99830", "2011-05-31": "56.93540", "2010-05-31": "50.87040", "2009-05-31": "54.89280", "2008-05-31": "54.77450", "2007-05-31": "55.77430", "2006-05-31": "58.15880", "2005-05-31": "60.09350"}, "ROE - Return On Equity": {"2020-05-31": "31.52080", "2019-05-31": "44.56860", "2018-05-31": "19.70040", "2017-05-31": "34.17430", "2016-05-31": "30.67390", "2015-05-31": "25.75750", "2014-05-31": "24.87990", "2013-05-31": "22.11890", "2012-05-31": "21.74160", "2011-05-31": "22.06640", "2010-05-31": "19.55100", "2009-05-31": "17.10550", "2008-05-31": "24.06810", "2007-05-31": "21.23010", "2006-05-31": "22.14730", "2005-05-31": "21.46630"}, "Return On Tangible Equity": {"2020-05-31": "33.59350", "2019-05-31": "46.83250", "2018-05-31": "20.62310", "2017-05-31": "35.37760", "2016-05-31": "31.74070", "2015-05-31": "26.62060", "2014-05-31": "25.86690", "2013-05-31": "22.99030", "2012-05-31": "22.84410", "2011-05-31": "23.73510", "2010-05-31": "20.95840", "2009-05-31": "18.51300", "2008-05-31": "28.39270", "2007-05-31": "23.00030", "2006-05-31": "24.21330", "2005-05-31": "23.74430"}, "ROA - Return On Assets": {"2020-05-31": "8.10100", "2019-05-31": "16.98780", "2018-05-31": "8.57740", "2017-05-31": "18.22950", "2016-05-31": "17.58740", "2015-05-31": "15.15490", "2014-05-31": "14.48320", "2013-05-31": "13.96980", "2012-05-31": "14.59420", "2011-05-31": "14.48190", "2010-05-31": "13.22560", "2009-05-31": "11.22300", "2008-05-31": "15.13660", "2007-05-31": "13.95450", "2006-05-31": "14.10390", "2005-05-31": "13.77820"}, "ROI - Return On Investment": {"2020-05-31": "14.54100", "2019-05-31": "32.22170", "2018-05-31": "14.55570", "2017-05-31": "26.70360", "2016-05-31": "26.38410", "2015-05-31": "23.74150", "2014-05-31": "22.39870", "2013-05-31": "19.94140", "2012-05-31": "21.27440", "2011-05-31": "21.46460", "2010-05-31": "18.69610", "2009-05-31": "16.28640", "2008-05-31": "22.78380", "2007-05-31": "20.05970", "2006-05-31": "20.78880", "2005-05-31": "19.13610"}, "Book Value Per Share": {"2020-05-31": "5.17010", "2019-05-31": "5.76530", "2018-05-31": "6.12870", "2017-05-31": "7.55140", "2016-05-31": "7.28780", "2015-05-31": "7.42230", "2014-05-31": "6.22070", "2013-05-31": "6.19740", "2012-05-31": "5.66650", "2011-05-31": "5.25800", "2010-05-31": "5.03820", "2009-05-31": "4.47640", "2008-05-31": "3.98360", "2007-05-31": "3.50080", "2006-05-31": "3.06890", "2005-05-31": "2.70210"}, "Operating Cash Flow Per Share": {"2020-05-31": -2.0861, "2019-05-31": 0.6608, "2018-05-31": 0.7135, "2017-05-31": 0.3225, "2016-05-31": -0.6953, "2015-05-31": 0.9827, "2014-05-31": 0.0089, "2013-05-31": 0.6837, "2012-05-31": 0.0378, "2011-05-31": -0.6687, "2010-05-31": 0.717, "2009-05-31": -0.0758, "2008-05-31": 0.0392, "2007-05-31": 0.1308, "2006-05-31": 0.0639, "2005-05-31": 0.7264}, "Free Cash Flow Per Share": {"2020-05-31": -2.077, "2019-05-31": 0.5891, "2018-05-31": 0.7392, "2017-05-31": 0.3273, "2016-05-31": -0.8027, "2015-05-31": 0.924, "2014-05-31": -0.1566, "2013-05-31": 0.6636, "2012-05-31": -0.0388, "2011-05-31": -0.7261, "2010-05-31": 0.7681, "2009-05-31": -0.0695, "2008-05-31": -0.0429, "2007-05-31": 0.1483, "2006-05-31": 0.0222, "2005-05-31": 0.6108}}, "financial ratios, quarterly": {"Current Ratio": {"2020-11-30": "2.66110", "2020-08-31": "2.54520", "2020-05-31": "2.48140", "2020-02-29": "1.90140", "2019-11-30": "1.98080", "2019-08-31": "2.01090", "2019-05-31": "2.10080", "2019-02-28": "2.16950", "2018-11-30": "2.13880", "2018-08-31": "2.31080", "2018-05-31": "2.50560", "2018-02-28": "2.65520", "2017-11-30": "2.45660", "2017-08-31": "2.67370", "2017-05-31": "2.93410", "2017-02-28": "3.07440", "2016-11-30": "3.06430", "2016-08-31": "2.72030", "2016-05-31": "2.80420", "2016-02-29": "3.06350", "2015-11-30": "3.04030", "2015-08-31": "2.88820", "2015-05-31": "2.46160", "2015-02-28": "2.72230", "2014-11-30": "2.84240", "2014-08-31": "2.81320", "2014-05-31": "2.72450", "2014-02-28": "3.39150", "2013-11-30": "3.53340", "2013-08-31": "3.52520", "2013-05-31": "3.44020", "2013-02-28": "3.36830", "2012-11-30": "3.01000", "2012-08-31": "2.94920", "2012-05-31": "3.05130", "2012-02-29": "3.20590", "2011-11-30": "3.01010", "2011-08-31": "2.93590", "2011-05-31": "2.85420", "2011-02-28": "3.22710", "2010-11-30": "3.36080", "2010-08-31": "3.35170", "2010-05-31": "3.25770", "2010-02-28": "3.54380", "2009-11-30": "3.48980", "2009-08-31": "3.36750", "2009-05-31": "2.97040", "2009-02-28": "3.14830", "2008-11-30": "2.88820", "2008-08-31": "2.70100", "2008-05-31": "2.66120", "2008-02-29": "3.02550", "2007-11-30": "3.11500", "2007-08-31": "3.18940", "2007-05-31": "3.12560", "2007-02-28": "3.30350", "2006-11-30": "3.15490", "2006-08-31": "2.90460", "2006-05-31": "2.81200", "2006-02-28": "3.05730", "2005-11-30": "3.09870", "2005-08-31": "2.98470", "2005-05-31": "3.17680", "2005-02-28": "3.00030"}, "Long-term Debt / Capital": {"2020-11-30": "0.46930", "2020-08-31": "0.50490", "2020-05-31": "0.53870", "2020-02-29": "0.27690", "2019-11-30": "0.27020", "2019-08-31": "0.27350", "2019-05-31": "0.27700", "2019-02-28": "0.27890", "2018-11-30": "0.28420", "2018-08-31": "0.27830", "2018-05-31": "0.26110", "2018-02-28": "0.26180", "2017-11-30": "0.22800", "2017-08-31": "0.22450", "2017-05-31": "0.21860", "2017-02-28": "0.21440", "2016-11-30": "0.21990", "2016-08-31": "0.14080", "2016-05-31": "0.13980", "2016-02-29": "0.14270", "2015-11-30": "0.13360", "2015-08-31": "0.07720", "2015-05-31": "0.07830", "2015-02-28": "0.08040", "2014-11-30": "0.08480", "2014-08-31": "0.09720", "2014-05-31": "0.09970", "2014-02-28": "0.09740", "2013-11-30": "0.09570", "2013-08-31": "0.09660", "2013-05-31": "0.09840", "2013-02-28": "0.01490", "2012-11-30": "0.01670", "2012-08-31": "0.02200", "2012-05-31": "0.02150", "2012-02-29": "0.02200", "2011-11-30": "0.02320", "2011-08-31": "0.02350", "2011-05-31": "0.02730", "2011-02-28": "0.02710", "2010-11-30": "0.03290", "2010-08-31": "0.03420", "2010-05-31": "0.04370", "2010-02-28": "0.04570", "2009-11-30": "0.04750", "2009-08-31": "0.04650", "2009-05-31": "0.04790", "2009-02-28": "0.05060", "2008-11-30": "0.05200", "2008-08-31": "0.04830", "2008-05-31": "0.05340", "2008-02-29": "0.05540", "2007-11-30": "0.05500", "2007-08-31": "0.05410", "2007-05-31": "0.05510", "2007-02-28": "0.05770", "2006-11-30": "0.05540", "2006-08-31": "0.05760", "2006-05-31": "0.06130", "2006-02-28": "0.06160", "2005-11-30": "0.06290", "2005-08-31": "0.06700", "2005-05-31": "0.10860", "2005-02-28": "0.11300"}, "Debt/Equity Ratio": {"2020-11-30": "0.88830", "2020-08-31": "1.03490", "2020-05-31": "1.19890", "2020-02-29": "0.38430", "2019-11-30": "0.40300", "2019-08-31": "0.40420", "2019-05-31": "0.38480", "2019-02-28": "0.38910", "2018-11-30": "0.39880", "2018-08-31": "0.38770", "2018-05-31": "0.38830", "2018-02-28": "0.35640", "2017-11-30": "0.40070", "2017-08-31": "0.31800", "2017-05-31": "0.30640", "2017-02-28": "0.27520", "2016-11-30": "0.28700", "2016-08-31": "0.16930", "2016-05-31": "0.16630", "2016-02-29": "0.16710", "2015-11-30": "0.16200", "2015-08-31": "0.09370", "2015-05-31": "0.09920", "2015-02-28": "0.10110", "2014-11-30": "0.11000", "2014-08-31": "0.12130", "2014-05-31": "0.12680", "2014-02-28": "0.11920", "2013-11-30": "0.12240", "2013-08-31": "0.12190", "2013-05-31": "0.12320", "2013-02-28": "0.03010", "2012-11-30": "0.03280", "2012-08-31": "0.03620", "2012-05-31": "0.03710", "2012-02-29": "0.03630", "2011-11-30": "0.04790", "2011-08-31": "0.05230", "2011-05-31": "0.06740", "2011-02-28": "0.06190", "2010-11-30": "0.06010", "2010-08-31": "0.06040", "2010-05-31": "0.06070", "2010-02-28": "0.06030", "2009-11-30": "0.06180", "2009-08-31": "0.06000", "2009-05-31": "0.09340", "2009-02-28": "0.09750", "2008-11-30": "0.09780", "2008-08-31": "0.08200", "2008-05-31": "0.07990", "2008-02-29": "0.08650", "2007-11-30": "0.07500", "2007-08-31": "0.07710", "2007-05-31": "0.07700", "2007-02-28": "0.07970", "2006-11-30": "0.07240", "2006-08-31": "0.07590", "2006-05-31": "0.11290", "2006-02-28": "0.11900", "2005-11-30": "0.12200", "2005-08-31": "0.12550", "2005-05-31": "0.13520", "2005-02-28": "0.14720"}, "Gross Margin": {"2020-11-30": "43.11130", "2020-08-31": "44.75180", "2020-05-31": "37.27230", "2020-02-29": "44.26960", "2019-11-30": "44.00540", "2019-08-31": "45.69420", "2019-05-31": "45.49290", "2019-02-28": "45.14620", "2018-11-30": "43.79130", "2018-08-31": "44.19980", "2018-05-31": "44.72370", "2018-02-28": "43.83350", "2017-11-30": "42.99740", "2017-08-31": "43.68250", "2017-05-31": "44.05900", "2017-02-28": "44.47340", "2016-11-30": "44.20540", "2016-08-31": "45.50270", "2016-05-31": "45.92430", "2016-02-29": "45.92880", "2015-11-30": "45.55040", "2015-08-31": "47.48040", "2015-05-31": "46.18850", "2015-02-28": "45.92490", "2014-11-30": "45.08130", "2014-08-31": "46.61740", "2014-05-31": "45.58920", "2014-02-28": "44.50660", "2013-11-30": "43.94340", "2013-08-31": "44.92900", "2013-05-31": "43.90030", "2013-02-28": "44.22180", "2012-11-30": "42.48530", "2012-08-31": "43.68240", "2012-05-31": "42.89020", "2012-02-29": "43.93570", "2011-11-30": "42.84170", "2011-08-31": "44.28550", "2011-05-31": "44.77200", "2011-02-28": "45.81610", "2010-11-30": "45.29120", "2010-08-31": "47.03380", "2010-05-31": "47.39020", "2010-02-28": "46.86250", "2009-11-30": "44.49490", "2009-08-31": "46.17630", "2009-05-31": "43.35760", "2009-02-28": "43.87720", "2008-11-30": "44.66130", "2008-08-31": "47.16510", "2008-05-31": "45.82160", "2008-02-29": "45.06430", "2007-11-30": "44.27010", "2007-08-31": "44.83260", "2007-05-31": "43.78080", "2007-02-28": "44.18750", "2006-11-30": "43.36030", "2006-08-31": "44.09050", "2006-05-31": "43.77590", "2006-02-28": "43.57010", "2005-11-30": "43.49730", "2005-08-31": "45.26410", "2005-05-31": "45.21680", "2005-02-28": "44.09650"}, "Operating Margin": {"2020-11-30": "14.05320", "2020-08-31": "16.66980", "2020-05-31": "-13.27420", "2020-02-29": "11.77750", "2019-11-30": "11.81480", "2019-08-31": "14.47470", "2019-05-31": "12.04830", "2019-02-28": "12.98510", "2018-11-30": "10.27310", "2018-08-31": "13.40970", "2018-05-31": "12.85120", "2018-02-28": "13.03430", "2017-11-30": "10.63830", "2017-08-31": "12.19410", "2017-05-31": "13.34560", "2017-02-28": "14.87190", "2016-11-30": "13.58190", "2016-08-31": "13.53050", "2016-05-31": "12.37260", "2016-02-29": "13.98160", "2015-11-30": "12.24300", "2015-08-31": "16.85290", "2015-05-31": "12.82940", "2015-02-28": "14.03490", "2014-11-30": "12.04610", "2014-08-31": "15.54750", "2014-05-31": "12.61950", "2014-02-28": "13.39640", "2013-11-30": "11.42900", "2013-08-31": "15.40670", "2013-05-31": "13.46870", "2013-02-28": "14.11020", "2012-11-30": "11.65410", "2012-08-31": "11.87830", "2012-05-31": "12.84720", "2012-02-29": "13.73760", "2011-11-30": "11.63000", "2011-08-31": "14.30690", "2011-05-31": "16.09240", "2011-02-28": "13.58540", "2010-11-30": "12.01980", "2010-08-31": "14.70530", "2010-05-31": "13.15740", "2010-02-28": "13.83900", "2009-11-30": "10.91940", "2009-08-31": "13.96120", "2009-05-31": "9.63310", "2009-02-28": "4.39330", "2008-11-30": "10.96270", "2008-08-31": "12.99110", "2008-05-31": "12.67890", "2008-02-29": "14.18670", "2007-11-30": "11.32850", "2007-08-31": "14.01260", "2007-05-31": "14.76090", "2007-02-28": "12.52640", "2006-11-30": "11.34050", "2006-08-31": "13.34020", "2006-05-31": "13.01490", "2006-02-28": "13.49370", "2005-11-30": "13.14360", "2005-08-31": "16.66750", "2005-05-31": "14.60470", "2005-02-28": "12.78940"}, "EBIT Margin": {"2020-11-30": "14.05320", "2020-08-31": "16.66980", "2020-05-31": "-13.27420", "2020-02-29": "11.77750", "2019-11-30": "11.81480", "2019-08-31": "14.47470", "2019-05-31": "12.04830", "2019-02-28": "12.98510", "2018-11-30": "10.27310", "2018-08-31": "13.40970", "2018-05-31": "12.85120", "2018-02-28": "13.03430", "2017-11-30": "10.63830", "2017-08-31": "12.19410", "2017-05-31": "13.34560", "2017-02-28": "14.87190", "2016-11-30": "13.58190", "2016-08-31": "13.53050", "2016-05-31": "12.37260", "2016-02-29": "13.98160", "2015-11-30": "12.24300", "2015-08-31": "16.85290", "2015-05-31": "12.82940", "2015-02-28": "14.03490", "2014-11-30": "12.04610", "2014-08-31": "15.54750", "2014-05-31": "12.61950", "2014-02-28": "13.39640", "2013-11-30": "11.42900", "2013-08-31": "15.40670", "2013-05-31": "13.46870", "2013-02-28": "14.11020", "2012-11-30": "11.65410", "2012-08-31": "11.87830", "2012-05-31": "12.84720", "2012-02-29": "13.73760", "2011-11-30": "11.63000", "2011-08-31": "14.30690", "2011-05-31": "16.09240", "2011-02-28": "13.58540", "2010-11-30": "12.01980", "2010-08-31": "14.70530", "2010-05-31": "13.15740", "2010-02-28": "13.83900", "2009-11-30": "10.91940", "2009-08-31": "13.96120", "2009-05-31": "9.63310", "2009-02-28": "4.39330", "2008-11-30": "10.96270", "2008-08-31": "12.99110", "2008-05-31": "12.67890", "2008-02-29": "14.18670", "2007-11-30": "11.32850", "2007-08-31": "14.01260", "2007-05-31": "14.76090", "2007-02-28": "12.52640", "2006-11-30": "11.34050", "2006-08-31": "13.34020", "2006-05-31": "13.01490", "2006-02-28": "13.49370", "2005-11-30": "13.14360", "2005-08-31": "16.66750", "2005-05-31": "14.60470", "2005-02-28": "12.78940"}, "EBITDA Margin": {"2020-11-30": "", "2020-08-31": "", "2020-05-31": "", "2020-02-29": "", "2019-11-30": "", "2019-08-31": "", "2019-05-31": "", "2019-02-28": "", "2018-11-30": "", "2018-08-31": "", "2018-05-31": "", "2018-02-28": "", "2017-11-30": "", "2017-08-31": "", "2017-05-31": "", "2017-02-28": "", "2016-11-30": "", "2016-08-31": "", "2016-05-31": "", "2016-02-29": "", "2015-11-30": "", "2015-08-31": "", "2015-05-31": "", "2015-02-28": "", "2014-11-30": "", "2014-08-31": "", "2014-05-31": "", "2014-02-28": "", "2013-11-30": "", "2013-08-31": "", "2013-05-31": "", "2013-02-28": "", "2012-11-30": "", "2012-08-31": "", "2012-05-31": "", "2012-02-29": "", "2011-11-30": "", "2011-08-31": "", "2011-05-31": "", "2011-02-28": "", "2010-11-30": "", "2010-08-31": "", "2010-05-31": "", "2010-02-28": "", "2009-11-30": "", "2009-08-31": "", "2009-05-31": "", "2009-02-28": "", "2008-11-30": "", "2008-08-31": "", "2008-05-31": "", "2008-02-29": "", "2007-11-30": "", "2007-08-31": "", "2007-05-31": "", "2007-02-28": "", "2006-11-30": "", "2006-08-31": "", "2006-05-31": "", "2006-02-28": "", "2005-11-30": "", "2005-08-31": "", "2005-05-31": "", "2005-02-28": ""}, "Pre-Tax Profit Margin": {"2020-11-30": "12.95030", "2020-08-31": "16.18840", "2020-05-31": "-12.73560", "2020-02-29": "8.71930", "2019-11-30": "12.09570", "2019-08-31": "14.64350", "2019-05-31": "12.20540", "2019-02-28": "13.43250", "2018-11-30": "10.63580", "2018-08-31": "12.76640", "2018-05-31": "12.41190", "2018-02-28": "12.90070", "2017-11-30": "10.27590", "2017-08-31": "11.81920", "2017-05-31": "13.46090", "2017-02-28": "15.69020", "2016-11-30": "13.61860", "2016-08-31": "14.13750", "2016-05-31": "13.01550", "2016-02-29": "14.13100", "2015-11-30": "12.62040", "2015-08-31": "17.17380", "2015-05-31": "13.52360", "2015-02-28": "14.02150", "2014-11-30": "11.89700", "2014-08-31": "15.39710", "2014-05-31": "12.28280", "2014-02-28": "12.62190", "2013-11-30": "11.10250", "2013-08-31": "14.89030", "2013-05-31": "13.22980", "2013-02-28": "13.86780", "2012-11-30": "11.95630", "2012-08-31": "12.35710", "2012-05-31": "12.23550", "2012-02-29": "13.91440", "2011-11-30": "11.39560", "2011-08-31": "14.01090", "2011-05-31": "15.75380", "2011-02-28": "13.92010", "2010-11-30": "12.57750", "2010-08-31": "14.58940", "2010-05-31": "13.45280", "2010-02-28": "13.98690", "2009-11-30": "11.14640", "2009-08-31": "14.19050", "2009-05-31": "10.32910", "2009-02-28": "5.30080", "2008-11-30": "11.34180", "2008-08-31": "13.14750", "2008-05-31": "12.74180", "2008-02-29": "14.71480", "2007-11-30": "11.88160", "2007-08-31": "14.39930", "2007-05-31": "15.03010", "2007-02-28": "13.19110", "2006-11-30": "11.70420", "2006-08-31": "13.72880", "2006-05-31": "12.76280", "2006-02-28": "14.02240", "2005-11-30": "13.34790", "2005-08-31": "17.08960", "2005-05-31": "14.45420", "2005-02-28": "12.49620"}, "Net Profit Margin": {"2020-11-30": "11.12690", "2020-08-31": "14.32890", "2020-05-31": "-12.51390", "2020-02-29": "8.38280", "2019-11-30": "10.79800", "2019-08-31": "12.82360", "2019-05-31": "9.71130", "2019-02-28": "11.45560", "2018-11-30": "9.03560", "2018-08-31": "10.97710", "2018-05-31": "11.61510", "2018-02-28": "-10.25160", "2017-11-30": "8.96660", "2017-08-31": "10.47410", "2017-05-31": "11.61690", "2017-02-28": "13.53180", "2016-11-30": "10.29340", "2016-08-31": "13.78440", "2016-05-31": "10.26200", "2016-02-29": "11.82770", "2015-11-30": "10.21340", "2015-08-31": "14.01240", "2015-05-31": "11.11970", "2015-02-28": "10.60320", "2014-11-30": "8.87530", "2014-08-31": "12.05210", "2014-05-31": "9.40070", "2014-02-28": "9.78200", "2013-11-30": "8.30350", "2013-08-31": "11.17490", "2013-05-31": "9.78050", "2013-02-28": "13.99710", "2012-11-30": "6.44840", "2012-08-31": "8.75810", "2012-05-31": "8.87900", "2012-02-29": "9.90100", "2011-11-30": "8.45650", "2011-08-31": "10.60680", "2011-05-31": "11.83030", "2011-02-28": "10.29730", "2010-11-30": "9.43820", "2010-08-31": "10.80190", "2010-05-31": "10.28170", "2010-02-28": "10.50070", "2009-11-30": "8.51310", "2009-08-31": "10.68970", "2009-05-31": "7.25030", "2009-02-28": "5.49000", "2008-11-30": "8.51830", "2008-08-31": "9.39770", "2008-05-31": "9.64030", "2008-02-29": "10.20600", "2007-11-30": "8.28210", "2007-08-31": "12.23820", "2007-05-31": "9.99040", "2007-02-28": "8.93330", "2006-11-30": "8.51980", "2006-08-31": "8.99360", "2006-05-31": "8.30880", "2006-02-28": "9.01790", "2005-11-30": "8.66550", "2005-08-31": "11.19370", "2005-05-31": "9.39160", "2005-02-28": "8.26430"}, "Asset Turnover": {"2020-11-30": "0.32270", "2020-08-31": "0.31850", "2020-05-31": "0.20140", "2020-02-29": "0.38540", "2019-11-30": "0.38820", "2019-08-31": "0.40610", "2019-05-31": "0.42940", "2019-02-28": "0.41930", "2018-11-30": "0.41340", "2018-08-31": "0.44250", "2018-05-31": "0.43440", "2018-02-28": "0.39840", "2017-11-30": "0.35560", "2017-08-31": "0.38360", "2017-05-31": "0.37310", "2017-02-28": "0.36420", "2016-11-30": "0.36110", "2016-08-31": "0.42830", "2016-05-31": "0.38560", "2016-02-29": "0.38270", "2015-11-30": "0.34030", "2015-08-31": "0.40520", "2015-05-31": "0.36020", "2015-02-28": "0.36320", "2014-11-30": "0.38500", "2014-08-31": "0.43100", "2014-05-31": "0.39930", "2014-02-28": "0.39160", "2013-11-30": "0.36090", "2013-08-31": "0.39440", "2013-05-31": "0.38170", "2013-02-28": "0.39620", "2012-11-30": "0.39250", "2012-08-31": "0.42830", "2012-05-31": "0.39110", "2012-02-29": "0.38230", "2011-11-30": "0.38080", "2011-08-31": "0.41080", "2011-05-31": "0.33480", "2011-02-28": "0.35080", "2010-11-30": "0.33480", "2010-08-31": "0.36830", "2010-05-31": "0.35210", "2010-02-28": "0.34860", "2009-11-30": "0.32980", "2009-08-31": "0.36380", "2009-05-31": "0.35570", "2009-02-28": "0.36230", "2008-11-30": "0.36330", "2008-08-31": "0.43130", "2008-05-31": "0.40890", "2008-02-29": "0.38550", "2007-11-30": "0.37880", "2007-08-31": "0.42270", "2007-05-31": "0.41010", "2007-02-28": "0.38430", "2006-11-30": "0.38910", "2006-08-31": "0.43820", "2006-05-31": "0.40580", "2006-02-28": "0.37960", "2005-11-30": "0.38000", "2005-08-31": "0.42370", "2005-05-31": "0.42320", "2005-02-28": "0.38240"}, "Inventory Turnover Ratio": {"2020-11-30": "1.05020", "2020-08-31": "0.87290", "2020-05-31": "0.53750", "2020-02-29": "0.96970", "2019-11-30": "0.93270", "2019-08-31": "0.99210", "2019-05-31": "0.98740", "2019-02-28": "0.97360", "2018-11-30": "0.97790", "2018-08-31": "1.06200", "2018-05-31": "1.02850", "2018-02-28": "0.94040", "2017-11-30": "0.91550", "2017-08-31": "0.98020", "2017-05-31": "0.96020", "2017-02-28": "0.94930", "2016-11-30": "0.90680", "2016-08-31": "1.00860", "2016-05-31": "0.92150", "2016-02-29": "0.94620", "2015-11-30": "0.90980", "2015-08-31": "1.00110", "2015-05-31": "0.96520", "2015-02-28": "0.95010", "2014-11-30": "0.97660", "2014-08-31": "1.05730", "2014-05-31": "1.02360", "2014-02-28": "1.01150", "2013-11-30": "0.97560", "2013-08-31": "1.10570", "2013-05-31": "1.07840", "2013-02-28": "1.03660", "2012-11-30": "1.03220", "2012-08-31": "1.06890", "2012-05-31": "1.07200", "2012-02-29": "0.94490", "2011-11-30": "1.00190", "2011-08-31": "1.09040", "2011-05-31": "1.02140", "2011-02-28": "1.08520", "2010-11-30": "1.12820", "2010-08-31": "1.24030", "2010-05-31": "1.30870", "2010-02-28": "1.16960", "2009-11-30": "1.12350", "2009-08-31": "1.12870", "2009-05-31": "1.13260", "2009-02-28": "1.01040", "2008-11-30": "1.05000", "2008-08-31": "1.16960", "2008-05-31": "1.13050", "2008-02-29": "1.04420", "2007-11-30": "1.08760", "2007-08-31": "1.19170", "2007-05-31": "1.16130", "2007-02-28": "1.01100", "2006-11-30": "0.99880", "2006-08-31": "1.09870", "2006-05-31": "1.08440", "2006-02-28": "1.00220", "2005-11-30": "1.03730", "2005-08-31": "1.14230", "2005-05-31": "1.12570", "2005-02-28": "1.07090"}, "Receiveable Turnover": {"2020-11-30": "3.02800", "2020-08-31": "2.77840", "2020-05-31": "2.29650", "2020-02-29": "2.25890", "2019-11-30": "2.15480", "2019-08-31": "2.28950", "2019-05-31": "2.38390", "2019-02-28": "2.11280", "2018-11-30": "2.15690", "2018-08-31": "2.29750", "2018-05-31": "2.79850", "2018-02-28": "2.36920", "2017-11-30": "2.36760", "2017-08-31": "2.34310", "2017-05-31": "2.35980", "2017-02-28": "2.24730", "2016-11-30": "2.35190", "2016-08-31": "2.56980", "2016-05-31": "2.54370", "2016-02-29": "2.38480", "2015-11-30": "2.23630", "2015-08-31": "2.55900", "2015-05-31": "2.31660", "2015-02-28": "2.26470", "2014-11-30": "2.13480", "2014-08-31": "2.22530", "2014-05-31": "2.16220", "2014-02-28": "2.07810", "2013-11-30": "2.00470", "2013-08-31": "2.17370", "2013-05-31": "2.14850", "2013-02-28": "1.91430", "2012-11-30": "1.86790", "2012-08-31": "1.88690", "2012-05-31": "1.93100", "2012-02-29": "1.71600", "2011-11-30": "1.78730", "2011-08-31": "1.85450", "2011-05-31": "1.60010", "2011-02-28": "1.70150", "2010-11-30": "1.73420", "2010-08-31": "1.85420", "2010-05-31": "1.91580", "2010-02-28": "1.67020", "2009-11-30": "1.62160", "2009-08-31": "1.69260", "2009-05-31": "1.63420", "2009-02-28": "1.53530", "2008-11-30": "1.67690", "2008-08-31": "1.78960", "2008-05-31": "1.82020", "2008-02-29": "1.63730", "2007-11-30": "1.65810", "2007-08-31": "1.67810", "2007-05-31": "1.75700", "2007-02-28": "1.55090", "2006-11-30": "1.60060", "2006-08-31": "1.63250", "2006-05-31": "1.68090", "2006-02-28": "1.53630", "2005-11-30": "1.60410", "2005-08-31": "1.61550", "2005-05-31": "1.64510", "2005-02-28": "1.43530"}, "Days Sales In Receivables": {"2020-11-30": "29.72250", "2020-08-31": "32.39290", "2020-05-31": "39.19060", "2020-02-29": "39.84260", "2019-11-30": "41.76640", "2019-08-31": "39.30960", "2019-05-31": "37.75330", "2019-02-28": "42.59810", "2018-11-30": "41.72610", "2018-08-31": "39.17370", "2018-05-31": "32.16060", "2018-02-28": "37.98750", "2017-11-30": "38.01380", "2017-08-31": "38.41130", "2017-05-31": "38.13880", "2017-02-28": "40.04740", "2016-11-30": "38.26650", "2016-08-31": "35.02260", "2016-05-31": "35.38210", "2016-02-29": "37.73900", "2015-11-30": "40.24590", "2015-08-31": "35.17000", "2015-05-31": "38.85080", "2015-02-28": "39.73990", "2014-11-30": "42.15850", "2014-08-31": "40.44480", "2014-05-31": "41.62420", "2014-02-28": "43.30900", "2013-11-30": "44.89500", "2013-08-31": "41.40440", "2013-05-31": "41.88890", "2013-02-28": "47.01470", "2012-11-30": "48.18140", "2012-08-31": "47.69690", "2012-05-31": "46.60710", "2012-02-29": "52.44700", "2011-11-30": "50.35520", "2011-08-31": "48.52990", "2011-05-31": "56.24780", "2011-02-28": "52.89430", "2010-11-30": "51.89590", "2010-08-31": "48.53910", "2010-05-31": "46.97660", "2010-02-28": "53.88590", "2009-11-30": "55.50170", "2009-08-31": "53.17300", "2009-05-31": "55.07250", "2009-02-28": "58.61920", "2008-11-30": "53.66940", "2008-08-31": "50.29010", "2008-05-31": "49.44520", "2008-02-29": "54.96770", "2007-11-30": "54.27790", "2007-08-31": "53.63340", "2007-05-31": "51.22350", "2007-02-28": "58.03050", "2006-11-30": "56.22730", "2006-08-31": "55.12960", "2006-05-31": "53.54300", "2006-02-28": "58.58170", "2005-11-30": "56.10790", "2005-08-31": "55.71050", "2005-05-31": "54.70760", "2005-02-28": "62.70510"}, "ROE - Return On Equity": {"2020-11-30": "11.75750", "2020-08-31": "16.45710", "2020-05-31": "-9.80760", "2020-02-29": "9.36430", "2019-11-30": "11.92390", "2019-08-31": "14.85870", "2019-05-31": "10.94030", "2019-02-28": "12.28660", "2018-11-30": "9.70330", "2018-08-31": "12.14410", "2018-05-31": "11.58790", "2018-02-28": "-9.41530", "2017-11-30": "6.52320", "2017-08-31": "7.92130", "2017-05-31": "8.12440", "2017-02-28": "8.96870", "2016-11-30": "6.83280", "2016-08-31": "10.26720", "2016-05-31": "6.90160", "2016-02-29": "7.72360", "2015-11-30": "5.85600", "2015-08-31": "9.14380", "2015-05-31": "6.80730", "2015-02-28": "6.39550", "2014-11-30": "5.59830", "2014-08-31": "8.66280", "2014-05-31": "6.44860", "2014-02-28": "6.12590", "2013-11-30": "4.70730", "2013-08-31": "6.90480", "2013-05-31": "6.16370", "2013-02-28": "6.20610", "2012-11-30": "5.20270", "2012-08-31": "5.82260", "2012-05-31": "5.42340", "2012-02-29": "5.59160", "2011-11-30": "4.87660", "2011-08-31": "6.51580", "2011-05-31": "6.43100", "2011-02-28": "5.28180", "2010-11-30": "4.59340", "2010-08-31": "5.78670", "2010-05-31": "5.35170", "2010-02-28": "5.27100", "2009-11-30": "4.06540", "2009-08-31": "5.64310", "2009-05-31": "3.93070", "2009-02-28": "2.96930", "2008-11-30": "4.81750", "2008-08-31": "6.35540", "2008-05-31": "6.26810", "2008-02-29": "6.09210", "2007-11-30": "4.79700", "2007-08-31": "7.74620", "2007-05-31": "6.23310", "2007-02-28": "5.12270", "2006-11-30": "4.98000", "2006-08-31": "6.06340", "2006-05-31": "5.29500", "2006-02-28": "5.20310", "2005-11-30": "4.95110", "2005-08-31": "7.24870", "2005-05-31": "6.19220", "2005-02-28": "5.03770"}, "Return On Tangible Equity": {"2020-11-30": "12.32880", "2020-08-31": "17.39030", "2020-05-31": "-10.45250", "2020-02-29": "9.90990", "2019-11-30": "12.59890", "2019-08-31": "15.71810", "2019-05-31": "11.49600", "2019-02-28": "12.91650", "2018-11-30": "10.21590", "2018-08-31": "12.76600", "2018-05-31": "12.13060", "2018-02-28": "-9.83870", "2017-11-30": "6.76550", "2017-08-31": "8.21020", "2017-05-31": "8.41050", "2017-02-28": "9.27640", "2016-11-30": "7.07500", "2016-08-31": "10.63700", "2016-05-31": "7.14170", "2016-02-29": "7.99130", "2015-11-30": "6.04170", "2015-08-31": "9.44560", "2015-05-31": "7.03540", "2015-02-28": "6.61590", "2014-11-30": "5.80260", "2014-08-31": "8.99740", "2014-05-31": "6.70440", "2014-02-28": "6.42430", "2013-11-30": "4.93170", "2013-08-31": "7.23440", "2013-05-31": "6.40650", "2013-02-28": "6.51570", "2012-11-30": "5.47900", "2012-08-31": "6.28420", "2012-05-31": "5.69840", "2012-02-29": "6.02750", "2011-11-30": "5.26890", "2011-08-31": "7.04230", "2011-05-31": "6.91730", "2011-02-28": "5.66260", "2010-11-30": "4.92030", "2010-08-31": "6.21250", "2010-05-31": "5.73690", "2010-02-28": "5.66690", "2009-11-30": "4.38320", "2009-08-31": "6.08930", "2009-05-31": "4.25410", "2009-02-28": "3.22360", "2008-11-30": "5.51540", "2008-08-31": "7.40380", "2008-05-31": "7.39440", "2008-02-29": "6.53420", "2007-11-30": "5.17000", "2007-08-31": "8.36040", "2007-05-31": "6.75280", "2007-02-28": "5.55850", "2006-11-30": "5.42610", "2006-08-31": "6.63780", "2006-05-31": "5.78890", "2006-02-28": "5.69570", "2005-11-30": "5.43290", "2005-08-31": "7.97060", "2005-05-31": "6.84930", "2005-02-28": "5.59270"}, "ROA - Return On Assets": {"2020-11-30": "3.59110", "2020-08-31": "4.56430", "2020-05-31": "-2.52060", "2020-02-29": "3.23040", "2019-11-30": "4.19140", "2019-08-31": "5.20780", "2019-05-31": "4.17000", "2019-02-28": "4.80350", "2018-11-30": "3.73510", "2018-08-31": "4.85700", "2018-05-31": "5.04530", "2018-02-28": "-4.08390", "2017-11-30": "3.18850", "2017-08-31": "4.01740", "2017-05-31": "4.33380", "2017-02-28": "4.92830", "2016-11-30": "3.71710", "2016-08-31": "5.90380", "2016-05-31": "3.95720", "2016-02-29": "4.52660", "2015-11-30": "3.47610", "2015-08-31": "5.67760", "2015-05-31": "4.00520", "2015-02-28": "3.85080", "2014-11-30": "3.41730", "2014-08-31": "5.19410", "2014-05-31": "3.75390", "2014-02-28": "3.83080", "2013-11-30": "2.99660", "2013-08-31": "4.40760", "2013-05-31": "3.89280", "2013-02-28": "4.23950", "2012-11-30": "3.43420", "2012-08-31": "3.87060", "2012-05-31": "3.64050", "2012-02-29": "3.84620", "2011-11-30": "3.29560", "2011-08-31": "4.35720", "2011-05-31": "4.22060", "2011-02-28": "3.61240", "2010-11-30": "3.15960", "2010-08-31": "3.97840", "2010-05-31": "3.62020", "2010-02-28": "3.66080", "2009-11-30": "2.80720", "2009-08-31": "3.88910", "2009-05-31": "2.57890", "2009-02-28": "1.98930", "2008-11-30": "3.09470", "2008-08-31": "4.05330", "2008-05-31": "3.94210", "2008-02-29": "3.93440", "2007-11-30": "3.13760", "2007-08-31": "5.17270", "2007-05-31": "4.09700", "2007-02-28": "3.43300", "2006-11-30": "3.31490", "2006-08-31": "3.94130", "2006-05-31": "3.37200", "2006-02-28": "3.42290", "2005-11-30": "3.29280", "2005-08-31": "4.74240", "2005-05-31": "3.97450", "2005-02-28": "3.15990"}, "ROI - Return On Investment": {"2020-11-30": "6.23940", "2020-08-31": "8.14730", "2020-05-31": "-4.52440", "2020-02-29": "6.77170", "2019-11-30": "8.70210", "2019-08-31": "10.79520", "2019-05-31": "7.90950", "2019-02-28": "8.86050", "2018-11-30": "6.94550", "2018-08-31": "8.76470", "2018-05-31": "8.56170", "2018-02-28": "-6.95040", "2017-11-30": "5.03610", "2017-08-31": "6.14290", "2017-05-31": "6.34840", "2017-02-28": "7.04580", "2016-11-30": "5.33050", "2016-08-31": "8.82190", "2016-05-31": "5.93640", "2016-02-29": "6.62110", "2015-11-30": "5.07370", "2015-08-31": "8.43770", "2015-05-31": "6.27450", "2015-02-28": "5.88100", "2014-11-30": "5.12360", "2014-08-31": "7.82110", "2014-05-31": "5.80550", "2014-02-28": "5.52940", "2013-11-30": "4.25670", "2013-08-31": "6.23750", "2013-05-31": "5.55690", "2013-02-28": "6.11380", "2012-11-30": "5.11590", "2012-08-31": "5.69450", "2012-05-31": "5.30680", "2012-02-29": "5.46850", "2011-11-30": "4.76330", "2011-08-31": "6.36280", "2011-05-31": "6.25560", "2011-02-28": "5.13850", "2010-11-30": "4.44250", "2010-08-31": "5.58890", "2010-05-31": "5.11760", "2010-02-28": "5.03000", "2009-11-30": "3.87250", "2009-08-31": "5.38080", "2009-05-31": "3.74250", "2009-02-28": "2.81900", "2008-11-30": "4.56680", "2008-08-31": "6.04870", "2008-05-31": "5.93370", "2008-02-29": "5.75440", "2007-11-30": "4.53300", "2007-08-31": "7.32690", "2007-05-31": "5.88950", "2007-02-28": "4.82700", "2006-11-30": "4.70410", "2006-08-31": "5.71400", "2006-05-31": "4.97020", "2006-02-28": "4.88240", "2005-11-30": "4.63960", "2005-08-31": "6.76290", "2005-05-31": "5.52000", "2005-02-28": "4.46840"}, "Book Value Per Share": {"2020-11-30": "6.75560", "2020-08-31": "5.89390", "2020-05-31": "5.17010", "2020-02-29": "5.81670", "2019-11-30": "5.99810", "2019-08-31": "5.89740", "2019-05-31": "5.76530", "2019-02-28": "5.69680", "2018-11-30": "5.53520", "2018-08-31": "5.65890", "2018-05-31": "6.12870", "2018-02-28": "6.04200", "2017-11-30": "7.24010", "2017-08-31": "7.32620", "2017-05-31": "7.55140", "2017-02-28": "7.70100", "2016-11-30": "7.44140", "2016-08-31": "7.29320", "2016-05-31": "7.28780", "2016-02-29": "7.29970", "2015-11-30": "7.85300", "2015-08-31": "7.54920", "2015-05-31": "7.42230", "2015-02-28": "7.19070", "2014-11-30": "6.77080", "2014-08-31": "6.42650", "2014-05-31": "6.22070", "2014-02-28": "6.31840", "2013-11-30": "6.38740", "2013-08-31": "6.34530", "2013-05-31": "6.19740", "2013-02-28": "5.96590", "2012-11-30": "5.58820", "2012-08-31": "5.56930", "2012-05-31": "5.66650", "2012-02-29": "5.55460", "2011-11-30": "5.36110", "2011-08-31": "5.33350", "2011-05-31": "5.25800", "2011-02-28": "5.22150", "2010-11-30": "5.19800", "2010-08-31": "5.05340", "2010-05-31": "5.03820", "2010-02-28": "4.87330", "2009-11-30": "4.73030", "2009-08-31": "4.66670", "2009-05-31": "4.47640", "2009-02-28": "4.23760", "2008-11-30": "4.19140", "2008-08-31": "4.13880", "2008-05-31": "3.98360", "2008-02-29": "3.86300", "2007-11-30": "3.76720", "2007-08-31": "3.68690", "2007-05-31": "3.50080", "2007-02-28": "3.38670", "2006-11-30": "3.24310", "2006-08-31": "3.10180", "2006-05-31": "3.06890", "2006-02-28": "3.02670", "2005-11-30": "2.93170", "2005-08-31": "2.86280", "2005-05-31": "2.70210", "2005-02-28": "2.58430"}, "Operating Cash Flow Per Share": {"2020-11-30": 1.5309, "2020-08-31": "0.55360", "2020-05-31": -0.0007, "2020-02-29": 0.7429, "2019-11-30": 0.5725, "2019-08-31": "0.24660", "2019-05-31": 1.2288, "2019-02-28": 0.6755, "2018-11-30": 0.9471, "2018-08-31": "0.79600", "2018-05-31": 1.3328, "2018-02-28": 0.511, "2017-11-30": 0.7999, "2017-08-31": "0.34290", "2017-05-31": 0.5628, "2017-02-28": 0.6649, "2016-11-30": 0.5843, "2016-08-31": "0.46110", "2016-05-31": 0.85, "2016-02-29": 0.5091, "2015-11-30": 0.3116, "2015-08-31": "0.27990", "2015-05-31": 0.7576, "2015-02-28": 1.0141, "2014-11-30": 0.4888, "2014-08-31": "0.38540", "2014-05-31": 0.7321, "2014-02-28": 0.4106, "2013-11-30": 0.1812, "2013-08-31": "0.33930", "2013-05-31": 0.7264, "2013-02-28": 0.2462, "2012-11-30": 0.3918, "2012-08-31": "0.28990", "2012-05-31": 0.4757, "2012-02-29": 0.1763, "2011-11-30": 0.2727, "2011-08-31": "0.04590", "2011-05-31": 0.4333, "2011-02-28": 0.1678, "2010-11-30": 0.2232, "2010-08-31": "0.10850", "2010-05-31": 0.6422, "2010-02-28": 0.2631, "2009-11-30": 0.3356, "2009-08-31": "0.36060", "2009-05-31": 0.5452, "2009-02-28": 0.0135, "2008-11-30": 0.1452, "2008-08-31": "0.18060", "2008-05-31": 0.3116, "2008-02-29": 0.1796, "2007-11-30": 0.3116, "2007-08-31": "0.15750", "2007-05-31": 0.4734, "2007-02-28": 0.1808, "2006-11-30": 0.1537, "2006-08-31": "0.11320", "2006-05-31": 0.3381, "2006-02-28": 0.1023, "2005-11-30": 0.2281, "2005-08-31": "0.12180", "2005-05-31": 0.229, "2005-02-28": 0.4974}, "Free Cash Flow Per Share": {"2020-11-30": 1.4277, "2020-08-31": "0.44310", "2020-05-31": -0.1822, "2020-02-29": 0.5695, "2019-11-30": 0.4228, "2019-08-31": "0.06890", "2019-05-31": 1.063, "2019-02-28": 0.5386, "2018-11-30": 0.7683, "2018-08-31": "0.58610", "2018-05-31": 1.1615, "2018-02-28": 0.3619, "2017-11-30": 0.6616, "2017-08-31": "0.18190", "2017-05-31": 0.3699, "2017-02-28": 0.5077, "2016-11-30": 0.4511, "2016-08-31": "0.29900", "2016-05-31": 0.7133, "2016-02-29": 0.3416, "2015-11-30": 0.1469, "2015-08-31": "0.09860", "2015-05-31": 0.6221, "2015-02-28": 0.8809, "2014-11-30": 0.3614, "2014-08-31": "0.23870", "2014-05-31": 0.6176, "2014-02-28": 0.287, "2013-11-30": 0.0692, "2013-08-31": "0.20530", "2013-05-31": 0.6403, "2013-02-28": 0.1506, "2012-11-30": 0.3129, "2012-08-31": "0.23190", "2012-05-31": 0.3795, "2012-02-29": 0.1117, "2011-11-30": 0.1946, "2011-08-31": "-0.01370", "2011-05-31": 0.3669, "2011-02-28": 0.1102, "2010-11-30": 0.1709, "2010-08-31": "0.06290", "2010-05-31": 0.5945, "2010-02-28": 0.2293, "2009-11-30": 0.2933, "2009-08-31": "0.31990", "2009-05-31": 0.4939, "2009-02-28": -0.0432, "2008-11-30": 0.0848, "2008-08-31": "0.13340", "2008-05-31": 0.2348, "2008-02-29": 0.134, "2007-11-30": 0.2573, "2007-08-31": "0.11230", "2007-05-31": 0.4262, "2007-02-28": 0.1644, "2006-11-30": 0.1128, "2006-08-31": "0.07790", "2006-05-31": 0.2903, "2006-02-28": 0.0706, "2005-11-30": 0.1773, "2005-08-31": "0.09480", "2005-05-31": 0.1936, "2005-02-28": 0.4172}}, "revenue": {"NIKE Annual Revenue (Millions of US $)": {"2020": "$37,403", "2019": "$39,117", "2018": "$36,397", "2017": "$34,350", "2016": "$32,376", "2015": "$30,601", "2014": "$27,799", "2013": "$25,313", "2012": "$23,331", "2011": "$20,117", "2010": "$19,014", "2009": "$19,176", "2008": "$18,627", "2007": "$16,326", "2006": "$14,955", "2005": "$13,740"}, "NIKE Quarterly Revenue (Millions of US $)": {"2020-11-30": "$11,243", "2020-08-31": "$10,594", "2020-05-31": "$6,313", "2020-02-29": "$10,104", "2019-11-30": "$10,326", "2019-08-31": "$10,660", "2019-05-31": "$10,184", "2019-02-28": "$9,611", "2018-11-30": "$9,374", "2018-08-31": "$9,948", "2018-05-31": "$9,789", "2018-02-28": "$8,984", "2017-11-30": "$8,554", "2017-08-31": "$9,070", "2017-05-31": "$8,677", "2017-02-28": "$8,432", "2016-11-30": "$8,180", "2016-08-31": "$9,061", "2016-05-31": "$8,244", "2016-02-29": "$8,032", "2015-11-30": "$7,686", "2015-08-31": "$8,414", "2015-05-31": "$7,779", "2015-02-28": "$7,460", "2014-11-30": "$7,380", "2014-08-31": "$7,982", "2014-05-31": "$7,425", "2014-02-28": "$6,972", "2013-11-30": "$6,431", "2013-08-31": "$6,971", "2013-05-31": "$6,697", "2013-02-28": "$6,187", "2012-11-30": "$5,955", "2012-08-31": "$6,474", "2012-05-31": "$6,048", "2012-02-29": "$5,656", "2011-11-30": "$5,546", "2011-08-31": "$6,081", "2011-05-31": "$5,021", "2011-02-28": "$5,079", "2010-11-30": "$4,842", "2010-08-31": "$5,175", "2010-05-31": "$5,077", "2010-02-28": "$4,733", "2009-11-30": "$4,405", "2009-08-31": "$4,799", "2009-05-31": "$4,713", "2009-02-28": "$4,441", "2008-11-30": "$4,590", "2008-08-31": "$5,432", "2008-05-31": "$5,088", "2008-02-29": "$4,544", "2007-11-30": "$4,340", "2007-08-31": "$4,655", "2007-05-31": "$4,383", "2007-02-28": "$3,927", "2006-11-30": "$3,822", "2006-08-31": "$4,194", "2006-05-31": "$4,005", "2006-02-28": "$3,613", "2005-11-30": "$3,475", "2005-08-31": "$3,862", "2005-05-31": "$3,721", "2005-02-28": "$3,308"}}, "gross-profit": {"NIKE Annual Gross Profit (Millions of US $)": {"2020": "$16,241", "2019": "$17,474", "2018": "$15,956", "2017": "$15,312", "2016": "$14,971", "2015": "$14,067", "2014": "$12,446", "2013": "$11,034", "2012": "$10,148", "2011": "$9,202", "2010": "$8,800", "2009": "$8,604", "2008": "$8,387", "2007": "$7,161", "2006": "$6,587", "2005": "$6,115"}, "NIKE Quarterly Gross Profit (Millions of US $)": {"2020-11-30": "$4,847", "2020-08-31": "$4,741", "2020-05-31": "$2,353", "2020-02-29": "$4,473", "2019-11-30": "$4,544", "2019-08-31": "$4,871", "2019-05-31": "$4,633", "2019-02-28": "$4,339", "2018-11-30": "$4,105", "2018-08-31": "$4,397", "2018-05-31": "$4,378", "2018-02-28": "$3,938", "2017-11-30": "$3,678", "2017-08-31": "$3,962", "2017-05-31": "$3,823", "2017-02-28": "$3,750", "2016-11-30": "$3,616", "2016-08-31": "$4,123", "2016-05-31": "$3,786", "2016-02-29": "$3,689", "2015-11-30": "$3,501", "2015-08-31": "$3,995", "2015-05-31": "$3,593", "2015-02-28": "$3,426", "2014-11-30": "$3,327", "2014-08-31": "$3,721", "2014-05-31": "$3,385", "2014-02-28": "$3,103", "2013-11-30": "$2,826", "2013-08-31": "$3,132", "2013-05-31": "$2,940", "2013-02-28": "$2,736", "2012-11-30": "$2,530", "2012-08-31": "$2,828", "2012-05-31": "$2,594", "2012-02-29": "$2,485", "2011-11-30": "$2,376", "2011-08-31": "$2,693", "2011-05-31": "$2,248", "2011-02-28": "$2,327", "2010-11-30": "$2,193", "2010-08-31": "$2,434", "2010-05-31": "$2,406", "2010-02-28": "$2,218", "2009-11-30": "$1,960", "2009-08-31": "$2,216", "2009-05-31": "$2,043", "2009-02-28": "$1,949", "2008-11-30": "$2,050", "2008-08-31": "$2,562", "2008-05-31": "$2,331", "2008-02-29": "$2,048", "2007-11-30": "$1,921", "2007-08-31": "$2,087", "2007-05-31": "$1,919", "2007-02-28": "$1,735", "2006-11-30": "$1,657", "2006-08-31": "$1,849", "2006-05-31": "$1,753", "2006-02-28": "$1,574", "2005-11-30": "$1,511", "2005-08-31": "$1,748", "2005-05-31": "$1,683", "2005-02-28": "$1,459"}}, "operating-income": {"NIKE Annual Operating Income (Millions of US $)": {"2020": "$3,115", "2019": "$4,772", "2018": "$4,445", "2017": "$4,749", "2016": "$4,502", "2015": "$4,175", "2014": "$3,680", "2013": "$3,238", "2012": "$3,069", "2011": "$2,841", "2010": "$2,474", "2009": "$1,858", "2008": "$2,434", "2007": "$2,132", "2006": "$2,109", "2005": "$1,894"}, "NIKE Quarterly Operating Income (Millions of US $)": {"2020-11-30": "$1,580", "2020-08-31": "$1,766", "2020-05-31": "$-838", "2020-02-29": "$1,190", "2019-11-30": "$1,220", "2019-08-31": "$1,543", "2019-05-31": "$1,227", "2019-02-28": "$1,248", "2018-11-30": "$963", "2018-08-31": "$1,334", "2018-05-31": "$1,258", "2018-02-28": "$1,171", "2017-11-30": "$910", "2017-08-31": "$1,106", "2017-05-31": "$1,158", "2017-02-28": "$1,254", "2016-11-30": "$1,111", "2016-08-31": "$1,226", "2016-05-31": "$1,020", "2016-02-29": "$1,123", "2015-11-30": "$941", "2015-08-31": "$1,418", "2015-05-31": "$998", "2015-02-28": "$1,047", "2014-11-30": "$889", "2014-08-31": "$1,241", "2014-05-31": "$937", "2014-02-28": "$934", "2013-11-30": "$735", "2013-08-31": "$1,074", "2013-05-31": "$902", "2013-02-28": "$873", "2012-11-30": "$694", "2012-08-31": "$769", "2012-05-31": "$777", "2012-02-29": "$777", "2011-11-30": "$645", "2011-08-31": "$870", "2011-05-31": "$808", "2011-02-28": "$690", "2010-11-30": "$582", "2010-08-31": "$761", "2010-05-31": "$668", "2010-02-28": "$655", "2009-11-30": "$481", "2009-08-31": "$670", "2009-05-31": "$454", "2009-02-28": "$195", "2008-11-30": "$503", "2008-08-31": "$706", "2008-05-31": "$645", "2008-02-29": "$645", "2007-11-30": "$492", "2007-08-31": "$652", "2007-05-31": "$647", "2007-02-28": "$492", "2006-11-30": "$433", "2006-08-31": "$560", "2006-05-31": "$521", "2006-02-28": "$488", "2005-11-30": "$457", "2005-08-31": "$644", "2005-05-31": "$544", "2005-02-28": "$423"}}, "ebitda": {"NIKE Annual EBITDA (Millions of US $)": {"2020": "$4,234", "2019": "$5,492", "2018": "$5,219", "2017": "$5,465", "2016": "$5,164", "2015": "$4,824", "2014": "$4,266", "2013": "$3,740", "2012": "$3,465", "2011": "$3,199", "2010": "$2,870", "2009": "$2,642", "2008": "$2,755", "2007": "$2,402", "2006": "$2,388", "2005": "$2,177"}, "NIKE Quarterly EBITDA (Millions of US $)": {"2020-11-30": "$1,827", "2020-08-31": "$1,983", "2020-05-31": "$-615", "2020-02-29": "$1,724", "2019-11-30": "$1,407", "2019-08-31": "$1,718", "2019-05-31": "$1,411", "2019-02-28": "$1,425", "2018-11-30": "$1,141", "2018-08-31": "$1,515", "2018-05-31": "$1,458", "2018-02-28": "$1,369", "2017-11-30": "$1,101", "2017-08-31": "$1,291", "2017-05-31": "$1,346", "2017-02-28": "$1,424", "2016-11-30": "$1,289", "2016-08-31": "$1,406", "2016-05-31": "$1,183", "2016-02-29": "$1,300", "2015-11-30": "$1,098", "2015-08-31": "$1,583", "2015-05-31": "$1,166", "2015-02-28": "$1,212", "2014-11-30": "$1,050", "2014-08-31": "$1,396", "2014-05-31": "$1,092", "2014-02-28": "$1,068", "2013-11-30": "$880", "2013-08-31": "$1,226", "2013-05-31": "$1,045", "2013-02-28": "$966", "2012-11-30": "$823", "2012-08-31": "$906", "2012-05-31": "$853", "2012-02-29": "$899", "2011-11-30": "$732", "2011-08-31": "$981", "2011-05-31": "$906", "2011-02-28": "$775", "2010-11-30": "$695", "2010-08-31": "$823", "2010-05-31": "$802", "2010-02-28": "$742", "2009-11-30": "$575", "2009-08-31": "$751", "2009-05-31": "$582", "2009-02-28": "$676", "2008-11-30": "$593", "2008-08-31": "$791", "2008-05-31": "$718", "2008-02-29": "$736", "2007-11-30": "$577", "2007-08-31": "$724", "2007-05-31": "$728", "2007-02-28": "$539", "2006-11-30": "$495", "2006-08-31": "$641", "2006-05-31": "$567", "2006-02-28": "$578", "2005-11-30": "$530", "2005-08-31": "$713", "2005-05-31": "$607", "2005-02-28": "$505"}}, "net-income": {"NIKE Annual Net Income (Millions of US $)": {"2020": "$2,539", "2019": "$4,029", "2018": "$1,933", "2017": "$4,240", "2016": "$3,760", "2015": "$3,273", "2014": "$2,693", "2013": "$2,472", "2012": "$2,211", "2011": "$2,133", "2010": "$1,907", "2009": "$1,487", "2008": "$1,883", "2007": "$1,492", "2006": "$1,392", "2005": "$1,212"}, "NIKE Quarterly Net Income (Millions of US $)": {"2020-11-30": "$1,251", "2020-08-31": "$1,518", "2020-05-31": "$-790", "2020-02-29": "$847", "2019-11-30": "$1,115", "2019-08-31": "$1,367", "2019-05-31": "$989", "2019-02-28": "$1,101", "2018-11-30": "$847", "2018-08-31": "$1,092", "2018-05-31": "$1,137", "2018-02-28": "$-921", "2017-11-30": "$767", "2017-08-31": "$950", "2017-05-31": "$1,008", "2017-02-28": "$1,141", "2016-11-30": "$842", "2016-08-31": "$1,249", "2016-05-31": "$846", "2016-02-29": "$950", "2015-11-30": "$785", "2015-08-31": "$1,179", "2015-05-31": "$865", "2015-02-28": "$791", "2014-11-30": "$655", "2014-08-31": "$962", "2014-05-31": "$698", "2014-02-28": "$682", "2013-11-30": "$534", "2013-08-31": "$779", "2013-05-31": "$655", "2013-02-28": "$866", "2012-11-30": "$384", "2012-08-31": "$567", "2012-05-31": "$537", "2012-02-29": "$560", "2011-11-30": "$469", "2011-08-31": "$645", "2011-05-31": "$594", "2011-02-28": "$523", "2010-11-30": "$457", "2010-08-31": "$559", "2010-05-31": "$522", "2010-02-28": "$497", "2009-11-30": "$375", "2009-08-31": "$513", "2009-05-31": "$342", "2009-02-28": "$244", "2008-11-30": "$391", "2008-08-31": "$511", "2008-05-31": "$491", "2008-02-29": "$464", "2007-11-30": "$359", "2007-08-31": "$570", "2007-05-31": "$438", "2007-02-28": "$351", "2006-11-30": "$326", "2006-08-31": "$377", "2006-05-31": "$333", "2006-02-28": "$326", "2005-11-30": "$301", "2005-08-31": "$432", "2005-05-31": "$350", "2005-02-28": "$273"}}, "eps-earnings-per-share-diluted": {"NIKE Annual EPS": {"2020": "$1.60", "2019": "$2.49", "2018": "$1.17", "2017": "$2.51", "2016": "$2.16", "2015": "$1.85", "2014": "$1.49", "2013": "$1.35", "2012": "$1.18", "2011": "$1.10", "2010": "$0.97", "2009": "$0.76", "2008": "$0.94", "2007": "$0.73", "2006": "$0.66", "2005": "$0.56"}, "NIKE Quarterly EPS": {"2020-11-30": "$0.78", "2020-08-31": "$0.95", "2020-05-31": "$-0.49", "2020-02-29": "$0.53", "2019-11-30": "$0.70", "2019-08-31": "$0.86", "2019-05-31": "$0.62", "2019-02-28": "$0.68", "2018-11-30": "$0.52", "2018-08-31": "$0.67", "2018-05-31": "$0.71", "2018-02-28": "$-0.57", "2017-11-30": "$0.46", "2017-08-31": "$0.57", "2017-05-31": "$0.60", "2017-02-28": "$0.68", "2016-11-30": "$0.50", "2016-08-31": "$0.73", "2016-05-31": "$0.49", "2016-02-29": "$0.55", "2015-11-30": "$0.45", "2015-08-31": "$0.67", "2015-05-31": "$0.49", "2015-02-28": "$0.45", "2014-11-30": "$0.37", "2014-08-31": "$0.55", "2014-05-31": "$0.39", "2014-02-28": "$0.38", "2013-11-30": "$0.30", "2013-08-31": "$0.43", "2013-05-31": "$0.36", "2013-02-28": "$0.48", "2012-11-30": "$0.21", "2012-08-31": "$0.31", "2012-05-31": "$0.29", "2012-02-29": "$0.30", "2011-11-30": "$0.25", "2011-08-31": "$0.34", "2011-05-31": "$0.31", "2011-02-28": "$0.27", "2010-11-30": "$0.24", "2010-08-31": "$0.29", "2010-05-31": "$0.26", "2010-02-28": "$0.25", "2009-11-30": "$0.19", "2009-08-31": "$0.26", "2009-05-31": "$0.18", "2009-02-28": "$0.13", "2008-11-30": "$0.20", "2008-08-31": "$0.26", "2008-05-31": "$0.25", "2008-02-29": "$0.23", "2007-11-30": "$0.18", "2007-08-31": "$0.28", "2007-05-31": "$0.22", "2007-02-28": "$0.17", "2006-11-30": "$0.16", "2006-08-31": "$0.19", "2006-05-31": "$0.16", "2006-02-28": "$0.16", "2005-11-30": "$0.14", "2005-08-31": "$0.20", "2005-05-31": "$0.16", "2005-02-28": "$0.13"}}, "shares-outstanding": {"NIKE Annual Shares Outstanding (Millions of Shares)": {"2020": "1,592", "2019": "1,618", "2018": "1,659", "2017": "1,692", "2016": "1,743", "2015": "1,769", "2014": "1,812", "2013": "1,833", "2012": "1,879", "2011": "1,943", "2010": "1,976", "2009": "1,963", "2008": "2,016", "2007": "2,040", "2006": "2,110", "2005": "2,162"}, "NIKE Quarterly Shares Outstanding (Millions of Shares)": {"2020-11-30": "1,610", "2020-08-31": "1,593", "2020-05-31": "1,592", "2020-02-29": "1,592", "2019-11-30": "1,594", "2019-08-31": "1,598", "2019-05-31": "1,618", "2019-02-28": "1,610", "2018-11-30": "1,621", "2018-08-31": "1,634", "2018-05-31": "1,659", "2018-02-28": "1,624", "2017-11-30": "1,661", "2017-08-31": "1,677", "2017-05-31": "1,692", "2017-02-28": "1,686", "2016-11-30": "1,693", "2016-08-31": "1,709", "2016-05-31": "1,743", "2016-02-29": "1,737", "2015-11-30": "1,751", "2015-08-31": "1,755", "2015-05-31": "1,769", "2015-02-28": "1,768", "2014-11-30": "1,770", "2014-08-31": "1,772", "2014-05-31": "1,812", "2014-02-28": "1,810", "2013-11-30": "1,821", "2013-08-31": "1,821", "2013-05-31": "1,833", "2013-02-28": "1,823", "2012-11-30": "1,826", "2012-08-31": "1,846", "2012-05-31": "1,879", "2012-02-29": "1,869", "2011-11-30": "1,874", "2011-08-31": "1,897", "2011-05-31": "1,943", "2011-02-28": "1,942", "2010-11-30": "1,950", "2010-08-31": "1,954", "2010-05-31": "1,976", "2010-02-28": "1,969", "2009-11-30": "1,978", "2009-08-31": "1,966", "2009-05-31": "1,963", "2009-02-28": "1,952", "2008-11-30": "1,959", "2008-08-31": "1,980", "2008-05-31": "2,016", "2008-02-29": "2,010", "2007-11-30": "2,025", "2007-08-31": "2,029", "2007-05-31": "2,040", "2007-02-28": "2,043", "2006-11-30": "2,029", "2006-08-31": "2,048", "2006-05-31": "2,110", "2006-02-28": "2,108", "2005-11-30": "2,110", "2005-08-31": "2,149", "2005-05-31": "2,162", "2005-02-28": "2,174"}}, "total-assets": {"NIKE Annual Total Assets (Millions of US $)": {"2020": "$31,342", "2019": "$23,717", "2018": "$22,536", "2017": "$23,259", "2016": "$21,379", "2015": "$21,597", "2014": "$18,594", "2013": "$17,545", "2012": "$15,465", "2011": "$14,998", "2010": "$14,419", "2009": "$13,250", "2008": "$12,443", "2007": "$10,688", "2006": "$9,870", "2005": "$8,794"}, "NIKE Quarterly Total Assets (Millions of US $)": {"2020-11-30": "$34,836", "2020-08-31": "$33,258", "2020-05-31": "$31,342", "2020-02-29": "$26,220", "2019-11-30": "$26,602", "2019-08-31": "$26,249", "2019-05-31": "$23,717", "2019-02-28": "$22,921", "2018-11-30": "$22,677", "2018-08-31": "$22,483", "2018-05-31": "$22,536", "2018-02-28": "$22,552", "2017-11-30": "$24,055", "2017-08-31": "$23,647", "2017-05-31": "$23,259", "2017-02-28": "$23,152", "2016-11-30": "$22,652", "2016-08-31": "$21,156", "2016-05-31": "$21,379", "2016-02-29": "$20,987", "2015-11-30": "$22,583", "2015-08-31": "$20,766", "2015-05-31": "$21,597", "2015-02-28": "$20,541", "2014-11-30": "$19,167", "2014-08-31": "$18,521", "2014-05-31": "$18,594", "2014-02-28": "$17,803", "2013-11-30": "$17,820", "2013-08-31": "$17,674", "2013-05-31": "$17,545", "2013-02-28": "$15,615", "2012-11-30": "$15,171", "2012-08-31": "$15,114", "2012-05-31": "$15,465", "2012-02-29": "$14,794", "2011-11-30": "$14,565", "2011-08-31": "$14,803", "2011-05-31": "$14,998", "2011-02-28": "$14,478", "2010-11-30": "$14,464", "2010-08-31": "$14,051", "2010-05-31": "$14,419", "2010-02-28": "$13,576", "2009-11-30": "$13,358", "2009-08-31": "$13,191", "2009-05-31": "$13,250", "2009-02-28": "$12,256", "2008-11-30": "$12,635", "2008-08-31": "$12,595", "2008-05-31": "$12,443", "2008-02-29": "$11,788", "2007-11-30": "$11,455", "2007-08-31": "$11,014", "2007-05-31": "$10,688", "2007-02-28": "$10,219", "2006-11-30": "$9,822", "2006-08-31": "$9,571", "2006-05-31": "$9,870", "2006-02-28": "$9,518", "2005-11-30": "$9,144", "2005-08-31": "$9,116", "2005-05-31": "$8,794", "2005-02-28": "$8,652"}}, "cash-on-hand": {"NIKE Annual Cash on Hand (Millions of US $)": {"2020": "$8,787", "2019": "$4,663", "2018": "$5,245", "2017": "$6,179", "2016": "$5,457", "2015": "$5,924", "2014": "$5,142", "2013": "$5,965", "2012": "$3,757", "2011": "$4,538", "2010": "$5,146", "2009": "$3,455", "2008": "$2,776", "2007": "$2,847", "2006": "$2,303", "2005": "$1,825"}, "NIKE Quarterly Cash on Hand (Millions of US $)": {"2020-11-30": "$11,812", "2020-08-31": "$9,480", "2020-05-31": "$8,787", "2020-02-29": "$3,182", "2019-11-30": "$3,502", "2019-08-31": "$3,644", "2019-05-31": "$4,663", "2019-02-28": "$4,046", "2018-11-30": "$4,041", "2018-08-31": "$4,269", "2018-05-31": "$5,245", "2018-02-28": "$4,751", "2017-11-30": "$6,389", "2017-08-31": "$5,519", "2017-05-31": "$6,179", "2017-02-28": "$6,160", "2016-11-30": "$5,943", "2016-08-31": "$4,787", "2016-05-31": "$5,457", "2016-02-29": "$5,106", "2015-11-30": "$6,116", "2015-08-31": "$5,408", "2015-05-31": "$5,924", "2015-02-28": "$5,361", "2014-11-30": "$4,713", "2014-08-31": "$4,579", "2014-05-31": "$5,142", "2014-02-28": "$5,029", "2013-11-30": "$5,187", "2013-08-31": "$5,578", "2013-05-31": "$5,965", "2013-02-28": "$4,042", "2012-11-30": "$3,525", "2012-08-31": "$3,267", "2012-05-31": "$3,757", "2012-02-29": "$3,197", "2011-11-30": "$3,365", "2011-08-31": "$3,700", "2011-05-31": "$4,538", "2011-02-28": "$4,465", "2010-11-30": "$4,789", "2010-08-31": "$4,688", "2010-05-31": "$5,146", "2010-02-28": "$4,039", "2009-11-30": "$4,010", "2009-08-31": "$3,630", "2009-05-31": "$3,455", "2009-02-28": "$2,604", "2008-11-30": "$2,730", "2008-08-31": "$2,592", "2008-05-31": "$2,776", "2008-02-29": "$2,927", "2007-11-30": "$3,072", "2007-08-31": "$2,791", "2007-05-31": "$2,847", "2007-02-28": "$2,270", "2006-11-30": "$1,907", "2006-08-31": "$1,725", "2006-05-31": "$2,303", "2006-02-28": "$2,007", "2005-11-30": "$2,055", "2005-08-31": "$1,893", "2005-05-31": "$1,825", "2005-02-28": "$1,641"}}, "long-term-debt": {"NIKE Annual Long Term Debt (Millions of US $)": {"2020": "$9,406", "2019": "$3,464", "2018": "$3,468", "2017": "$3,471", "2016": "$1,993", "2015": "$1,079", "2014": "$1,199", "2013": "$1,210", "2012": "$228", "2011": "$276", "2010": "$446", "2009": "$437", "2008": "$441", "2007": "$410", "2006": "$411", "2005": "$687"}, "NIKE Quarterly Long Term Debt (Millions of US $)": {"2020-11-30": "$9,410", "2020-08-31": "$9,408", "2020-05-31": "$9,406", "2020-02-29": "$3,463", "2019-11-30": "$3,462", "2019-08-31": "$3,463", "2019-05-31": "$3,464", "2019-02-28": "$3,465", "2018-11-30": "$3,466", "2018-08-31": "$3,467", "2018-05-31": "$3,468", "2018-02-28": "$3,469", "2017-11-30": "$3,472", "2017-08-31": "$3,472", "2017-05-31": "$3,471", "2017-02-28": "$3,472", "2016-11-30": "$3,473", "2016-08-31": "$1,993", "2016-05-31": "$1,993", "2016-02-29": "$2,048", "2015-11-30": "$2,067", "2015-08-31": "$1,079", "2015-05-31": "$1,079", "2015-02-28": "$1,082", "2014-11-30": "$1,084", "2014-08-31": "$1,195", "2014-05-31": "$1,199", "2014-02-28": "$1,201", "2013-11-30": "$1,201", "2013-08-31": "$1,207", "2013-05-31": "$1,210", "2013-02-28": "$161", "2012-11-30": "$170", "2012-08-31": "$226", "2012-05-31": "$228", "2012-02-29": "$229", "2011-11-30": "$234", "2011-08-31": "$238", "2011-05-31": "$276", "2011-02-28": "$276", "2010-11-30": "$338", "2010-08-31": "$342", "2010-05-31": "$446", "2010-02-28": "$452", "2009-11-30": "$460", "2009-08-31": "$443", "2009-05-31": "$437", "2009-02-28": "$438", "2008-11-30": "$446", "2008-08-31": "$407", "2008-05-31": "$441", "2008-02-29": "$447", "2007-11-30": "$436", "2007-08-31": "$421", "2007-05-31": "$410", "2007-02-28": "$419", "2006-11-30": "$384", "2006-08-31": "$380", "2006-05-31": "$411", "2006-02-28": "$411", "2005-11-30": "$408", "2005-08-31": "$428", "2005-05-31": "$687", "2005-02-28": "$691"}}, "total-liabilities": {"NIKE Annual Total Liabilities (Millions of US $)": {"2020": "$23,287", "2019": "$14,677", "2018": "$12,724", "2017": "$10,852", "2016": "$9,121", "2015": "$8,890", "2014": "$7,770", "2013": "$6,464", "2012": "$5,084", "2011": "$5,155", "2010": "$4,665", "2009": "$4,557", "2008": "$4,617", "2007": "$3,663", "2006": "$3,584", "2005": "$3,149"}, "NIKE Quarterly Total Liabilities (Millions of US $)": {"2020-11-30": "$24,196", "2020-08-31": "$24,034", "2020-05-31": "$23,287", "2020-02-29": "$17,175", "2019-11-30": "$17,251", "2019-08-31": "$17,049", "2019-05-31": "$14,677", "2019-02-28": "$13,960", "2018-11-30": "$13,948", "2018-08-31": "$13,491", "2018-05-31": "$12,724", "2018-02-28": "$12,770", "2017-11-30": "$12,297", "2017-08-31": "$11,654", "2017-05-31": "$10,852", "2017-02-28": "$10,430", "2016-11-30": "$10,329", "2016-08-31": "$8,991", "2016-05-31": "$9,121", "2016-02-29": "$8,687", "2015-11-30": "$9,178", "2015-08-31": "$7,872", "2015-05-31": "$8,890", "2015-02-28": "$8,173", "2014-11-30": "$7,467", "2014-08-31": "$7,416", "2014-05-31": "$7,770", "2014-02-28": "$6,670", "2013-11-30": "$6,476", "2013-08-31": "$6,392", "2013-05-31": "$6,464", "2013-02-28": "$4,948", "2012-11-30": "$5,157", "2012-08-31": "$5,067", "2012-05-31": "$5,084", "2012-02-29": "$4,618", "2011-11-30": "$4,722", "2011-08-31": "$4,904", "2011-05-31": "$5,155", "2011-02-28": "$4,576", "2010-11-30": "$4,515", "2010-08-31": "$4,391", "2010-05-31": "$4,665", "2010-02-28": "$4,147", "2009-11-30": "$4,134", "2009-08-31": "$4,100", "2009-05-31": "$4,557", "2009-02-28": "$4,045", "2008-11-30": "$4,519", "2008-08-31": "$4,562", "2008-05-31": "$4,617", "2008-02-29": "$4,175", "2007-11-30": "$3,962", "2007-08-31": "$3,659", "2007-05-31": "$3,663", "2007-02-28": "$3,371", "2006-11-30": "$3,284", "2006-08-31": "$3,350", "2006-05-31": "$3,584", "2006-02-28": "$3,257", "2005-11-30": "$3,063", "2005-08-31": "$3,152", "2005-05-31": "$3,149", "2005-02-28": "$3,225"}}, "total-share-holder-equity": {"NIKE Annual Share Holder Equity (Millions of US $)": {"2020": "$8,055", "2019": "$9,040", "2018": "$9,812", "2017": "$12,407", "2016": "$12,258", "2015": "$12,707", "2014": "$10,824", "2013": "$11,081", "2012": "$10,381", "2011": "$9,843", "2010": "$9,754", "2009": "$8,693", "2008": "$7,825", "2007": "$7,025", "2006": "$6,285", "2005": "$5,644"}, "NIKE Quarterly Share Holder Equity (Millions of US $)": {"2020-11-30": "$10,640", "2020-08-31": "$9,224", "2020-05-31": "$8,055", "2020-02-29": "$9,045", "2019-11-30": "$9,351", "2019-08-31": "$9,200", "2019-05-31": "$9,040", "2019-02-28": "$8,961", "2018-11-30": "$8,729", "2018-08-31": "$8,992", "2018-05-31": "$9,812", "2018-02-28": "$9,782", "2017-11-30": "$11,758", "2017-08-31": "$11,993", "2017-05-31": "$12,407", "2017-02-28": "$12,722", "2016-11-30": "$12,323", "2016-08-31": "$12,165", "2016-05-31": "$12,258", "2016-02-29": "$12,300", "2015-11-30": "$13,405", "2015-08-31": "$12,894", "2015-05-31": "$12,707", "2015-02-28": "$12,368", "2014-11-30": "$11,700", "2014-08-31": "$11,105", "2014-05-31": "$10,824", "2014-02-28": "$11,133", "2013-11-30": "$11,344", "2013-08-31": "$11,282", "2013-05-31": "$11,081", "2013-02-28": "$10,667", "2012-11-30": "$10,014", "2012-08-31": "$10,047", "2012-05-31": "$10,381", "2012-02-29": "$10,176", "2011-11-30": "$9,843", "2011-08-31": "$9,899", "2011-05-31": "$9,843", "2011-02-28": "$9,902", "2010-11-30": "$9,949", "2010-08-31": "$9,660", "2010-05-31": "$9,754", "2010-02-28": "$9,429", "2009-11-30": "$9,224", "2009-08-31": "$9,091", "2009-05-31": "$8,693", "2009-02-28": "$8,211", "2008-11-30": "$8,116", "2008-08-31": "$8,033", "2008-05-31": "$7,825", "2008-02-29": "$7,613", "2007-11-30": "$7,492", "2007-08-31": "$7,355", "2007-05-31": "$7,025", "2007-02-28": "$6,848", "2006-11-30": "$6,538", "2006-08-31": "$6,221", "2006-05-31": "$6,285", "2006-02-28": "$6,262", "2005-11-30": "$6,082", "2005-08-31": "$5,964", "2005-05-31": "$5,644", "2005-02-28": "$5,427"}}, "profit-margins": {"current": "7.39%"}, "gross margin": {"2020-11-30": "42.91%", "2020-08-31": "43.15%", "2020-05-31": "43.42%", "2020-02-29": "44.87%", "2019-11-30": "45.09%", "2019-08-31": "45.06%", "2019-05-31": "44.67%", "2019-02-28": "44.47%", "2018-11-30": "44.15%", "2018-08-31": "43.97%", "2018-05-31": "43.84%", "2018-02-28": "43.65%", "2017-11-30": "43.80%", "2017-08-31": "44.10%", "2017-05-31": "44.58%", "2017-02-28": "45.04%", "2016-11-30": "45.39%", "2016-08-31": "45.72%", "2016-05-31": "46.24%", "2016-02-29": "46.31%", "2015-11-30": "46.32%", "2015-08-31": "46.21%", "2015-05-31": "45.97%", "2015-02-28": "45.82%", "2014-11-30": "45.49%", "2014-08-31": "45.24%", "2014-05-31": "44.77%", "2014-02-28": "44.33%", "2013-11-30": "44.26%", "2013-08-31": "43.93%", "2013-05-31": "43.59%", "2013-02-28": "43.33%", "2012-11-30": "43.25%", "2012-08-31": "43.34%", "2012-05-31": "43.50%", "2012-02-29": "43.95%", "2011-11-30": "44.39%", "2011-08-31": "45.00%", "2011-05-31": "45.74%", "2011-02-28": "46.40%", "2010-11-30": "46.66%", "2010-08-31": "46.51%", "2010-05-31": "46.28%", "2010-02-28": "45.24%", "2009-11-30": "44.49%", "2009-08-31": "44.53%", "2009-05-31": "44.87%", "2009-02-28": "45.48%", "2008-11-30": "45.75%", "2008-08-31": "45.67%", "2008-05-31": "45.03%", "2008-02-29": "44.50%", "2007-11-30": "44.28%", "2007-08-31": "44.07%", "2007-05-31": "43.86%", "2007-02-28": "43.86%", "2006-11-30": "43.71%", "2006-08-31": "43.74%", "2006-05-31": "44.04%", "2006-02-28": "44.41%", "2005-11-30": "44.56%"}, "operating margin": {"2020-11-30": "9.67%", "2020-08-31": "8.94%", "2020-05-31": "8.33%", "2020-02-29": "12.55%", "2019-11-30": "12.84%", "2019-08-31": "12.51%", "2019-05-31": "12.20%", "2019-02-28": "12.40%", "2018-11-30": "12.41%", "2018-08-31": "12.54%", "2018-05-31": "12.21%", "2018-02-28": "12.31%", "2017-11-30": "12.75%", "2017-08-31": "13.47%", "2017-05-31": "13.83%", "2017-02-28": "13.59%", "2016-11-30": "13.37%", "2016-08-31": "13.05%", "2016-05-31": "13.91%", "2016-02-29": "14.04%", "2015-11-30": "14.05%", "2015-08-31": "14.02%", "2015-05-31": "13.64%", "2015-02-28": "13.60%", "2014-11-30": "13.44%", "2014-08-31": "13.35%", "2014-05-31": "13.24%", "2014-02-28": "13.46%", "2013-11-30": "13.63%", "2013-08-31": "13.73%", "2013-05-31": "12.79%", "2013-02-28": "12.62%", "2012-11-30": "12.50%", "2012-08-31": "12.51%", "2012-05-31": "13.15%", "2012-02-29": "13.90%", "2011-11-30": "13.87%", "2011-08-31": "14.03%", "2011-05-31": "14.12%", "2011-02-28": "13.39%", "2010-11-30": "13.45%", "2010-08-31": "13.23%", "2010-05-31": "13.01%", "2010-02-28": "12.12%", "2009-11-30": "9.80%", "2009-08-31": "9.83%", "2009-05-31": "9.69%", "2009-02-28": "10.48%", "2008-11-30": "12.71%", "2008-08-31": "12.82%", "2008-05-31": "13.07%", "2008-02-29": "13.59%", "2007-11-30": "13.19%", "2007-08-31": "13.25%", "2007-05-31": "13.06%", "2007-02-28": "12.58%", "2006-11-30": "12.81%", "2006-08-31": "13.25%", "2006-05-31": "14.11%", "2006-02-28": "14.53%", "2005-11-30": "14.39%"}, "ebitda margin": {"2020-11-30": "12.86%", "2020-08-31": "12.05%", "2020-05-31": "11.32%", "2020-02-29": "15.17%", "2019-11-30": "14.62%", "2019-08-31": "14.30%", "2019-05-31": "14.04%", "2019-02-28": "14.30%", "2018-11-30": "14.39%", "2018-08-31": "14.60%", "2018-05-31": "14.34%", "2018-02-28": "14.47%", "2017-11-30": "14.86%", "2017-08-31": "15.57%", "2017-05-31": "15.91%", "2017-02-28": "15.63%", "2016-11-30": "15.45%", "2016-08-31": "15.10%", "2016-05-31": "15.95%", "2016-02-29": "16.13%", "2015-11-30": "16.14%", "2015-08-31": "16.15%", "2015-05-31": "15.76%", "2015-02-28": "15.70%", "2014-11-30": "15.48%", "2014-08-31": "15.40%", "2014-05-31": "15.35%", "2014-02-28": "15.58%", "2013-11-30": "15.66%", "2013-08-31": "15.73%", "2013-05-31": "14.78%", "2013-02-28": "14.39%", "2012-11-30": "14.42%", "2012-08-31": "14.29%", "2012-05-31": "14.85%", "2012-02-29": "15.77%", "2011-11-30": "15.62%", "2011-08-31": "15.97%", "2011-05-31": "15.90%", "2011-02-28": "15.34%", "2010-11-30": "15.44%", "2010-08-31": "15.17%", "2010-05-31": "15.09%", "2010-02-28": "14.21%", "2009-11-30": "14.08%", "2009-08-31": "14.03%", "2009-05-31": "13.78%", "2009-02-28": "14.21%", "2008-11-30": "14.44%", "2008-08-31": "14.54%", "2008-05-31": "14.79%", "2008-02-29": "15.43%", "2007-11-30": "14.84%", "2007-08-31": "14.80%", "2007-05-31": "14.71%", "2007-02-28": "14.05%", "2006-11-30": "14.58%", "2006-08-31": "15.15%", "2006-05-31": "15.97%", "2006-02-28": "16.55%", "2005-11-30": "16.39%"}, "pre tax profit margin": {"2020-11-30": "8.49%", "2020-08-31": "8.14%", "2020-05-31": "7.72%", "2020-02-29": "11.95%", "2019-11-30": "13.10%", "2019-08-31": "12.78%", "2019-05-31": "12.27%", "2019-02-28": "12.33%", "2018-11-30": "12.18%", "2018-08-31": "12.13%", "2018-05-31": "11.88%", "2018-02-28": "12.12%", "2017-11-30": "12.79%", "2017-08-31": "13.61%", "2017-05-31": "14.22%", "2017-02-28": "14.13%", "2016-11-30": "13.73%", "2016-08-31": "13.50%", "2016-05-31": "14.28%", "2016-02-29": "14.42%", "2015-11-30": "14.40%", "2015-08-31": "14.25%", "2015-05-31": "13.74%", "2015-02-28": "13.44%", "2014-11-30": "13.10%", "2014-08-31": "12.96%", "2014-05-31": "12.75%", "2014-02-28": "13.00%", "2013-11-30": "13.30%", "2013-08-31": "13.54%", "2013-05-31": "12.86%", "2013-02-28": "12.61%", "2012-11-30": "12.59%", "2012-08-31": "12.47%", "2012-05-31": "12.91%", "2012-02-29": "13.73%", "2011-11-30": "13.72%", "2011-08-31": "14.08%", "2011-05-31": "14.23%", "2011-02-28": "13.65%", "2010-11-30": "13.66%", "2010-08-31": "13.36%", "2010-05-31": "13.24%", "2010-02-28": "12.45%", "2009-11-30": "10.32%", "2009-08-31": "10.38%", "2009-05-31": "10.21%", "2009-02-28": "10.83%", "2008-11-30": "12.98%", "2008-08-31": "13.13%", "2008-05-31": "13.44%", "2008-02-29": "14.03%", "2007-11-30": "13.66%", "2007-08-31": "13.67%", "2007-05-31": "13.48%", "2007-02-28": "12.87%", "2006-11-30": "13.05%", "2006-08-31": "13.46%", "2006-05-31": "14.32%", "2006-02-28": "14.78%", "2005-11-30": "14.44%"}, "net profit margin": {"2020-11-30": "7.39%", "2020-08-31": "7.20%", "2020-05-31": "6.79%", "2020-02-29": "10.46%", "2019-11-30": "11.21%", "2019-08-31": "10.81%", "2019-05-31": "10.30%", "2019-02-28": "10.79%", "2018-11-30": "5.66%", "2018-08-31": "5.57%", "2018-05-31": "5.31%", "2018-02-28": "5.11%", "2017-11-30": "11.13%", "2017-08-31": "11.47%", "2017-05-31": "12.34%", "2017-02-28": "12.02%", "2016-11-30": "11.60%", "2016-08-31": "11.60%", "2016-05-31": "11.61%", "2016-02-29": "11.84%", "2015-11-30": "11.55%", "2015-08-31": "11.25%", "2015-05-31": "10.70%", "2015-02-28": "10.27%", "2014-11-30": "10.07%", "2014-08-31": "9.98%", "2014-05-31": "9.69%", "2014-02-28": "9.79%", "2013-11-30": "10.78%", "2013-08-31": "10.40%", "2013-05-31": "9.77%", "2013-02-28": "9.54%", "2012-11-30": "8.49%", "2012-08-31": "8.99%", "2012-05-31": "9.48%", "2012-02-29": "10.17%", "2011-11-30": "10.27%", "2011-08-31": "10.56%", "2011-05-31": "10.60%", "2011-02-28": "10.22%", "2010-11-30": "10.26%", "2010-08-31": "10.07%", "2010-05-31": "10.03%", "2010-02-28": "9.26%", "2009-11-30": "8.03%", "2009-08-31": "8.04%", "2009-05-31": "7.76%", "2009-02-28": "8.37%", "2008-11-30": "9.45%", "2008-08-31": "9.41%", "2008-05-31": "10.11%", "2008-02-29": "10.22%", "2007-11-30": "9.93%", "2007-08-31": "10.04%", "2007-05-31": "9.14%", "2007-02-28": "8.70%", "2006-11-30": "8.71%", "2006-08-31": "8.75%", "2006-05-31": "9.31%", "2006-02-28": "9.60%", "2005-11-30": "9.43%"}, "pe ratio": {"current": "72.56", "2021-02-05": "82.92", "2020-11-30": "76.82", "2020-08-31": "66.87", "2020-05-31": "62.13", "2020-02-29": "32.76", "2019-11-30": "32.38", "2019-08-31": "31.15", "2019-05-31": "30.53", "2019-02-28": "32.83", "2018-11-30": "56.21", "2018-08-31": "64.27", "2018-05-31": "60.71", "2018-02-28": "61.30", "2017-11-30": "25.27", "2017-08-31": "21.71", "2017-05-31": "20.26", "2017-02-28": "22.78", "2016-11-30": "21.02", "2016-08-31": "24.68", "2016-05-31": "24.23", "2016-02-29": "26.96", "2015-11-30": "30.35", "2015-08-31": "26.61", "2015-05-31": "25.85", "2015-02-28": "26.03", "2014-11-30": "27.48", "2014-08-31": "22.75", "2014-05-31": "23.92", "2014-02-28": "24.69", "2013-11-30": "23.29", "2013-08-31": "19.55", "2013-05-31": "20.85", "2013-02-28": "19.39", "2012-11-30": "19.93", "2012-08-31": "19.21", "2012-05-31": "20.68", "2012-02-29": "20.20", "2011-11-30": "18.39", "2011-08-31": "16.73", "2011-05-31": "17.05", "2011-02-28": "18.68", "2010-11-30": "18.31", "2010-08-31": "15.50", "2010-05-31": "16.38", "2010-02-28": "16.80", "2009-11-30": "18.79", "2009-08-31": "15.75", "2009-05-31": "16.21", "2009-02-28": "10.73", "2008-11-30": "12.16", "2008-08-31": "14.12", "2008-05-31": "15.50", "2008-02-29": "14.04", "2007-11-30": "16.32", "2007-08-31": "14.26", "2007-05-31": "16.20", "2007-02-28": "16.10", "2006-11-30": "15.57"}, "price sales": {"2021-02-05": "6.06", "2020-11-30": "5.61", "2020-08-31": "4.76", "2020-05-31": "4.18", "2020-02-29": "3.44", "2019-11-30": "3.64", "2019-08-31": "3.38", "2019-05-31": "3.15", "2019-02-28": "3.54", "2018-11-30": "3.16", "2018-08-31": "3.54", "2018-05-31": "3.17", "2018-02-28": "3.06", "2017-11-30": "2.82", "2017-08-31": "2.50", "2017-05-31": "2.51", "2017-02-28": "2.75", "2016-11-30": "2.45", "2016-08-31": "2.88", "2016-05-31": "2.82", "2016-02-29": "3.20", "2015-11-30": "3.50", "2015-08-31": "2.99", "2015-05-31": "2.77", "2015-02-28": "2.68", "2014-11-30": "2.79", "2014-08-31": "2.29", "2014-05-31": "2.34", "2014-02-28": "2.44", "2013-11-30": "2.53", "2013-08-31": "2.05", "2013-05-31": "2.05", "2013-02-28": "1.86", "2012-11-30": "1.70", "2012-08-31": "1.74", "2012-05-31": "1.97", "2012-02-29": "2.06", "2011-11-30": "1.89", "2011-08-31": "1.77", "2011-05-31": "1.82", "2011-02-28": "1.91", "2010-11-30": "1.88", "2010-08-31": "1.56", "2010-05-31": "1.64", "2010-02-28": "1.56", "2009-11-30": "1.51", "2009-08-31": "1.27", "2009-05-31": "1.26", "2009-02-28": "0.90", "2008-11-30": "1.15", "2008-08-31": "1.33", "2008-05-31": "1.57", "2008-02-29": "1.43", "2007-11-30": "1.62", "2007-08-31": "1.43", "2007-05-31": "1.48", "2007-02-28": "1.40", "2006-11-30": "1.36"}, "price book": {"current": "21.50", "2021-02-05": "21.48", "2020-11-30": "19.90", "2020-08-31": "18.95", "2020-05-31": "18.99", "2020-02-29": "15.26", "2019-11-30": "15.44", "2019-08-31": "14.16", "2019-05-31": "13.19", "2019-02-28": "14.75", "2018-11-30": "13.30", "2018-08-31": "14.20", "2018-05-31": "11.39", "2018-02-28": "10.75", "2017-11-30": "8.06", "2017-08-31": "6.96", "2017-05-31": "6.73", "2017-02-28": "7.10", "2016-11-30": "6.41", "2016-08-31": "7.51", "2016-05-31": "7.18", "2016-02-29": "7.98", "2015-11-30": "7.94", "2015-08-31": "6.96", "2015-05-31": "6.44", "2015-02-28": "6.34", "2014-11-30": "6.84", "2014-08-31": "5.70", "2014-05-31": "5.75", "2014-02-28": "5.74", "2013-11-30": "5.71", "2013-08-31": "4.56", "2013-05-31": "4.57", "2013-02-28": "4.18", "2012-11-30": "3.96", "2012-08-31": "3.97", "2012-05-31": "4.32", "2012-02-29": "4.36", "2011-11-30": "4.01", "2011-08-31": "3.62", "2011-05-31": "3.57", "2011-02-28": "3.77", "2010-11-30": "3.65", "2010-08-31": "3.04", "2010-05-31": "3.15", "2010-02-28": "3.03", "2009-11-30": "2.98", "2009-08-31": "2.57", "2009-05-31": "2.74", "2009-02-28": "2.10", "2008-11-30": "2.70", "2008-08-31": "3.11", "2008-05-31": "3.63", "2008-02-29": "3.28", "2007-11-30": "3.66", "2007-08-31": "3.20", "2007-05-31": "3.38", "2007-02-28": "3.20", "2006-11-30": "3.16", "2006-08-31": "2.68", "2006-05-31": "2.69", "2006-02-28": "2.93"}, "price fcf": {"2021-02-05": "", "2020-11-30": "$2.26", "2020-08-31": "$1.25", "2020-05-31": "$0.88", "2020-02-29": "$2.12", "2019-11-30": "$2.09", "2019-08-31": "$2.44", "2019-05-31": "$2.96", "2019-02-28": "$3.05", "2018-11-30": "$2.88", "2018-08-31": "$2.77", "2018-05-31": "$2.37", "2018-02-28": "$1.58", "2017-11-30": "$1.72", "2017-08-31": "$1.51", "2017-05-31": "$1.63", "2017-02-28": "$1.97", "2016-11-30": "$1.81", "2016-08-31": "$1.50", "2016-05-31": "$1.30", "2016-02-29": "$1.21", "2015-11-30": "$1.75", "2015-08-31": "$1.96", "2015-05-31": "$2.10", "2015-02-28": "$2.10", "2014-11-30": "$1.50", "2014-08-31": "$1.21", "2014-05-31": "$1.18", "2014-02-28": "$1.20", "2013-11-30": "$1.07", "2013-08-31": "$1.31", "2013-05-31": "$1.34", "2013-02-28": "$1.07", "2012-11-30": "$1.04", "2012-08-31": "$0.92", "2012-05-31": "$0.67", "2012-02-29": "$0.66", "2011-11-30": "$0.66", "2011-08-31": "$0.63", "2011-05-31": "$0.71", "2011-02-28": "$0.94", "2010-11-30": "$1.06", "2010-08-31": "$1.18", "2010-05-31": "$1.44", "2010-02-28": "$1.34", "2009-11-30": "$1.06", "2009-08-31": "$0.86", "2009-05-31": "$0.67", "2009-02-28": "$0.41", "2008-11-30": "$0.59", "2008-08-31": "$0.76", "2008-05-31": "$0.74", "2008-02-29": "$0.93", "2007-11-30": "$0.96", "2007-08-31": "$0.82", "2007-05-31": "$0.78", "2007-02-28": "$0.65", "2006-11-30": "$0.82"}, "net worth": {"value": "$228.76B"}, "current ratio": {"current": "2.66", "2020-11-30": "2.66", "2020-08-31": "2.55", "2020-05-31": "2.48", "2020-02-29": "1.90", "2019-11-30": "1.98", "2019-08-31": "2.01", "2019-05-31": "2.10", "2019-02-28": "2.17", "2018-11-30": "2.14", "2018-08-31": "2.31", "2018-05-31": "2.51", "2018-02-28": "2.66", "2017-11-30": "2.46", "2017-08-31": "2.67", "2017-05-31": "2.93", "2017-02-28": "3.07", "2016-11-30": "3.06", "2016-08-31": "2.72", "2016-05-31": "2.80", "2016-02-29": "3.06", "2015-11-30": "3.04", "2015-08-31": "2.89", "2015-05-31": "2.46", "2015-02-28": "2.72", "2014-11-30": "2.84", "2014-08-31": "2.81", "2014-05-31": "2.72", "2014-02-28": "3.39", "2013-11-30": "3.53", "2013-08-31": "3.53", "2013-05-31": "3.44", "2013-02-28": "3.37", "2012-11-30": "3.01", "2012-08-31": "2.95", "2012-05-31": "3.05", "2012-02-29": "3.21", "2011-11-30": "3.01", "2011-08-31": "2.94", "2011-05-31": "2.85", "2011-02-28": "3.23", "2010-11-30": "3.36", "2010-08-31": "3.35", "2010-05-31": "3.26", "2010-02-28": "3.54", "2009-11-30": "3.49", "2009-08-31": "3.37", "2009-05-31": "2.97", "2009-02-28": "3.15", "2008-11-30": "2.89", "2008-08-31": "2.70", "2008-05-31": "2.66", "2008-02-29": "3.03", "2007-11-30": "3.12", "2007-08-31": "3.19", "2007-05-31": "3.13", "2007-02-28": "3.30", "2006-11-30": "3.16", "2006-08-31": "2.91", "2006-05-31": "2.81", "2006-02-28": "3.06", "2005-11-30": "3.10", "2005-08-31": "2.99", "2005-05-31": "3.18", "2005-02-28": "3.00"}, "quick ratio": {"2020-11-30": "1.98", "2020-08-31": "1.77", "2020-05-31": "1.59", "2020-02-29": "1.20", "2019-11-30": "1.23", "2019-08-31": "1.29", "2019-05-31": "1.39", "2019-02-28": "1.43", "2018-11-30": "1.40", "2018-08-31": "1.53", "2018-05-31": "1.64", "2018-02-28": "1.73", "2017-11-30": "1.67", "2017-08-31": "1.81", "2017-05-31": "2.01", "2017-02-28": "2.14", "2016-11-30": "2.10", "2016-08-31": "1.81", "2016-05-31": "1.90", "2016-02-29": "2.14", "2015-11-30": "2.21", "2015-08-31": "2.05", "2015-05-31": "1.78", "2015-02-28": "1.96", "2014-11-30": "2.00", "2014-08-31": "1.98", "2014-05-31": "1.94", "2014-02-28": "2.42", "2013-11-30": "2.57", "2013-08-31": "2.63", "2013-05-31": "2.56", "2013-02-28": "2.42", "2012-11-30": "2.14", "2012-08-31": "2.05", "2012-05-31": "2.22", "2012-02-29": "2.22", "2011-11-30": "2.12", "2011-08-31": "2.11", "2011-05-31": "2.17", "2011-02-28": "2.47", "2010-11-30": "2.64", "2010-08-31": "2.65", "2010-05-31": "2.65", "2010-02-28": "2.79", "2009-11-30": "2.71", "2009-08-31": "2.57", "2009-05-31": "2.25", "2009-02-28": "2.29", "2008-11-30": "2.11", "2008-08-31": "1.96", "2008-05-31": "1.93", "2008-02-29": "2.21", "2007-11-30": "2.32", "2007-08-31": "2.37", "2007-05-31": "2.30", "2007-02-28": "2.37", "2006-11-30": "2.21", "2006-08-31": "2.02", "2006-05-31": "2.02", "2006-02-28": "2.18", "2005-11-30": "2.22", "2005-08-31": "2.16", "2005-05-31": "2.27", "2005-02-28": "2.16"}, "debt equity ratio": {"current": "0.88", "2020-11-30": "2.27", "2020-08-31": "2.61", "2020-05-31": "2.89", "2020-02-29": "1.90", "2019-11-30": "1.85", "2019-08-31": "1.85", "2019-05-31": "1.62", "2019-02-28": "1.56", "2018-11-30": "1.60", "2018-08-31": "1.50", "2018-05-31": "1.30", "2018-02-28": "1.31", "2017-11-30": "1.05", "2017-08-31": "0.97", "2017-05-31": "0.88", "2017-02-28": "0.82", "2016-11-30": "0.84", "2016-08-31": "0.74", "2016-05-31": "0.74", "2016-02-29": "0.71", "2015-11-30": "0.69", "2015-08-31": "0.61", "2015-05-31": "0.70", "2015-02-28": "0.66", "2014-11-30": "0.64", "2014-08-31": "0.67", "2014-05-31": "0.72", "2014-02-28": "0.60", "2013-11-30": "0.57", "2013-08-31": "0.57", "2013-05-31": "0.58", "2013-02-28": "0.46", "2012-11-30": "0.52", "2012-08-31": "0.50", "2012-05-31": "0.49", "2012-02-29": "0.45", "2011-11-30": "0.48", "2011-08-31": "0.50", "2011-05-31": "0.52", "2011-02-28": "0.46", "2010-11-30": "0.45", "2010-08-31": "0.46", "2010-05-31": "0.48", "2010-02-28": "0.44", "2009-11-30": "0.45", "2009-08-31": "0.45", "2009-05-31": "0.52", "2009-02-28": "0.49", "2008-11-30": "0.56", "2008-08-31": "0.57", "2008-05-31": "0.59", "2008-02-29": "0.55", "2007-11-30": "0.53", "2007-08-31": "0.50", "2007-05-31": "0.52", "2007-02-28": "0.49", "2006-11-30": "0.50", "2006-08-31": "0.54", "2006-05-31": "0.57", "2006-02-28": "0.52", "2005-11-30": "0.50", "2005-08-31": "0.53", "2005-05-31": "0.56", "2005-02-28": "0.59"}, "return on equity": {"2020-11-30": "30.58%", "2020-08-31": "30.16%", "2020-05-31": "28.49%", "2020-02-29": "47.14%", "2019-11-30": "50.03%", "2019-08-31": "47.92%", "2019-05-31": "45.12%", "2019-02-28": "45.78%", "2018-11-30": "23.10%", "2018-08-31": "20.57%", "2018-05-31": "17.84%", "2018-02-28": "15.71%", "2017-11-30": "31.64%", "2017-08-31": "31.88%", "2017-05-31": "34.18%", "2017-02-28": "32.97%", "2016-11-30": "31.70%", "2016-08-31": "30.56%", "2016-05-31": "29.57%", "2016-02-29": "29.46%", "2015-11-30": "28.19%", "2015-08-31": "28.11%", "2015-05-31": "27.34%", "2015-02-28": "27.01%", "2014-11-30": "26.78%", "2014-08-31": "25.91%", "2014-05-31": "24.16%", "2014-02-28": "23.64%", "2013-11-30": "25.55%", "2013-08-31": "24.94%", "2013-05-31": "23.65%", "2013-02-28": "22.90%", "2012-11-30": "20.17%", "2012-08-31": "21.09%", "2012-05-31": "21.95%", "2012-02-29": "22.82%", "2011-11-30": "22.60%", "2011-08-31": "22.42%", "2011-05-31": "21.68%", "2011-02-28": "21.00%", "2010-11-30": "20.98%", "2010-08-31": "20.52%", "2010-05-31": "20.34%", "2010-02-28": "18.96%", "2009-11-30": "16.74%", "2009-08-31": "17.47%", "2009-05-31": "18.01%", "2009-02-28": "20.34%", "2008-11-30": "23.52%", "2008-08-31": "23.58%", "2008-05-31": "24.88%", "2008-02-29": "24.84%", "2007-11-30": "23.93%", "2007-08-31": "24.27%", "2007-05-31": "22.41%", "2007-02-28": "21.43%", "2006-11-30": "21.53%", "2006-08-31": "21.52%", "2006-05-31": "22.64%", "2006-02-28": "23.51%", "2005-11-30": "23.45%"}, "return on assets": {"2020-11-30": "9.00%", "2020-08-31": "9.16%", "2020-05-31": "9.20%", "2020-02-29": "16.80%", "2019-11-30": "18.38%", "2019-08-31": "18.02%", "2019-05-31": "17.56%", "2019-02-28": "18.44%", "2018-11-30": "9.55%", "2018-08-31": "9.06%", "2018-05-31": "8.33%", "2018-02-28": "7.72%", "2017-11-30": "16.43%", "2017-08-31": "17.00%", "2017-05-31": "18.80%", "2017-02-28": "18.47%", "2016-11-30": "18.04%", "2016-08-31": "17.79%", "2016-05-31": "17.55%", "2016-02-29": "17.59%", "2015-11-30": "16.94%", "2015-08-31": "17.01%", "2015-05-31": "16.40%", "2015-02-28": "16.17%", "2014-11-30": "16.18%", "2014-08-31": "15.82%", "2014-05-31": "14.98%", "2014-02-28": "14.96%", "2013-11-30": "16.51%", "2013-08-31": "16.27%", "2013-05-31": "15.59%", "2013-02-28": "15.34%", "2012-11-30": "13.53%", "2012-08-31": "14.23%", "2012-05-31": "14.83%", "2012-02-29": "15.33%", "2011-11-30": "15.17%", "2011-08-31": "15.11%", "2011-05-31": "14.71%", "2011-02-28": "14.36%", "2010-11-30": "14.40%", "2010-08-31": "14.10%", "2010-05-31": "13.99%", "2010-02-28": "12.94%", "2009-11-30": "11.33%", "2009-08-31": "11.61%", "2009-05-31": "11.73%", "2009-02-28": "13.11%", "2008-11-30": "15.02%", "2008-08-31": "15.12%", "2008-05-31": "16.14%", "2008-02-29": "16.30%", "2007-11-30": "15.84%", "2007-08-31": "16.15%", "2007-05-31": "14.81%", "2007-02-28": "14.05%", "2006-11-30": "14.05%", "2006-08-31": "14.04%", "2006-05-31": "14.79%", "2006-02-28": "15.40%", "2005-11-30": "15.18%"}, "return on investments": {"2020-11-30": "21.55%", "2020-08-31": "21.74%", "2020-05-31": "22.47%", "2020-02-29": "41.04%", "2019-11-30": "41.57%", "2019-08-31": "40.02%", "2019-05-31": "38.50%", "2019-02-28": "38.15%", "2018-11-30": "36.93%", "2018-08-31": "34.47%", "2018-05-31": "31.07%", "2018-02-28": "29.05%", "2017-11-30": "28.22%", "2017-08-31": "29.24%", "2017-05-31": "30.63%", "2017-02-28": "30.54%", "2016-11-30": "30.60%", "2016-08-31": "29.61%", "2016-05-31": "31.02%", "2016-02-29": "31.12%", "2015-11-30": "31.08%", "2015-08-31": "32.24%", "2015-05-31": "31.92%", "2015-02-28": "32.55%", "2014-11-30": "32.37%", "2014-08-31": "31.28%", "2014-05-31": "29.80%", "2014-02-28": "29.36%", "2013-11-30": "29.77%", "2013-08-31": "30.95%", "2013-05-31": "29.72%", "2013-02-28": "29.72%", "2012-11-30": "29.10%", "2012-08-31": "28.70%", "2012-05-31": "29.78%", "2012-02-29": "30.44%", "2011-11-30": "29.75%", "2011-08-31": "28.98%", "2011-05-31": "28.00%", "2011-02-28": "26.57%", "2010-11-30": "26.42%", "2010-08-31": "25.80%", "2010-05-31": "25.18%", "2010-02-28": "23.65%", "2009-11-30": "19.46%", "2009-08-31": "20.31%", "2009-05-31": "21.37%", "2009-02-28": "24.16%", "2008-11-30": "29.99%", "2008-08-31": "30.44%", "2008-05-31": "30.40%", "2008-02-29": "31.23%", "2007-11-30": "30.03%", "2007-08-31": "30.26%", "2007-05-31": "30.21%", "2007-02-28": "29.19%", "2006-11-30": "29.78%", "2006-08-31": "30.63%", "2006-05-31": "32.15%", "2006-02-28": "32.94%", "2005-11-30": "32.64%"}, "return on tangible equity": {"2020-11-30": "32.31%", "2020-08-31": "31.94%", "2020-05-31": "30.18%", "2020-02-29": "49.78%", "2019-11-30": "52.74%", "2019-08-31": "50.46%", "2019-05-31": "47.44%", "2019-02-28": "48.09%", "2018-11-30": "24.23%", "2018-08-31": "21.49%", "2018-05-31": "18.57%", "2018-02-28": "16.31%", "2017-11-30": "32.77%", "2017-08-31": "33.01%", "2017-05-31": "35.39%", "2017-02-28": "34.13%", "2016-11-30": "32.82%", "2016-08-31": "31.61%", "2016-05-31": "30.56%", "2016-02-29": "30.44%", "2015-11-30": "29.12%", "2015-08-31": "29.07%", "2015-05-31": "28.32%", "2015-02-28": "28.02%", "2014-11-30": "27.87%", "2014-08-31": "27.04%", "2014-05-31": "25.27%", "2014-02-28": "24.72%", "2013-11-30": "26.73%", "2013-08-31": "26.12%", "2013-05-31": "24.95%", "2013-02-28": "24.23%", "2012-11-30": "21.48%", "2012-08-31": "22.61%", "2012-05-31": "23.53%", "2012-02-29": "24.61%", "2011-11-30": "24.35%", "2011-08-31": "24.10%", "2011-05-31": "23.27%", "2011-02-28": "22.51%", "2010-11-30": "22.51%", "2010-08-31": "22.05%", "2010-05-31": "21.89%", "2010-02-28": "20.45%", "2009-11-30": "18.10%", "2009-08-31": "19.16%", "2009-05-31": "20.12%", "2009-02-28": "23.24%", "2008-11-30": "26.80%", "2008-08-31": "26.47%", "2008-05-31": "27.41%", "2008-02-29": "26.78%", "2007-11-30": "25.87%", "2007-08-31": "26.32%", "2007-05-31": "24.38%", "2007-02-28": "23.37%", "2006-11-30": "23.53%", "2006-08-31": "23.57%", "2006-05-31": "24.82%", "2006-02-28": "25.85%", "2005-11-30": "25.86%"}, "dividend yield history": {"last payout": "$1.10", "last yield": "0.76%"}}