{"ticker": "NOC", "price": {"title": "Northrop Grumman Historical Annual Stock Price Data", "value": 299.63, "historical": {"2021": {"Average Stock Price": "297.2836", "Year Open": "294.7600", "Year High": "303.7800", "Year Low": "286.6100", "Year Close": "299.6300", "Annual % Change": "-1.67%"}, "2020": {"Average Stock Price": "326.7586", "Year Open": "355.7000", "Year High": "384.8700", "Year Low": "269.8600", "Year Close": "304.7200", "Annual % Change": "-11.41%"}, "2019": {"Average Stock Price": "319.8008", "Year Open": "246.3700", "Year High": "382.1500", "Year Low": "239.9200", "Year Close": "343.9700", "Annual % Change": "40.45%"}, "2018": {"Average Stock Price": "311.5453", "Year Open": "305.2400", "Year High": "360.0300", "Year Low": "226.2300", "Year Close": "244.9000", "Annual % Change": "-20.20%"}, "2017": {"Average Stock Price": "264.4060", "Year Open": "234.8900", "Year High": "310.4700", "Year Low": "226.9600", "Year Close": "306.9100", "Annual % Change": "31.96%"}, "2016": {"Average Stock Price": "212.3165", "Year Open": "187.5100", "Year High": "251.8000", "Year Low": "178.1900", "Year Close": "232.5800", "Annual % Change": "23.18%"}, "2015": {"Average Stock Price": "167.8396", "Year Open": "146.4600", "Year High": "191.4800", "Year Low": "143.3700", "Year Close": "188.8100", "Annual % Change": "28.10%"}, "2014": {"Average Stock Price": "125.7779", "Year Open": "113.2300", "Year High": "152.2400", "Year Low": "110.8000", "Year Close": "147.3900", "Annual % Change": "28.60%"}, "2013": {"Average Stock Price": "86.3411", "Year Open": "68.1700", "Year High": "115.3200", "Year Low": "64.3800", "Year Close": "114.6100", "Annual % Change": "69.59%"}, "2012": {"Average Stock Price": "63.6322", "Year Open": "58.6600", "Year High": "71.1300", "Year Low": "57.1100", "Year Close": "67.5800", "Annual % Change": "15.56%"}, "2011": {"Average Stock Price": "61.1994", "Year Open": "65.1500", "Year High": "71.8700", "Year Low": "49.2600", "Year Close": "58.4800", "Annual % Change": "-9.73%"}, "2010": {"Average Stock Price": "61.1098", "Year Open": "56.8500", "Year High": "69.3800", "Year Low": "54.1000", "Year Close": "64.7800", "Annual % Change": "15.99%"}, "2009": {"Average Stock Price": "48.1408", "Year Open": "46.6000", "Year High": "56.8400", "Year Low": "34.3500", "Year Close": "55.8500", "Annual % Change": "24.00%"}, "2008": {"Average Stock Price": "65.8185", "Year Open": "78.6000", "Year High": "82.5700", "Year Low": "34.2000", "Year Close": "45.0400", "Annual % Change": "-42.73%"}, "2007": {"Average Stock Price": "76.6378", "Year Open": "68.1300", "Year High": "84.4800", "Year Low": "66.9500", "Year Close": "78.6400", "Annual % Change": "16.16%"}, "2006": {"Average Stock Price": "66.0729", "Year Open": "59.6300", "Year High": "71.2300", "Year Low": "59.6300", "Year Close": "67.7000", "Annual % Change": "12.63%"}, "2005": {"Average Stock Price": "54.9878", "Year Open": "53.6500", "Year High": "60.1100", "Year Low": "51.2500", "Year Close": "60.1100", "Annual % Change": "10.58%"}, "2004": {"Average Stock Price": "51.8731", "Year Open": "47.3400", "Year High": "57.7500", "Year Low": "47.3400", "Year Close": "54.3600", "Annual % Change": "13.72%"}, "2003": {"Average Stock Price": "44.7786", "Year Open": "49.9000", "Year High": "50.2000", "Year Low": "39.5000", "Year Close": "47.8000", "Annual % Change": "-1.44%"}, "2002": {"Average Stock Price": "55.6289", "Year Open": "49.2550", "Year High": "66.2500", "Year Low": "43.7300", "Year Close": "48.5000", "Annual % Change": "-3.77%"}, "2001": {"Average Stock Price": "45.0563", "Year Open": "41.6250", "Year High": "54.5000", "Year Low": "38.5000", "Year Close": "50.4000", "Annual % Change": "21.45%"}, "2000": {"Average Stock Price": "34.9514", "Year Open": "26.4350", "Year High": "46.2500", "Year Low": "21.7800", "Year Close": "41.5000", "Annual % Change": "53.53%"}, "1999": {"Average Stock Price": "31.6076", "Year Open": "36.1250", "Year High": "37.8450", "Year Low": "24.5000", "Year Close": "27.0300", "Annual % Change": "-26.08%"}, "1998": {"Average Stock Price": "47.5099", "Year Open": "57.4500", "Year High": "69.5000", "Year Low": "29.8150", "Year Close": "36.5650", "Annual % Change": "-36.41%"}, "1997": {"Average Stock Price": "48.6088", "Year Open": "40.5650", "Year High": "63.2000", "Year Low": "35.8750", "Year Close": "57.5000", "Annual % Change": "38.97%"}, "1996": {"Average Stock Price": "34.7477", "Year Open": "32.3750", "Year High": "41.9375", "Year Low": "29.0000", "Year Close": "41.3750", "Annual % Change": "29.30%"}, "1995": {"Average Stock Price": "26.6912", "Year Open": "21.0650", "Year High": "32.1250", "Year Low": "20.1900", "Year Close": "32.0000", "Annual % Change": "51.48%"}, "1994": {"Average Stock Price": "20.4215", "Year Open": "18.6250", "Year High": "23.4400", "Year Low": "17.3750", "Year Close": "21.1250", "Annual % Change": "13.03%"}, "1993": {"Average Stock Price": "18.3575", "Year Open": "17.0000", "Year High": "21.1250", "Year Low": "15.2500", "Year Close": "18.6900", "Annual % Change": "9.52%"}, "1992": {"Average Stock Price": "13.0700", "Year Open": "12.7500", "Year High": "17.2500", "Year Low": "11.2500", "Year Close": "17.0650", "Annual % Change": "30.02%"}, "1991": {"Average Stock Price": "12.3745", "Year Open": "9.0000", "Year High": "15.2500", "Year Low": "8.3150", "Year Close": "13.1250", "Annual % Change": "51.04%"}, "1990": {"Average Stock Price": "8.4471", "Year Open": "9.0000", "Year High": "9.8750", "Year Low": "7.0650", "Year Close": "8.6900", "Annual % Change": "-0.69%"}, "1989": {"Average Stock Price": "12.2466", "Year Open": "13.8750", "Year High": "14.8100", "Year Low": "8.0000", "Year Close": "8.7500", "Annual % Change": "-36.94%"}, "1988": {"Average Stock Price": "15.0583", "Year Open": "13.1850", "Year High": "17.6250", "Year Low": "12.7500", "Year Close": "13.8750", "Annual % Change": "8.82%"}, "1987": {"Average Stock Price": "21.0408", "Year Open": "19.9350", "Year High": "26.0600", "Year Low": "12.4350", "Year Close": "12.7500", "Annual % Change": "-35.03%"}, "1986": {"Average Stock Price": "22.6034", "Year Open": "22.1850", "Year High": "25.5600", "Year Low": "18.7500", "Year Close": "19.6250", "Annual % Change": "-11.04%"}, "1985": {"Average Stock Price": "22.7525", "Year Open": "17.5000", "Year High": "28.0600", "Year Low": "15.9350", "Year Close": "22.0600", "Annual % Change": "25.16%"}, "1984": {"Average Stock Price": "15.4431", "Year Open": "14.2283", "Year High": "19.3750", "Year Low": "11.9167", "Year Close": "17.6250", "Annual % Change": "22.61%"}, "1983": {"Average Stock Price": "13.7206", "Year Open": "12.3333", "Year High": "16.2083", "Year Low": "11.0417", "Year Close": "14.3750", "Annual % Change": "14.44%"}, "1982": {"Average Stock Price": "9.1177", "Year Open": "8.6883", "Year High": "12.6667", "Year Low": "6.6250", "Year Close": "12.5617", "Annual % Change": "43.92%"}}}, "market cap": {"value": "$50.65B"}, "income statement": {"Revenue": {"2020-12-31": "36799.00000", "2019-12-31": "33841.00000", "2018-12-31": "30095.00000", "2017-12-31": "26004.00000", "2016-12-31": "24706.00000", "2015-12-31": "23526.00000", "2014-12-31": "23979.00000", "2013-12-31": "24661.00000", "2012-12-31": "25218.00000", "2011-12-31": "26412.00000", "2010-12-31": "28143.00000", "2009-12-31": "27650.00000", "2008-12-31": "32315.00000", "2007-12-31": "30341.00000", "2006-12-31": "29991.00000", "2005-12-31": "29978.00000"}, "Cost Of Goods Sold": {"2020-12-31": "29321.00000", "2019-12-31": "26582.00000", "2018-12-31": "23304.00000", "2017-12-31": "20074.00000", "2016-12-31": "18797.00000", "2015-12-31": "17884.00000", "2014-12-31": "18378.00000", "2013-12-31": "19282.00000", "2012-12-31": "19638.00000", "2011-12-31": "20786.00000", "2010-12-31": "22849.00000", "2009-12-31": "22805.00000", "2008-12-31": "26375.00000", "2007-12-31": "24354.00000", "2006-12-31": "24495.00000", "2005-12-31": "24898.00000"}, "Gross Profit": {"2020-12-31": "7478.00000", "2019-12-31": "7259.00000", "2018-12-31": "6791.00000", "2017-12-31": "5930.00000", "2016-12-31": "5909.00000", "2015-12-31": "5642.00000", "2014-12-31": "5601.00000", "2013-12-31": "5379.00000", "2012-12-31": "5580.00000", "2011-12-31": "5626.00000", "2010-12-31": "5294.00000", "2009-12-31": "4845.00000", "2008-12-31": "5940.00000", "2007-12-31": "5987.00000", "2006-12-31": "5496.00000", "2005-12-31": "5080.00000"}, "Research And Development Expenses": {"2020-12-31": "", "2019-12-31": "", "2018-12-31": "", "2017-12-31": "", "2016-12-31": "", "2015-12-31": "", "2014-12-31": "", "2013-12-31": "", "2012-12-31": "", "2011-12-31": "", "2010-12-31": "", "2009-12-31": "", "2008-12-31": "", "2007-12-31": "", "2006-12-31": "", "2005-12-31": ""}, "SG&A Expenses": {"2020-12-31": "3413.00000", "2019-12-31": "3290.00000", "2018-12-31": "3011.00000", "2017-12-31": "2712.00000", "2016-12-31": "2632.00000", "2015-12-31": "2566.00000", "2014-12-31": "2405.00000", "2013-12-31": "2256.00000", "2012-12-31": "2450.00000", "2011-12-31": "2350.00000", "2010-12-31": "2467.00000", "2009-12-31": "2571.00000", "2008-12-31": "3143.00000", "2007-12-31": "3062.00000", "2006-12-31": "3002.00000", "2005-12-31": "2880.00000"}, "Other Operating Income Or Expenses": {"2020-12-31": "", "2019-12-31": "", "2018-12-31": "", "2017-12-31": "", "2016-12-31": "", "2015-12-31": "", "2014-12-31": "", "2013-12-31": "", "2012-12-31": "", "2011-12-31": "", "2010-12-31": "", "2009-12-31": "", "2008-12-31": "", "2007-12-31": "", "2006-12-31": "", "2005-12-31": ""}, "Operating Expenses": {"2020-12-31": "32734.00000", "2019-12-31": "29872.00000", "2018-12-31": "26315.00000", "2017-12-31": "22786.00000", "2016-12-31": "21429.00000", "2015-12-31": "20450.00000", "2014-12-31": "20783.00000", "2013-12-31": "21538.00000", "2012-12-31": "22088.00000", "2011-12-31": "23136.00000", "2010-12-31": "25316.00000", "2009-12-31": "25376.00000", "2008-12-31": "32578.00000", "2007-12-31": "27416.00000", "2006-12-31": "27497.00000", "2005-12-31": "27778.00000"}, "Operating Income": {"2020-12-31": "4065.00000", "2019-12-31": "3969.00000", "2018-12-31": "3780.00000", "2017-12-31": "3218.00000", "2016-12-31": "3277.00000", "2015-12-31": "3076.00000", "2014-12-31": "3196.00000", "2013-12-31": "3123.00000", "2012-12-31": "3130.00000", "2011-12-31": "3276.00000", "2010-12-31": "2827.00000", "2009-12-31": "2274.00000", "2008-12-31": "-263.00000", "2007-12-31": "2925.00000", "2006-12-31": "2494.00000", "2005-12-31": "2200.00000"}, "Total Non-Operating Income/Expense": {"2020-12-31": "-337.00000", "2019-12-31": "-1421.00000", "2018-12-31": "-38.00000", "2017-12-31": "1011.00000", "2016-12-31": "-596.00000", "2015-12-31": "-286.00000", "2014-12-31": "-259.00000", "2013-12-31": "-260.00000", "2012-12-31": "-165.00000", "2011-12-31": "-193.00000", "2010-12-31": "-461.00000", "2009-12-31": "-204.00000", "2008-12-31": "-257.00000", "2007-12-31": "-319.00000", "2006-12-31": "-178.00000", "2005-12-31": "-135.00000"}, "Pre-Tax Income": {"2020-12-31": "3728.00000", "2019-12-31": "2548.00000", "2018-12-31": "3742.00000", "2017-12-31": "4229.00000", "2016-12-31": "2681.00000", "2015-12-31": "2790.00000", "2014-12-31": "2937.00000", "2013-12-31": "2863.00000", "2012-12-31": "2965.00000", "2011-12-31": "3083.00000", "2010-12-31": "2366.00000", "2009-12-31": "2070.00000", "2008-12-31": "-520.00000", "2007-12-31": "2606.00000", "2006-12-31": "2316.00000", "2005-12-31": "2065.00000"}, "Income Taxes": {"2020-12-31": "539.00000", "2019-12-31": "300.00000", "2018-12-31": "513.00000", "2017-12-31": "1360.00000", "2016-12-31": "638.00000", "2015-12-31": "800.00000", "2014-12-31": "868.00000", "2013-12-31": "911.00000", "2012-12-31": "987.00000", "2011-12-31": "997.00000", "2010-12-31": "462.00000", "2009-12-31": "636.00000", "2008-12-31": "859.00000", "2007-12-31": "855.00000", "2006-12-31": "723.00000", "2005-12-31": "669.00000"}, "Income After Taxes": {"2020-12-31": "3189.00000", "2019-12-31": "2248.00000", "2018-12-31": "3229.00000", "2017-12-31": "2869.00000", "2016-12-31": "2043.00000", "2015-12-31": "1990.00000", "2014-12-31": "2069.00000", "2013-12-31": "1952.00000", "2012-12-31": "1978.00000", "2011-12-31": "2086.00000", "2010-12-31": "1904.00000", "2009-12-31": "1434.00000", "2008-12-31": "-1379.00000", "2007-12-31": "1751.00000", "2006-12-31": "1593.00000", "2005-12-31": "1396.00000"}, "Other Income": {"2020-12-31": "", "2019-12-31": "", "2018-12-31": "", "2017-12-31": "", "2016-12-31": "", "2015-12-31": "", "2014-12-31": "", "2013-12-31": "", "2012-12-31": "", "2011-12-31": "", "2010-12-31": "", "2009-12-31": "", "2008-12-31": "", "2007-12-31": "", "2006-12-31": "", "2005-12-31": ""}, "Income From Continuous Operations": {"2020-12-31": "3189.00000", "2019-12-31": "2248.00000", "2018-12-31": "3229.00000", "2017-12-31": "2869.00000", "2016-12-31": "2043.00000", "2015-12-31": "1990.00000", "2014-12-31": "2069.00000", "2013-12-31": "1952.00000", "2012-12-31": "1978.00000", "2011-12-31": "2086.00000", "2010-12-31": "1904.00000", "2009-12-31": "1434.00000", "2008-12-31": "-1379.00000", "2007-12-31": "1751.00000", "2006-12-31": "1593.00000", "2005-12-31": "1396.00000"}, "Income From Discontinued Operations": {"2020-12-31": "", "2019-12-31": "", "2018-12-31": "", "2017-12-31": "", "2016-12-31": "", "2015-12-31": "", "2014-12-31": "", "2013-12-31": "", "2012-12-31": "", "2011-12-31": "32.00000", "2010-12-31": "149.00000", "2009-12-31": "252.00000", "2008-12-31": "117.00000", "2007-12-31": "39.00000", "2006-12-31": "-51.00000", "2005-12-31": "4.00000"}, "Net Income": {"2020-12-31": "3189.00000", "2019-12-31": "2248.00000", "2018-12-31": "3229.00000", "2017-12-31": "2869.00000", "2016-12-31": "2043.00000", "2015-12-31": "1990.00000", "2014-12-31": "2069.00000", "2013-12-31": "1952.00000", "2012-12-31": "1978.00000", "2011-12-31": "2118.00000", "2010-12-31": "2053.00000", "2009-12-31": "1686.00000", "2008-12-31": "-1262.00000", "2007-12-31": "1790.00000", "2006-12-31": "1542.00000", "2005-12-31": "1400.00000"}, "EBITDA": {"2020-12-31": "5332.00000", "2019-12-31": "5234.00000", "2018-12-31": "4580.00000", "2017-12-31": "3693.00000", "2016-12-31": "3733.00000", "2015-12-31": "3543.00000", "2014-12-31": "3658.00000", "2013-12-31": "3618.00000", "2012-12-31": "3640.00000", "2011-12-31": "3820.00000", "2010-12-31": "3382.00000", "2009-12-31": "2824.00000", "2008-12-31": "3553.00000", "2007-12-31": "3647.00000", "2006-12-31": "3183.00000", "2005-12-31": "2954.00000"}, "EBIT": {"2020-12-31": "4065.00000", "2019-12-31": "3969.00000", "2018-12-31": "3780.00000", "2017-12-31": "3218.00000", "2016-12-31": "3277.00000", "2015-12-31": "3076.00000", "2014-12-31": "3196.00000", "2013-12-31": "3123.00000", "2012-12-31": "3130.00000", "2011-12-31": "3276.00000", "2010-12-31": "2827.00000", "2009-12-31": "2274.00000", "2008-12-31": "-263.00000", "2007-12-31": "2925.00000", "2006-12-31": "2494.00000", "2005-12-31": "2200.00000"}, "Basic Shares Outstanding": {"2020-12-31": "167.10000", "2019-12-31": "169.30000", "2018-12-31": "173.70000", "2017-12-31": "174.40000", "2016-12-31": "178.90000", "2015-12-31": "189.40000", "2014-12-31": "208.80000", "2013-12-31": "229.60000", "2012-12-31": "248.60000", "2011-12-31": "276.80000", "2010-12-31": "296.90000", "2009-12-31": "319.20000", "2008-12-31": "334.50000", "2007-12-31": "341.70000", "2006-12-31": "345.70000", "2005-12-31": "356.50000"}, "Shares Outstanding": {"2020-12-31": "167.60000", "2019-12-31": "170.00000", "2018-12-31": "174.60000", "2017-12-31": "175.60000", "2016-12-31": "180.50000", "2015-12-31": "191.60000", "2014-12-31": "212.10000", "2013-12-31": "233.90000", "2012-12-31": "253.40000", "2011-12-31": "281.60000", "2010-12-31": "301.10000", "2009-12-31": "323.30000", "2008-12-31": "334.50000", "2007-12-31": "354.30000", "2006-12-31": "358.60000", "2005-12-31": "363.20000"}, "Basic EPS": {"2020-12-31": "19.08000", "2019-12-31": "13.28000", "2018-12-31": "18.59000", "2017-12-31": "16.45000", "2016-12-31": "11.42000", "2015-12-31": "10.51000", "2014-12-31": "9.91000", "2013-12-31": "8.50000", "2012-12-31": "7.96000", "2011-12-31": "7.65000", "2010-12-31": "6.91000", "2009-12-31": "5.28000", "2008-12-31": "-3.77000", "2007-12-31": "5.24000", "2006-12-31": "4.46000", "2005-12-31": "3.93000"}, "EPS - Earnings Per Share": {"2020-12-31": "19.03000", "2019-12-31": "13.22000", "2018-12-31": "18.49000", "2017-12-31": "16.34000", "2016-12-31": "11.32000", "2015-12-31": "10.39000", "2014-12-31": "9.75000", "2013-12-31": "8.35000", "2012-12-31": "7.81000", "2011-12-31": "7.52000", "2010-12-31": "6.82000", "2009-12-31": "5.21000", "2008-12-31": "-3.77000", "2007-12-31": "5.12000", "2006-12-31": "4.37000", "2005-12-31": "3.85000"}}, "income statement, quarterly": {"Revenue": {"2020-12-31": "10212.00000", "2020-09-30": "9083.00000", "2020-06-30": "8884.00000", "2020-03-31": "8620.00000", "2019-12-31": "8721.00000", "2019-09-30": "8475.00000", "2019-06-30": "8456.00000", "2019-03-31": "8189.00000", "2018-12-31": "8156.00000", "2018-09-30": "8085.00000", "2018-06-30": "7119.00000", "2018-03-31": "6735.00000", "2017-12-31": "6552.00000", "2017-09-30": "6569.00000", "2017-06-30": "6473.00000", "2017-03-31": "6410.00000", "2016-12-31": "6595.00000", "2016-09-30": "6155.00000", "2016-06-30": "6000.00000", "2016-03-31": "5956.00000", "2015-12-31": "5694.00000", "2015-09-30": "5979.00000", "2015-06-30": "5896.00000", "2015-03-31": "5957.00000", "2014-12-31": "6108.00000", "2014-09-30": "5984.00000", "2014-06-30": "6039.00000", "2014-03-31": "5848.00000", "2013-12-31": "6157.00000", "2013-09-30": "6106.00000", "2013-06-30": "6294.00000", "2013-03-31": "6104.00000", "2012-12-31": "6476.00000", "2012-09-30": "6270.00000", "2012-06-30": "6274.00000", "2012-03-31": "6198.00000", "2011-12-31": "6506.00000", "2011-09-30": "6612.00000", "2011-06-30": "6560.00000", "2011-03-31": "6734.00000", "2010-12-31": "6903.00000", "2010-09-30": "7071.00000", "2010-06-30": "7255.00000", "2010-03-31": "6914.00000", "2009-12-31": "2820.00000", "2009-09-30": "8350.00000", "2009-06-30": "8545.00000", "2009-03-31": "7935.00000", "2008-12-31": "7582.00000", "2008-09-30": "8381.00000", "2008-06-30": "8628.00000", "2008-03-31": "7724.00000", "2007-12-31": "7278.00000", "2007-09-30": "7871.00000", "2007-06-30": "7878.00000", "2007-03-31": "7314.00000", "2006-12-31": "7868.00000", "2006-09-30": "7429.00000", "2006-06-30": "7601.00000", "2006-03-31": "7093.00000", "2005-12-31": "7427.00000", "2005-09-30": "7291.00000", "2005-06-30": "7807.00000", "2005-03-31": "7453.00000"}, "Cost Of Goods Sold": {"2020-12-31": "8122.00000", "2020-09-30": "7243.00000", "2020-06-30": "7058.00000", "2020-03-31": "6898.00000", "2019-12-31": "6615.00000", "2019-09-30": "6748.00000", "2019-06-30": "6726.00000", "2019-03-31": "6493.00000", "2018-12-31": "6469.00000", "2018-09-30": "6096.00000", "2018-06-30": "5563.00000", "2018-03-31": "5176.00000", "2017-12-31": "5257.00000", "2017-09-30": "5053.00000", "2017-06-30": "4914.00000", "2017-03-31": "4850.00000", "2016-12-31": "4986.00000", "2016-09-30": "4667.00000", "2016-06-30": "4583.00000", "2016-03-31": "4561.00000", "2015-12-31": "4378.00000", "2015-09-30": "4522.00000", "2015-06-30": "4442.00000", "2015-03-31": "4542.00000", "2014-12-31": "4653.00000", "2014-09-30": "4635.00000", "2014-06-30": "4629.00000", "2014-03-31": "4461.00000", "2013-12-31": "4828.00000", "2013-09-30": "4761.00000", "2013-06-30": "4906.00000", "2013-03-31": "4787.00000", "2012-12-31": "4915.00000", "2012-09-30": "4962.00000", "2012-06-30": "4920.00000", "2012-03-31": "4841.00000", "2011-12-31": "5070.00000", "2011-09-30": "5198.00000", "2011-06-30": "5163.00000", "2011-03-31": "5355.00000", "2010-12-31": "5580.00000", "2010-09-30": "5774.00000", "2010-06-30": "5884.00000", "2010-03-31": "5611.00000", "2009-12-31": "2030.00000", "2009-09-30": "6987.00000", "2009-06-30": "7190.00000", "2009-03-31": "6598.00000", "2008-12-31": "6003.00000", "2008-09-30": "6825.00000", "2008-06-30": "7025.00000", "2008-03-31": "6522.00000", "2007-12-31": "5848.00000", "2007-09-30": "6282.00000", "2007-06-30": "6307.00000", "2007-03-31": "5917.00000", "2006-12-31": "6434.00000", "2006-09-30": "6094.00000", "2006-06-30": "6155.00000", "2006-03-31": "5812.00000", "2005-12-31": "6012.00000", "2005-09-30": "6193.00000", "2005-06-30": "6497.00000", "2005-03-31": "6196.00000"}, "Gross Profit": {"2020-12-31": "2090.00000", "2020-09-30": "1840.00000", "2020-06-30": "1826.00000", "2020-03-31": "1722.00000", "2019-12-31": "2106.00000", "2019-09-30": "1727.00000", "2019-06-30": "1730.00000", "2019-03-31": "1696.00000", "2018-12-31": "1687.00000", "2018-09-30": "1989.00000", "2018-06-30": "1556.00000", "2018-03-31": "1559.00000", "2017-12-31": "1295.00000", "2017-09-30": "1516.00000", "2017-06-30": "1559.00000", "2017-03-31": "1560.00000", "2016-12-31": "1609.00000", "2016-09-30": "1488.00000", "2016-06-30": "1417.00000", "2016-03-31": "1395.00000", "2015-12-31": "1316.00000", "2015-09-30": "1457.00000", "2015-06-30": "1454.00000", "2015-03-31": "1415.00000", "2014-12-31": "1455.00000", "2014-09-30": "1349.00000", "2014-06-30": "1410.00000", "2014-03-31": "1387.00000", "2013-12-31": "1329.00000", "2013-09-30": "1345.00000", "2013-06-30": "1388.00000", "2013-03-31": "1317.00000", "2012-12-31": "1561.00000", "2012-09-30": "1308.00000", "2012-06-30": "1354.00000", "2012-03-31": "1357.00000", "2011-12-31": "1436.00000", "2011-09-30": "1414.00000", "2011-06-30": "1397.00000", "2011-03-31": "1379.00000", "2010-12-31": "1323.00000", "2010-09-30": "1297.00000", "2010-06-30": "1371.00000", "2010-03-31": "1303.00000", "2009-12-31": "790.00000", "2009-09-30": "1363.00000", "2009-06-30": "1355.00000", "2009-03-31": "1337.00000", "2008-12-31": "1579.00000", "2008-09-30": "1556.00000", "2008-06-30": "1603.00000", "2008-03-31": "1202.00000", "2007-12-31": "1430.00000", "2007-09-30": "1589.00000", "2007-06-30": "1571.00000", "2007-03-31": "1397.00000", "2006-12-31": "1434.00000", "2006-09-30": "1335.00000", "2006-06-30": "1446.00000", "2006-03-31": "1281.00000", "2005-12-31": "1415.00000", "2005-09-30": "1098.00000", "2005-06-30": "1310.00000", "2005-03-31": "1257.00000"}, "Research And Development Expenses": {"2020-12-31": "", "2020-09-30": "", "2020-06-30": "", "2020-03-31": "", "2019-12-31": "", "2019-09-30": "", "2019-06-30": "", "2019-03-31": "", "2018-12-31": "", "2018-09-30": "", "2018-06-30": "", "2018-03-31": "", "2017-12-31": "", "2017-09-30": "", "2017-06-30": "", "2017-03-31": "", "2016-12-31": "", "2016-09-30": "", "2016-06-30": "", "2016-03-31": "", "2015-12-31": "", "2015-09-30": "", "2015-06-30": "", "2015-03-31": "", "2014-12-31": "", "2014-09-30": "", "2014-06-30": "", "2014-03-31": "", "2013-12-31": "", "2013-09-30": "", "2013-06-30": "", "2013-03-31": "", "2012-12-31": "", "2012-09-30": "", "2012-06-30": "", "2012-03-31": "", "2011-12-31": "", "2011-09-30": "", "2011-06-30": "", "2011-03-31": "", "2010-12-31": "", "2010-09-30": "", "2010-06-30": "", "2010-03-31": "", "2009-12-31": "", "2009-09-30": "", "2009-06-30": "", "2009-03-31": "", "2008-12-31": "", "2008-09-30": "", "2008-06-30": "", "2008-03-31": "", "2007-12-31": "", "2007-09-30": "", "2007-06-30": "", "2007-03-31": "", "2006-12-31": "", "2006-09-30": "", "2006-06-30": "", "2006-03-31": "", "2005-12-31": "", "2005-09-30": "", "2005-06-30": "", "2005-03-31": ""}, "SG&A Expenses": {"2020-12-31": "938.00000", "2020-09-30": "855.00000", "2020-06-30": "832.00000", "2020-03-31": "788.00000", "2019-12-31": "970.00000", "2019-09-30": "776.00000", "2019-06-30": "784.00000", "2019-03-31": "760.00000", "2018-12-31": "744.00000", "2018-09-30": "817.00000", "2018-06-30": "739.00000", "2018-03-31": "711.00000", "2017-12-31": "649.00000", "2017-09-30": "679.00000", "2017-06-30": "686.00000", "2017-03-31": "698.00000", "2016-12-31": "694.00000", "2016-09-30": "662.00000", "2016-06-30": "620.00000", "2016-03-31": "656.00000", "2015-12-31": "627.00000", "2015-09-30": "663.00000", "2015-06-30": "641.00000", "2015-03-31": "635.00000", "2014-12-31": "693.00000", "2014-09-30": "580.00000", "2014-06-30": "590.00000", "2014-03-31": "542.00000", "2013-12-31": "561.00000", "2013-09-30": "555.00000", "2013-06-30": "582.00000", "2013-03-31": "558.00000", "2012-12-31": "737.00000", "2012-09-30": "572.00000", "2012-06-30": "580.00000", "2012-03-31": "561.00000", "2011-12-31": "637.00000", "2011-09-30": "589.00000", "2011-06-30": "556.00000", "2011-03-31": "568.00000", "2010-12-31": "648.00000", "2010-09-30": "574.00000", "2010-06-30": "621.00000", "2010-03-31": "624.00000", "2009-12-31": "368.00000", "2009-09-30": "744.00000", "2009-06-30": "741.00000", "2009-03-31": "718.00000", "2008-12-31": "823.00000", "2008-09-30": "785.00000", "2008-06-30": "797.00000", "2008-03-31": "738.00000", "2007-12-31": "764.00000", "2007-09-30": "783.00000", "2007-06-30": "808.00000", "2007-03-31": "707.00000", "2006-12-31": "775.00000", "2006-09-30": "786.00000", "2006-06-30": "764.00000", "2006-03-31": "677.00000", "2005-12-31": "869.00000", "2005-09-30": "660.00000", "2005-06-30": "689.00000", "2005-03-31": "662.00000"}, "Other Operating Income Or Expenses": {"2020-12-31": "", "2020-09-30": "", "2020-06-30": "", "2020-03-31": "", "2019-12-31": "", "2019-09-30": "", "2019-06-30": "", "2019-03-31": "", "2018-12-31": "", "2018-09-30": "", "2018-06-30": "", "2018-03-31": "", "2017-12-31": "", "2017-09-30": "", "2017-06-30": "", "2017-03-31": "", "2016-12-31": "", "2016-09-30": "", "2016-06-30": "", "2016-03-31": "", "2015-12-31": "", "2015-09-30": "", "2015-06-30": "", "2015-03-31": "", "2014-12-31": "", "2014-09-30": "", "2014-06-30": "", "2014-03-31": "", "2013-12-31": "", "2013-09-30": "", "2013-06-30": "", "2013-03-31": "", "2012-12-31": "", "2012-09-30": "", "2012-06-30": "", "2012-03-31": "", "2011-12-31": "", "2011-09-30": "", "2011-06-30": "", "2011-03-31": "", "2010-12-31": "", "2010-09-30": "", "2010-06-30": "", "2010-03-31": "", "2009-12-31": "", "2009-09-30": "", "2009-06-30": "", "2009-03-31": "", "2008-12-31": "", "2008-09-30": "", "2008-06-30": "", "2008-03-31": "", "2007-12-31": "", "2007-09-30": "", "2007-06-30": "", "2007-03-31": "", "2006-12-31": "", "2006-09-30": "", "2006-06-30": "", "2006-03-31": "", "2005-12-31": "", "2005-09-30": "", "2005-06-30": "", "2005-03-31": ""}, "Operating Expenses": {"2020-12-31": "9060.00000", "2020-09-30": "8098.00000", "2020-06-30": "7890.00000", "2020-03-31": "7686.00000", "2019-12-31": "7585.00000", "2019-09-30": "7524.00000", "2019-06-30": "7510.00000", "2019-03-31": "7253.00000", "2018-12-31": "7213.00000", "2018-09-30": "6913.00000", "2018-06-30": "6302.00000", "2018-03-31": "5887.00000", "2017-12-31": "5906.00000", "2017-09-30": "5732.00000", "2017-06-30": "5600.00000", "2017-03-31": "5548.00000", "2016-12-31": "5680.00000", "2016-09-30": "5329.00000", "2016-06-30": "5203.00000", "2016-03-31": "5217.00000", "2015-12-31": "5005.00000", "2015-09-30": "5185.00000", "2015-06-30": "5083.00000", "2015-03-31": "5177.00000", "2014-12-31": "5346.00000", "2014-09-30": "5215.00000", "2014-06-30": "5219.00000", "2014-03-31": "5003.00000", "2013-12-31": "5389.00000", "2013-09-30": "5316.00000", "2013-06-30": "5488.00000", "2013-03-31": "5345.00000", "2012-12-31": "5652.00000", "2012-09-30": "5534.00000", "2012-06-30": "5500.00000", "2012-03-31": "5402.00000", "2011-12-31": "5707.00000", "2011-09-30": "5787.00000", "2011-06-30": "5719.00000", "2011-03-31": "5923.00000", "2010-12-31": "6228.00000", "2010-09-30": "6348.00000", "2010-06-30": "6505.00000", "2010-03-31": "6235.00000", "2009-12-31": "2398.00000", "2009-09-30": "7731.00000", "2009-06-30": "7931.00000", "2009-03-31": "7316.00000", "2008-12-31": "9886.00000", "2008-09-30": "7610.00000", "2008-06-30": "7822.00000", "2008-03-31": "7260.00000", "2007-12-31": "6612.00000", "2007-09-30": "7065.00000", "2007-06-30": "7115.00000", "2007-03-31": "6624.00000", "2006-12-31": "7209.00000", "2006-09-30": "6880.00000", "2006-06-30": "6919.00000", "2006-03-31": "6489.00000", "2005-12-31": "6881.00000", "2005-09-30": "6853.00000", "2005-06-30": "7186.00000", "2005-03-31": "6858.00000"}, "Operating Income": {"2020-12-31": "1152.00000", "2020-09-30": "985.00000", "2020-06-30": "994.00000", "2020-03-31": "934.00000", "2019-12-31": "1136.00000", "2019-09-30": "951.00000", "2019-06-30": "946.00000", "2019-03-31": "936.00000", "2018-12-31": "943.00000", "2018-09-30": "1172.00000", "2018-06-30": "817.00000", "2018-03-31": "848.00000", "2017-12-31": "646.00000", "2017-09-30": "837.00000", "2017-06-30": "873.00000", "2017-03-31": "862.00000", "2016-12-31": "915.00000", "2016-09-30": "826.00000", "2016-06-30": "797.00000", "2016-03-31": "739.00000", "2015-12-31": "689.00000", "2015-09-30": "794.00000", "2015-06-30": "813.00000", "2015-03-31": "780.00000", "2014-12-31": "762.00000", "2014-09-30": "769.00000", "2014-06-30": "820.00000", "2014-03-31": "845.00000", "2013-12-31": "768.00000", "2013-09-30": "790.00000", "2013-06-30": "806.00000", "2013-03-31": "759.00000", "2012-12-31": "824.00000", "2012-09-30": "736.00000", "2012-06-30": "774.00000", "2012-03-31": "796.00000", "2011-12-31": "799.00000", "2011-09-30": "825.00000", "2011-06-30": "841.00000", "2011-03-31": "811.00000", "2010-12-31": "675.00000", "2010-09-30": "723.00000", "2010-06-30": "750.00000", "2010-03-31": "679.00000", "2009-12-31": "422.00000", "2009-09-30": "619.00000", "2009-06-30": "614.00000", "2009-03-31": "619.00000", "2008-12-31": "-2304.00000", "2008-09-30": "771.00000", "2008-06-30": "806.00000", "2008-03-31": "464.00000", "2007-12-31": "666.00000", "2007-09-30": "806.00000", "2007-06-30": "763.00000", "2007-03-31": "690.00000", "2006-12-31": "659.00000", "2006-09-30": "549.00000", "2006-06-30": "682.00000", "2006-03-31": "604.00000", "2005-12-31": "546.00000", "2005-09-30": "438.00000", "2005-06-30": "621.00000", "2005-03-31": "595.00000"}, "Total Non-Operating Income/Expense": {"2020-12-31": "-847.00000", "2020-09-30": "182.00000", "2020-06-30": "209.00000", "2020-03-31": "119.00000", "2019-12-31": "-1705.00000", "2019-09-30": "104.00000", "2019-06-30": "82.00000", "2019-03-31": "98.00000", "2018-12-31": "-540.00000", "2018-09-30": "192.00000", "2018-06-30": "159.00000", "2018-03-31": "151.00000", "2017-12-31": "1201.00000", "2017-09-30": "-55.00000", "2017-06-30": "-61.00000", "2017-03-31": "-74.00000", "2016-12-31": "-409.00000", "2016-09-30": "-57.00000", "2016-06-30": "-67.00000", "2016-03-31": "-63.00000", "2015-12-31": "-68.00000", "2015-09-30": "-65.00000", "2015-06-30": "-77.00000", "2015-03-31": "-76.00000", "2014-12-31": "-61.00000", "2014-09-30": "-75.00000", "2014-06-30": "-64.00000", "2014-03-31": "-59.00000", "2013-12-31": "-61.00000", "2013-09-30": "-70.00000", "2013-06-30": "-82.00000", "2013-03-31": "-47.00000", "2012-12-31": "-37.00000", "2012-09-30": "-41.00000", "2012-06-30": "-47.00000", "2012-03-31": "-40.00000", "2011-12-31": "-17.00000", "2011-09-30": "-70.00000", "2011-06-30": "-53.00000", "2011-03-31": "-53.00000", "2010-12-31": "-265.00000", "2010-09-30": "-51.00000", "2010-06-30": "-75.00000", "2010-03-31": "-70.00000", "2009-12-31": "-47.00000", "2009-09-30": "-35.00000", "2009-06-30": "-57.00000", "2009-03-31": "-65.00000", "2008-12-31": "-106.00000", "2008-09-30": "-29.00000", "2008-06-30": "-67.00000", "2008-03-31": "-55.00000", "2007-12-31": "-60.00000", "2007-09-30": "-77.00000", "2007-06-30": "-92.00000", "2007-03-31": "-90.00000", "2006-12-31": "65.00000", "2006-09-30": "-72.00000", "2006-06-30": "-93.00000", "2006-03-31": "-78.00000", "2005-12-31": "-75.00000", "2005-09-30": "1.00000", "2005-06-30": "-62.00000", "2005-03-31": "1.00000"}, "Pre-Tax Income": {"2020-12-31": "305.00000", "2020-09-30": "1167.00000", "2020-06-30": "1203.00000", "2020-03-31": "1053.00000", "2019-12-31": "-569.00000", "2019-09-30": "1055.00000", "2019-06-30": "1028.00000", "2019-03-31": "1034.00000", "2018-12-31": "403.00000", "2018-09-30": "1364.00000", "2018-06-30": "976.00000", "2018-03-31": "999.00000", "2017-12-31": "1847.00000", "2017-09-30": "782.00000", "2017-06-30": "812.00000", "2017-03-31": "788.00000", "2016-12-31": "506.00000", "2016-09-30": "769.00000", "2016-06-30": "730.00000", "2016-03-31": "676.00000", "2015-12-31": "621.00000", "2015-09-30": "729.00000", "2015-06-30": "736.00000", "2015-03-31": "704.00000", "2014-12-31": "701.00000", "2014-09-30": "694.00000", "2014-06-30": "756.00000", "2014-03-31": "786.00000", "2013-12-31": "707.00000", "2013-09-30": "720.00000", "2013-06-30": "724.00000", "2013-03-31": "712.00000", "2012-12-31": "787.00000", "2012-09-30": "695.00000", "2012-06-30": "727.00000", "2012-03-31": "756.00000", "2011-12-31": "782.00000", "2011-09-30": "755.00000", "2011-06-30": "788.00000", "2011-03-31": "758.00000", "2010-12-31": "410.00000", "2010-09-30": "672.00000", "2010-06-30": "675.00000", "2010-03-31": "609.00000", "2009-12-31": "375.00000", "2009-09-30": "584.00000", "2009-06-30": "557.00000", "2009-03-31": "554.00000", "2008-12-31": "-2410.00000", "2008-09-30": "742.00000", "2008-06-30": "739.00000", "2008-03-31": "409.00000", "2007-12-31": "606.00000", "2007-09-30": "729.00000", "2007-06-30": "671.00000", "2007-03-31": "600.00000", "2006-12-31": "724.00000", "2006-09-30": "477.00000", "2006-06-30": "589.00000", "2006-03-31": "526.00000", "2005-12-31": "471.00000", "2005-09-30": "439.00000", "2005-06-30": "559.00000", "2005-03-31": "596.00000"}, "Income Taxes": {"2020-12-31": "-25.00000", "2020-09-30": "181.00000", "2020-06-30": "198.00000", "2020-03-31": "185.00000", "2019-12-31": "-160.00000", "2019-09-30": "122.00000", "2019-06-30": "167.00000", "2019-03-31": "171.00000", "2018-12-31": "47.00000", "2018-09-30": "120.00000", "2018-06-30": "187.00000", "2018-03-31": "159.00000", "2017-12-31": "826.00000", "2017-09-30": "139.00000", "2017-06-30": "257.00000", "2017-03-31": "138.00000", "2016-12-31": "138.00000", "2016-09-30": "167.00000", "2016-06-30": "213.00000", "2016-03-31": "120.00000", "2015-12-31": "162.00000", "2015-09-30": "213.00000", "2015-06-30": "205.00000", "2015-03-31": "220.00000", "2014-12-31": "195.00000", "2014-09-30": "221.00000", "2014-06-30": "245.00000", "2014-03-31": "207.00000", "2013-12-31": "229.00000", "2013-09-30": "223.00000", "2013-06-30": "236.00000", "2013-03-31": "223.00000", "2012-12-31": "254.00000", "2012-09-30": "236.00000", "2012-06-30": "247.00000", "2012-03-31": "250.00000", "2011-12-31": "232.00000", "2011-09-30": "235.00000", "2011-06-30": "268.00000", "2011-03-31": "262.00000", "2010-12-31": "104.00000", "2010-09-30": "224.00000", "2010-06-30": "-65.00000", "2010-03-31": "199.00000", "2009-12-31": "139.00000", "2009-09-30": "120.00000", "2009-06-30": "189.00000", "2009-03-31": "188.00000", "2008-12-31": "224.00000", "2008-09-30": "233.00000", "2008-06-30": "256.00000", "2008-03-31": "146.00000", "2007-12-31": "210.00000", "2007-09-30": "240.00000", "2007-06-30": "199.00000", "2007-03-31": "206.00000", "2006-12-31": "243.00000", "2006-09-30": "169.00000", "2006-06-30": "147.00000", "2006-03-31": "164.00000", "2005-12-31": "133.00000", "2005-09-30": "148.00000", "2005-06-30": "190.00000", "2005-03-31": "198.00000"}, "Income After Taxes": {"2020-12-31": "330.00000", "2020-09-30": "986.00000", "2020-06-30": "1005.00000", "2020-03-31": "868.00000", "2019-12-31": "-409.00000", "2019-09-30": "933.00000", "2019-06-30": "861.00000", "2019-03-31": "863.00000", "2018-12-31": "356.00000", "2018-09-30": "1244.00000", "2018-06-30": "789.00000", "2018-03-31": "840.00000", "2017-12-31": "1021.00000", "2017-09-30": "643.00000", "2017-06-30": "555.00000", "2017-03-31": "650.00000", "2016-12-31": "368.00000", "2016-09-30": "602.00000", "2016-06-30": "517.00000", "2016-03-31": "556.00000", "2015-12-31": "459.00000", "2015-09-30": "516.00000", "2015-06-30": "531.00000", "2015-03-31": "484.00000", "2014-12-31": "506.00000", "2014-09-30": "473.00000", "2014-06-30": "511.00000", "2014-03-31": "579.00000", "2013-12-31": "478.00000", "2013-09-30": "497.00000", "2013-06-30": "488.00000", "2013-03-31": "489.00000", "2012-12-31": "533.00000", "2012-09-30": "459.00000", "2012-06-30": "480.00000", "2012-03-31": "506.00000", "2011-12-31": "550.00000", "2011-09-30": "520.00000", "2011-06-30": "520.00000", "2011-03-31": "496.00000", "2010-12-31": "306.00000", "2010-09-30": "448.00000", "2010-06-30": "740.00000", "2010-03-31": "410.00000", "2009-12-31": "236.00000", "2009-09-30": "464.00000", "2009-06-30": "368.00000", "2009-03-31": "366.00000", "2008-12-31": "-2634.00000", "2008-09-30": "509.00000", "2008-06-30": "483.00000", "2008-03-31": "263.00000", "2007-12-31": "396.00000", "2007-09-30": "489.00000", "2007-06-30": "472.00000", "2007-03-31": "394.00000", "2006-12-31": "481.00000", "2006-09-30": "308.00000", "2006-06-30": "442.00000", "2006-03-31": "362.00000", "2005-12-31": "338.00000", "2005-09-30": "291.00000", "2005-06-30": "369.00000", "2005-03-31": "398.00000"}, "Other Income": {"2020-12-31": "", "2020-09-30": "", "2020-06-30": "", "2020-03-31": "", "2019-12-31": "", "2019-09-30": "", "2019-06-30": "", "2019-03-31": "", "2018-12-31": "", "2018-09-30": "", "2018-06-30": "", "2018-03-31": "", "2017-12-31": "", "2017-09-30": "", "2017-06-30": "", "2017-03-31": "", "2016-12-31": "", "2016-09-30": "", "2016-06-30": "", "2016-03-31": "", "2015-12-31": "", "2015-09-30": "", "2015-06-30": "", "2015-03-31": "", "2014-12-31": "", "2014-09-30": "", "2014-06-30": "", "2014-03-31": "", "2013-12-31": "", "2013-09-30": "", "2013-06-30": "", "2013-03-31": "", "2012-12-31": "", "2012-09-30": "", "2012-06-30": "", "2012-03-31": "", "2011-12-31": "", "2011-09-30": "", "2011-06-30": "", "2011-03-31": "", "2010-12-31": "", "2010-09-30": "", "2010-06-30": "", "2010-03-31": "", "2009-12-31": "", "2009-09-30": "", "2009-06-30": "", "2009-03-31": "", "2008-12-31": "", "2008-09-30": "", "2008-06-30": "", "2008-03-31": "", "2007-12-31": "", "2007-09-30": "", "2007-06-30": "", "2007-03-31": "", "2006-12-31": "", "2006-09-30": "", "2006-06-30": "", "2006-03-31": "", "2005-12-31": "", "2005-09-30": "", "2005-06-30": "", "2005-03-31": ""}, "Income From Continuous Operations": {"2020-12-31": "330.00000", "2020-09-30": "986.00000", "2020-06-30": "1005.00000", "2020-03-31": "868.00000", "2019-12-31": "-409.00000", "2019-09-30": "933.00000", "2019-06-30": "861.00000", "2019-03-31": "863.00000", "2018-12-31": "356.00000", "2018-09-30": "1244.00000", "2018-06-30": "789.00000", "2018-03-31": "840.00000", "2017-12-31": "1021.00000", "2017-09-30": "643.00000", "2017-06-30": "555.00000", "2017-03-31": "650.00000", "2016-12-31": "368.00000", "2016-09-30": "602.00000", "2016-06-30": "517.00000", "2016-03-31": "556.00000", "2015-12-31": "459.00000", "2015-09-30": "516.00000", "2015-06-30": "531.00000", "2015-03-31": "484.00000", "2014-12-31": "506.00000", "2014-09-30": "473.00000", "2014-06-30": "511.00000", "2014-03-31": "579.00000", "2013-12-31": "478.00000", "2013-09-30": "497.00000", "2013-06-30": "488.00000", "2013-03-31": "489.00000", "2012-12-31": "533.00000", "2012-09-30": "459.00000", "2012-06-30": "480.00000", "2012-03-31": "506.00000", "2011-12-31": "550.00000", "2011-09-30": "520.00000", "2011-06-30": "520.00000", "2011-03-31": "496.00000", "2010-12-31": "306.00000", "2010-09-30": "448.00000", "2010-06-30": "740.00000", "2010-03-31": "410.00000", "2009-12-31": "236.00000", "2009-09-30": "464.00000", "2009-06-30": "368.00000", "2009-03-31": "366.00000", "2008-12-31": "-2634.00000", "2008-09-30": "509.00000", "2008-06-30": "483.00000", "2008-03-31": "263.00000", "2007-12-31": "396.00000", "2007-09-30": "489.00000", "2007-06-30": "472.00000", "2007-03-31": "394.00000", "2006-12-31": "481.00000", "2006-09-30": "308.00000", "2006-06-30": "442.00000", "2006-03-31": "362.00000", "2005-12-31": "338.00000", "2005-09-30": "291.00000", "2005-06-30": "369.00000", "2005-03-31": "398.00000"}, "Income From Discontinued Operations": {"2020-12-31": "", "2020-09-30": "", "2020-06-30": "", "2020-03-31": "", "2019-12-31": "", "2019-09-30": "", "2019-06-30": "", "2019-03-31": "", "2018-12-31": "", "2018-09-30": "", "2018-06-30": "", "2018-03-31": "", "2017-12-31": "", "2017-09-30": "", "2017-06-30": "", "2017-03-31": "", "2016-12-31": "", "2016-09-30": "", "2016-06-30": "", "2016-03-31": "", "2015-12-31": "", "2015-09-30": "", "2015-06-30": "", "2015-03-31": "", "2014-12-31": "", "2014-09-30": "", "2014-06-30": "", "2014-03-31": "", "2013-12-31": "", "2013-09-30": "", "2013-06-30": "", "2013-03-31": "", "2012-12-31": "", "2012-09-30": "", "2012-06-30": "", "2012-03-31": "", "2011-12-31": "-2.00000", "2011-09-30": "", "2011-06-30": "", "2011-03-31": "34.00000", "2010-12-31": "70.00000", "2010-09-30": "49.00000", "2010-06-30": "-29.00000", "2010-03-31": "59.00000", "2009-12-31": "177.00000", "2009-09-30": "26.00000", "2009-06-30": "26.00000", "2009-03-31": "23.00000", "2008-12-31": "101.00000", "2008-09-30": "3.00000", "2008-06-30": "12.00000", "2008-03-31": "1.00000", "2007-12-31": "58.00000", "2007-09-30": "", "2007-06-30": "-12.00000", "2007-03-31": "-7.00000", "2006-12-31": "-29.00000", "2006-09-30": "-6.00000", "2006-06-30": "-12.00000", "2006-03-31": "-4.00000", "2005-12-31": "-7.00000", "2005-09-30": "2.00000", "2005-06-30": "-2.00000", "2005-03-31": "11.00000"}, "Net Income": {"2020-12-31": "330.00000", "2020-09-30": "986.00000", "2020-06-30": "1005.00000", "2020-03-31": "868.00000", "2019-12-31": "-409.00000", "2019-09-30": "933.00000", "2019-06-30": "861.00000", "2019-03-31": "863.00000", "2018-12-31": "356.00000", "2018-09-30": "1244.00000", "2018-06-30": "789.00000", "2018-03-31": "840.00000", "2017-12-31": "1021.00000", "2017-09-30": "643.00000", "2017-06-30": "555.00000", "2017-03-31": "650.00000", "2016-12-31": "368.00000", "2016-09-30": "602.00000", "2016-06-30": "517.00000", "2016-03-31": "556.00000", "2015-12-31": "459.00000", "2015-09-30": "516.00000", "2015-06-30": "531.00000", "2015-03-31": "484.00000", "2014-12-31": "506.00000", "2014-09-30": "473.00000", "2014-06-30": "511.00000", "2014-03-31": "579.00000", "2013-12-31": "478.00000", "2013-09-30": "497.00000", "2013-06-30": "488.00000", "2013-03-31": "489.00000", "2012-12-31": "533.00000", "2012-09-30": "459.00000", "2012-06-30": "480.00000", "2012-03-31": "506.00000", "2011-12-31": "548.00000", "2011-09-30": "520.00000", "2011-06-30": "520.00000", "2011-03-31": "530.00000", "2010-12-31": "376.00000", "2010-09-30": "497.00000", "2010-06-30": "711.00000", "2010-03-31": "469.00000", "2009-12-31": "413.00000", "2009-09-30": "490.00000", "2009-06-30": "394.00000", "2009-03-31": "389.00000", "2008-12-31": "-2533.00000", "2008-09-30": "512.00000", "2008-06-30": "495.00000", "2008-03-31": "264.00000", "2007-12-31": "454.00000", "2007-09-30": "489.00000", "2007-06-30": "460.00000", "2007-03-31": "387.00000", "2006-12-31": "452.00000", "2006-09-30": "302.00000", "2006-06-30": "430.00000", "2006-03-31": "358.00000", "2005-12-31": "331.00000", "2005-09-30": "293.00000", "2005-06-30": "367.00000", "2005-03-31": "409.00000"}, "EBITDA": {"2020-12-31": "1497.00000", "2020-09-30": "1302.00000", "2020-06-30": "1302.00000", "2020-03-31": "1231.00000", "2019-12-31": "1477.00000", "2019-09-30": "1269.00000", "2019-06-30": "1250.00000", "2019-03-31": "1238.00000", "2018-12-31": "1209.00000", "2018-09-30": "1425.00000", "2018-06-30": "976.00000", "2018-03-31": "970.00000", "2017-12-31": "798.00000", "2017-09-30": "947.00000", "2017-06-30": "982.00000", "2017-03-31": "966.00000", "2016-12-31": "1049.00000", "2016-09-30": "939.00000", "2016-06-30": "903.00000", "2016-03-31": "842.00000", "2015-12-31": "827.00000", "2015-09-30": "907.00000", "2015-06-30": "930.00000", "2015-03-31": "879.00000", "2014-12-31": "902.00000", "2014-09-30": "874.00000", "2014-06-30": "928.00000", "2014-03-31": "954.00000", "2013-12-31": "918.00000", "2013-09-30": "910.00000", "2013-06-30": "921.00000", "2013-03-31": "869.00000", "2012-12-31": "963.00000", "2012-09-30": "864.00000", "2012-06-30": "897.00000", "2012-03-31": "916.00000", "2011-12-31": "956.00000", "2011-09-30": "957.00000", "2011-06-30": "975.00000", "2011-03-31": "932.00000", "2010-12-31": "835.00000", "2010-09-30": "859.00000", "2010-06-30": "880.00000", "2010-03-31": "808.00000", "2009-12-31": "435.00000", "2009-09-30": "803.00000", "2009-06-30": "793.00000", "2009-03-31": "793.00000", "2008-12-31": "948.00000", "2008-09-30": "950.00000", "2008-06-30": "993.00000", "2008-03-31": "662.00000", "2007-12-31": "874.00000", "2007-09-30": "981.00000", "2007-06-30": "936.00000", "2007-03-31": "856.00000", "2006-12-31": "840.00000", "2006-09-30": "714.00000", "2006-06-30": "852.00000", "2006-03-31": "777.00000", "2005-12-31": "757.00000", "2005-09-30": "626.00000", "2005-06-30": "803.00000", "2005-03-31": "768.00000"}, "EBIT": {"2020-12-31": "1152.00000", "2020-09-30": "985.00000", "2020-06-30": "994.00000", "2020-03-31": "934.00000", "2019-12-31": "1136.00000", "2019-09-30": "951.00000", "2019-06-30": "946.00000", "2019-03-31": "936.00000", "2018-12-31": "943.00000", "2018-09-30": "1172.00000", "2018-06-30": "817.00000", "2018-03-31": "848.00000", "2017-12-31": "646.00000", "2017-09-30": "837.00000", "2017-06-30": "873.00000", "2017-03-31": "862.00000", "2016-12-31": "915.00000", "2016-09-30": "826.00000", "2016-06-30": "797.00000", "2016-03-31": "739.00000", "2015-12-31": "689.00000", "2015-09-30": "794.00000", "2015-06-30": "813.00000", "2015-03-31": "780.00000", "2014-12-31": "762.00000", "2014-09-30": "769.00000", "2014-06-30": "820.00000", "2014-03-31": "845.00000", "2013-12-31": "768.00000", "2013-09-30": "790.00000", "2013-06-30": "806.00000", "2013-03-31": "759.00000", "2012-12-31": "824.00000", "2012-09-30": "736.00000", "2012-06-30": "774.00000", "2012-03-31": "796.00000", "2011-12-31": "799.00000", "2011-09-30": "825.00000", "2011-06-30": "841.00000", "2011-03-31": "811.00000", "2010-12-31": "675.00000", "2010-09-30": "723.00000", "2010-06-30": "750.00000", "2010-03-31": "679.00000", "2009-12-31": "422.00000", "2009-09-30": "619.00000", "2009-06-30": "614.00000", "2009-03-31": "619.00000", "2008-12-31": "-2304.00000", "2008-09-30": "771.00000", "2008-06-30": "806.00000", "2008-03-31": "464.00000", "2007-12-31": "666.00000", "2007-09-30": "806.00000", "2007-06-30": "763.00000", "2007-03-31": "690.00000", "2006-12-31": "659.00000", "2006-09-30": "549.00000", "2006-06-30": "682.00000", "2006-03-31": "604.00000", "2005-12-31": "546.00000", "2005-09-30": "438.00000", "2005-06-30": "621.00000", "2005-03-31": "595.00000"}, "Basic Shares Outstanding": {"2020-12-31": "167.10000", "2020-09-30": "166.80000", "2020-06-30": "166.90000", "2020-03-31": "167.70000", "2019-12-31": "169.30000", "2019-09-30": "169.10000", "2019-06-30": "169.70000", "2019-03-31": "170.00000", "2018-12-31": "173.70000", "2018-09-30": "174.10000", "2018-06-30": "174.50000", "2018-03-31": "174.30000", "2017-12-31": "174.40000", "2017-09-30": "174.20000", "2017-06-30": "174.50000", "2017-03-31": "174.80000", "2016-12-31": "178.90000", "2016-09-30": "178.10000", "2016-06-30": "180.10000", "2016-03-31": "181.30000", "2015-12-31": "189.40000", "2015-09-30": "185.80000", "2015-06-30": "191.80000", "2015-03-31": "197.70000", "2014-12-31": "208.80000", "2014-09-30": "206.20000", "2014-06-30": "212.40000", "2014-03-31": "216.30000", "2013-12-31": "229.60000", "2013-09-30": "228.20000", "2013-06-30": "234.00000", "2013-03-31": "236.40000", "2012-12-31": "248.60000", "2012-09-30": "247.20000", "2012-06-30": "250.80000", "2012-03-31": "253.10000", "2011-12-31": "276.80000", "2011-09-30": "274.90000", "2011-06-30": "282.60000", "2011-03-31": "291.80000", "2010-12-31": "296.90000", "2010-09-30": "293.50000", "2010-06-30": "299.60000", "2010-03-31": "302.50000", "2009-12-31": "319.20000", "2009-09-30": "317.10000", "2009-06-30": "322.00000", "2009-03-31": "326.90000", "2008-12-31": "334.50000", "2008-09-30": "334.20000", "2008-06-30": "339.00000", "2008-03-31": "338.80000", "2007-12-31": "341.70000", "2007-09-30": "340.20000", "2007-06-30": "343.30000", "2007-03-31": "345.30000", "2006-12-31": "345.70000", "2006-09-30": "344.70000", "2006-06-30": "344.00000", "2006-03-31": "343.30000", "2005-12-31": "356.50000", "2005-09-30": "356.20000", "2005-06-30": "358.50000", "2005-03-31": "360.70000"}, "Shares Outstanding": {"2020-12-31": "167.60000", "2020-09-30": "167.30000", "2020-06-30": "167.30000", "2020-03-31": "168.40000", "2019-12-31": "170.00000", "2019-09-30": "169.90000", "2019-06-30": "170.30000", "2019-03-31": "170.70000", "2018-12-31": "174.60000", "2018-09-30": "174.90000", "2018-06-30": "175.40000", "2018-03-31": "175.40000", "2017-12-31": "175.60000", "2017-09-30": "175.30000", "2017-06-30": "175.50000", "2017-03-31": "176.10000", "2016-12-31": "180.50000", "2016-09-30": "179.60000", "2016-06-30": "181.50000", "2016-03-31": "183.40000", "2015-12-31": "191.60000", "2015-09-30": "187.90000", "2015-06-30": "193.70000", "2015-03-31": "200.50000", "2014-12-31": "212.10000", "2014-09-30": "209.20000", "2014-06-30": "215.20000", "2014-03-31": "220.40000", "2013-12-31": "233.90000", "2013-09-30": "232.60000", "2013-06-30": "237.50000", "2013-03-31": "241.00000", "2012-12-31": "253.40000", "2012-09-30": "252.10000", "2012-06-30": "254.70000", "2012-03-31": "258.00000", "2011-12-31": "281.60000", "2011-09-30": "279.30000", "2011-06-30": "287.20000", "2011-03-31": "296.90000", "2010-12-31": "301.10000", "2010-09-30": "297.60000", "2010-06-30": "303.80000", "2010-03-31": "306.10000", "2009-12-31": "323.30000", "2009-09-30": "320.60000", "2009-06-30": "325.80000", "2009-03-31": "332.10000", "2008-12-31": "334.50000", "2008-09-30": "340.10000", "2008-06-30": "344.10000", "2008-03-31": "349.30000", "2007-12-31": "354.30000", "2007-09-30": "352.60000", "2007-06-30": "355.30000", "2007-03-31": "358.30000", "2006-12-31": "358.60000", "2006-09-30": "351.00000", "2006-06-30": "350.10000", "2006-03-31": "350.80000", "2005-12-31": "363.20000", "2005-09-30": "362.20000", "2005-06-30": "365.20000", "2005-03-31": "367.00000"}, "Basic EPS": {"2020-12-31": "1.97000", "2020-09-30": "5.91000", "2020-06-30": "6.02000", "2020-03-31": "5.18000", "2019-12-31": "-2.39000", "2019-09-30": "5.52000", "2019-06-30": "5.07000", "2019-03-31": "5.08000", "2018-12-31": "2.10000", "2018-09-30": "7.15000", "2018-06-30": "4.52000", "2018-03-31": "4.82000", "2017-12-31": "5.86000", "2017-09-30": "3.69000", "2017-06-30": "3.18000", "2017-03-31": "3.72000", "2016-12-31": "2.10000", "2016-09-30": "3.38000", "2016-06-30": "2.87000", "2016-03-31": "3.07000", "2015-12-31": "2.51000", "2015-09-30": "2.78000", "2015-06-30": "2.77000", "2015-03-31": "2.45000", "2014-12-31": "2.53000", "2014-09-30": "2.29000", "2014-06-30": "2.41000", "2014-03-31": "2.68000", "2013-12-31": "2.16000", "2013-09-30": "2.18000", "2013-06-30": "2.09000", "2013-03-31": "2.07000", "2012-12-31": "2.19000", "2012-09-30": "1.86000", "2012-06-30": "1.91000", "2012-03-31": "2.00000", "2011-12-31": "2.10000", "2011-09-30": "1.89000", "2011-06-30": "1.84000", "2011-03-31": "1.82000", "2010-12-31": "1.30000", "2010-09-30": "1.69000", "2010-06-30": "2.37000", "2010-03-31": "1.55000", "2009-12-31": "1.32000", "2009-09-30": "1.55000", "2009-06-30": "1.22000", "2009-03-31": "1.19000", "2008-12-31": "-7.54000", "2008-09-30": "1.53000", "2008-06-30": "1.46000", "2008-03-31": "0.78000", "2007-12-31": "1.34000", "2007-09-30": "1.44000", "2007-06-30": "1.34000", "2007-03-31": "1.12000", "2006-12-31": "1.29000", "2006-09-30": "0.88000", "2006-06-30": "1.25000", "2006-03-31": "1.04000", "2005-12-31": "0.96000", "2005-09-30": "0.82000", "2005-06-30": "1.02000", "2005-03-31": "1.13000"}, "EPS - Earnings Per Share": {"2020-12-31": "1.98000", "2020-09-30": "5.89000", "2020-06-30": "6.01000", "2020-03-31": "5.15000", "2019-12-31": "-2.39000", "2019-09-30": "5.49000", "2019-06-30": "5.06000", "2019-03-31": "5.06000", "2018-12-31": "2.09000", "2018-09-30": "7.11000", "2018-06-30": "4.50000", "2018-03-31": "4.79000", "2017-12-31": "5.82000", "2017-09-30": "3.67000", "2017-06-30": "3.16000", "2017-03-31": "3.69000", "2016-12-31": "2.09000", "2016-09-30": "3.35000", "2016-06-30": "2.85000", "2016-03-31": "3.03000", "2015-12-31": "2.49000", "2015-09-30": "2.75000", "2015-06-30": "2.74000", "2015-03-31": "2.41000", "2014-12-31": "2.49000", "2014-09-30": "2.26000", "2014-06-30": "2.37000", "2014-03-31": "2.63000", "2013-12-31": "2.13000", "2013-09-30": "2.14000", "2013-06-30": "2.05000", "2013-03-31": "2.03000", "2012-12-31": "2.15000", "2012-09-30": "1.82000", "2012-06-30": "1.88000", "2012-03-31": "1.96000", "2011-12-31": "2.06000", "2011-09-30": "1.86000", "2011-06-30": "1.81000", "2011-03-31": "1.79000", "2010-12-31": "1.28000", "2010-09-30": "1.67000", "2010-06-30": "2.34000", "2010-03-31": "1.53000", "2009-12-31": "1.30000", "2009-09-30": "1.53000", "2009-06-30": "1.21000", "2009-03-31": "1.17000", "2008-12-31": "-7.48000", "2008-09-30": "1.51000", "2008-06-30": "1.44000", "2008-03-31": "0.76000", "2007-12-31": "1.30000", "2007-09-30": "1.41000", "2007-06-30": "1.31000", "2007-03-31": "1.10000", "2006-12-31": "1.26000", "2006-09-30": "0.86000", "2006-06-30": "1.23000", "2006-03-31": "1.02000", "2005-12-31": "0.93000", "2005-09-30": "0.81000", "2005-06-30": "1.00000", "2005-03-31": "1.11000"}}, "balance sheet": {"Cash On Hand": {"2020-12-31": "4907.00000", "2019-12-31": "2245.00000", "2018-12-31": "1579.00000", "2017-12-31": "11225.00000", "2016-12-31": "2541.00000", "2015-12-31": "2319.00000", "2014-12-31": "3863.00000", "2013-12-31": "5150.00000", "2012-12-31": "3862.00000", "2011-12-31": "3002.00000", "2010-12-31": "3701.00000", "2009-12-31": "3275.00000", "2008-12-31": "1504.00000", "2007-12-31": "963.00000", "2006-12-31": "1015.00000", "2005-12-31": "1605.00000"}, "Receivables": {"2020-12-31": "6641.00000", "2019-12-31": "6660.00000", "2018-12-31": "6474.00000", "2017-12-31": "4519.00000", "2016-12-31": "3299.00000", "2015-12-31": "2841.00000", "2014-12-31": "2806.00000", "2013-12-31": "2685.00000", "2012-12-31": "2858.00000", "2011-12-31": "2964.00000", "2010-12-31": "3329.00000", "2009-12-31": "3394.00000", "2008-12-31": "3701.00000", "2007-12-31": "3790.00000", "2006-12-31": "3562.00000", "2005-12-31": "3553.00000"}, "Inventory": {"2020-12-31": "759.00000", "2019-12-31": "783.00000", "2018-12-31": "654.00000", "2017-12-31": "398.00000", "2016-12-31": "816.00000", "2015-12-31": "807.00000", "2014-12-31": "742.00000", "2013-12-31": "698.00000", "2012-12-31": "798.00000", "2011-12-31": "873.00000", "2010-12-31": "896.00000", "2009-12-31": "1170.00000", "2008-12-31": "1003.00000", "2007-12-31": "1000.00000", "2006-12-31": "1176.00000", "2005-12-31": "1164.00000"}, "Pre-Paid Expenses": {"2020-12-31": "1402.00000", "2019-12-31": "997.00000", "2018-12-31": "973.00000", "2017-12-31": "445.00000", "2016-12-31": "200.00000", "2015-12-31": "367.00000", "2014-12-31": "369.00000", "2013-12-31": "350.00000", "2012-12-31": "300.00000", "2011-12-31": "411.00000", "2010-12-31": "244.00000", "2009-12-31": "272.00000", "2008-12-31": "219.00000", "2007-12-31": "502.00000", "2006-12-31": "266.00000", "2005-12-31": "446.00000"}, "Other Current Assets": {"2020-12-31": "1635.00000", "2019-12-31": "", "2018-12-31": "", "2017-12-31": "", "2016-12-31": "", "2015-12-31": "", "2014-12-31": "", "2013-12-31": "", "2012-12-31": "", "2011-12-31": "", "2010-12-31": "5212.00000", "2009-12-31": "", "2008-12-31": "", "2007-12-31": "", "2006-12-31": "", "2005-12-31": ""}, "Total Current Assets": {"2020-12-31": "15344.00000", "2019-12-31": "10685.00000", "2018-12-31": "9680.00000", "2017-12-31": "16587.00000", "2016-12-31": "6856.00000", "2015-12-31": "6334.00000", "2014-12-31": "7780.00000", "2013-12-31": "9488.00000", "2012-12-31": "8392.00000", "2011-12-31": "7746.00000", "2010-12-31": "13774.00000", "2009-12-31": "8635.00000", "2008-12-31": "8243.00000", "2007-12-31": "6797.00000", "2006-12-31": "6725.00000", "2005-12-31": "7551.00000"}, "Property, Plant, And Equipment": {"2020-12-31": "7071.00000", "2019-12-31": "6912.00000", "2018-12-31": "6372.00000", "2017-12-31": "4225.00000", "2016-12-31": "3588.00000", "2015-12-31": "3064.00000", "2014-12-31": "2991.00000", "2013-12-31": "2806.00000", "2012-12-31": "2887.00000", "2011-12-31": "3047.00000", "2010-12-31": "3045.00000", "2009-12-31": "4868.00000", "2008-12-31": "4785.00000", "2007-12-31": "4690.00000", "2006-12-31": "4525.00000", "2005-12-31": "4403.00000"}, "Long-Term Investments": {"2020-12-31": "", "2019-12-31": "", "2018-12-31": "", "2017-12-31": "", "2016-12-31": "", "2015-12-31": "", "2014-12-31": "", "2013-12-31": "", "2012-12-31": "", "2011-12-31": "", "2010-12-31": "", "2009-12-31": "", "2008-12-31": "", "2007-12-31": "", "2006-12-31": "", "2005-12-31": ""}, "Goodwill And Intangible Assets": {"2020-12-31": "18301.00000", "2019-12-31": "19748.00000", "2018-12-31": "20044.00000", "2017-12-31": "12507.00000", "2016-12-31": "12450.00000", "2015-12-31": "12460.00000", "2014-12-31": "12466.00000", "2013-12-31": "12438.00000", "2012-12-31": "12431.00000", "2011-12-31": "12374.00000", "2010-12-31": "12568.00000", "2009-12-31": "14390.00000", "2008-12-31": "14456.00000", "2007-12-31": "18746.00000", "2006-12-31": "18358.00000", "2005-12-31": "18656.00000"}, "Other Long-Term Assets": {"2020-12-31": "1909.00000", "2019-12-31": "1725.00000", "2018-12-31": "1463.00000", "2017-12-31": "1362.00000", "2016-12-31": "1258.00000", "2015-12-31": "1157.00000", "2014-12-31": "1309.00000", "2013-12-31": "1440.00000", "2012-12-31": "1291.00000", "2011-12-31": "1344.00000", "2010-12-31": "1075.00000", "2009-12-31": "1049.00000", "2008-12-31": "926.00000", "2007-12-31": "995.00000", "2006-12-31": "1052.00000", "2005-12-31": "679.00000"}, "Total Long-Term Assets": {"2020-12-31": "29125.00000", "2019-12-31": "30404.00000", "2018-12-31": "27973.00000", "2017-12-31": "18541.00000", "2016-12-31": "18758.00000", "2015-12-31": "18090.00000", "2014-12-31": "18792.00000", "2013-12-31": "16893.00000", "2012-12-31": "18151.00000", "2011-12-31": "17665.00000", "2010-12-31": "17636.00000", "2009-12-31": "21617.00000", "2008-12-31": "21954.00000", "2007-12-31": "26576.00000", "2006-12-31": "25284.00000", "2005-12-31": "26663.00000"}, "Total Assets": {"2020-12-31": "44469.00000", "2019-12-31": "41089.00000", "2018-12-31": "37653.00000", "2017-12-31": "35128.00000", "2016-12-31": "25614.00000", "2015-12-31": "24424.00000", "2014-12-31": "26572.00000", "2013-12-31": "26381.00000", "2012-12-31": "26543.00000", "2011-12-31": "25411.00000", "2010-12-31": "31410.00000", "2009-12-31": "30252.00000", "2008-12-31": "30197.00000", "2007-12-31": "33373.00000", "2006-12-31": "32009.00000", "2005-12-31": "34214.00000"}, "Total Current Liabilities": {"2020-12-31": "9580.00000", "2019-12-31": "9434.00000", "2018-12-31": "8274.00000", "2017-12-31": "7092.00000", "2016-12-31": "5630.00000", "2015-12-31": "5457.00000", "2014-12-31": "5892.00000", "2013-12-31": "5815.00000", "2012-12-31": "6056.00000", "2011-12-31": "6135.00000", "2010-12-31": "10027.00000", "2009-12-31": "6985.00000", "2008-12-31": "7449.00000", "2007-12-31": "6432.00000", "2006-12-31": "6753.00000", "2005-12-31": "7974.00000"}, "Long Term Debt": {"2020-12-31": "14261.00000", "2019-12-31": "12770.00000", "2018-12-31": "13883.00000", "2017-12-31": "14399.00000", "2016-12-31": "7058.00000", "2015-12-31": "6386.00000", "2014-12-31": "5925.00000", "2013-12-31": "5928.00000", "2012-12-31": "3930.00000", "2011-12-31": "3935.00000", "2010-12-31": "3940.00000", "2009-12-31": "4191.00000", "2008-12-31": "3443.00000", "2007-12-31": "3918.00000", "2006-12-31": "3992.00000", "2005-12-31": "3881.00000"}, "Other Non-Current Liabilities": {"2020-12-31": "2208.00000", "2019-12-31": "1779.00000", "2018-12-31": "1446.00000", "2017-12-31": "994.00000", "2016-12-31": "849.00000", "2015-12-31": "887.00000", "2014-12-31": "965.00000", "2013-12-31": "1064.00000", "2012-12-31": "958.00000", "2011-12-31": "926.00000", "2010-12-31": "918.00000", "2009-12-31": "1515.00000", "2008-12-31": "1562.00000", "2007-12-31": "1978.00000", "2006-12-31": "997.00000", "2005-12-31": "885.00000"}, "Total Long Term Liabilities": {"2020-12-31": "24310.00000", "2019-12-31": "22836.00000", "2018-12-31": "21192.00000", "2017-12-31": "20904.00000", "2016-12-31": "14725.00000", "2015-12-31": "13445.00000", "2014-12-31": "13445.00000", "2013-12-31": "9946.00000", "2012-12-31": "10973.00000", "2011-12-31": "8940.00000", "2010-12-31": "7947.00000", "2009-12-31": "10580.00000", "2008-12-31": "10828.00000", "2007-12-31": "9254.00000", "2006-12-31": "8641.00000", "2005-12-31": "9412.00000"}, "Total Liabilities": {"2020-12-31": "33890.00000", "2019-12-31": "32270.00000", "2018-12-31": "29466.00000", "2017-12-31": "27996.00000", "2016-12-31": "20355.00000", "2015-12-31": "18902.00000", "2014-12-31": "19337.00000", "2013-12-31": "15761.00000", "2012-12-31": "17029.00000", "2011-12-31": "15075.00000", "2010-12-31": "17974.00000", "2009-12-31": "17565.00000", "2008-12-31": "18277.00000", "2007-12-31": "15686.00000", "2006-12-31": "15394.00000", "2005-12-31": "17386.00000"}, "Common Stock Net": {"2020-12-31": "167.00000", "2019-12-31": "168.00000", "2018-12-31": "171.00000", "2017-12-31": "174.00000", "2016-12-31": "175.00000", "2015-12-31": "181.00000", "2014-12-31": "199.00000", "2013-12-31": "218.00000", "2012-12-31": "239.00000", "2011-12-31": "254.00000", "2010-12-31": "291.00000", "2009-12-31": "307.00000", "2008-12-31": "327.00000", "2007-12-31": "338.00000", "2006-12-31": "346.00000", "2005-12-31": "347.00000"}, "Retained Earnings (Accumulated Deficit)": {"2020-12-31": "10482.00000", "2019-12-31": "8748.00000", "2018-12-31": "8068.00000", "2017-12-31": "6913.00000", "2016-12-31": "10630.00000", "2015-12-31": "10661.00000", "2014-12-31": "12392.00000", "2013-12-31": "12538.00000", "2012-12-31": "11138.00000", "2011-12-31": "9699.00000", "2010-12-31": "8124.00000", "2009-12-31": "6737.00000", "2008-12-31": "5590.00000", "2007-12-31": "7387.00000", "2006-12-31": "6183.00000", "2005-12-31": "5055.00000"}, "Comprehensive Income": {"2020-12-31": "-128.00000", "2019-12-31": "-97.00000", "2018-12-31": "-52.00000", "2017-12-31": "1.00000", "2016-12-31": "-5546.00000", "2015-12-31": "-5320.00000", "2014-12-31": "-5356.00000", "2013-12-31": "-2984.00000", "2012-12-31": "-4787.00000", "2011-12-31": "-3490.00000", "2010-12-31": "-2757.00000", "2009-12-31": "-3014.00000", "2008-12-31": "-3642.00000", "2007-12-31": "-699.00000", "2006-12-31": "-1260.00000", "2005-12-31": "-145.00000"}, "Other Share Holders Equity": {"2020-12-31": "", "2019-12-31": "", "2018-12-31": "", "2017-12-31": "", "2016-12-31": "", "2015-12-31": "", "2014-12-31": "", "2013-12-31": "", "2012-12-31": "", "2011-12-31": "", "2010-12-31": "", "2009-12-31": "", "2008-12-31": "", "2007-12-31": "", "2006-12-31": "", "2005-12-31": ""}, "Share Holder Equity": {"2020-12-31": "10579.00000", "2019-12-31": "8819.00000", "2018-12-31": "8187.00000", "2017-12-31": "7132.00000", "2016-12-31": "5259.00000", "2015-12-31": "5522.00000", "2014-12-31": "7235.00000", "2013-12-31": "10620.00000", "2012-12-31": "9514.00000", "2011-12-31": "10336.00000", "2010-12-31": "13436.00000", "2009-12-31": "12687.00000", "2008-12-31": "11920.00000", "2007-12-31": "17687.00000", "2006-12-31": "16615.00000", "2005-12-31": "16828.00000"}, "Total Liabilities And Share Holders Equity": {"2020-12-31": "44469.00000", "2019-12-31": "41089.00000", "2018-12-31": "37653.00000", "2017-12-31": "35128.00000", "2016-12-31": "25614.00000", "2015-12-31": "24424.00000", "2014-12-31": "26572.00000", "2013-12-31": "26381.00000", "2012-12-31": "26543.00000", "2011-12-31": "25411.00000", "2010-12-31": "31410.00000", "2009-12-31": "30252.00000", "2008-12-31": "30197.00000", "2007-12-31": "33373.00000", "2006-12-31": "32009.00000", "2005-12-31": "34214.00000"}}, "balance sheet, quarterly": {"Cash On Hand": {"2020-12-31": "4907.00000", "2020-09-30": "4995.00000", "2020-06-30": "4178.00000", "2020-03-31": "3278.00000", "2019-12-31": "2245.00000", "2019-09-30": "1127.00000", "2019-06-30": "1088.00000", "2019-03-31": "755.00000", "2018-12-31": "1579.00000", "2018-09-30": "1228.00000", "2018-06-30": "1539.00000", "2018-03-31": "10369.00000", "2017-12-31": "11225.00000", "2017-09-30": "1878.00000", "2017-06-30": "1383.00000", "2017-03-31": "1403.00000", "2016-12-31": "2541.00000", "2016-09-30": "1103.00000", "2016-06-30": "1139.00000", "2016-03-31": "1277.00000", "2015-12-31": "2319.00000", "2015-09-30": "1292.00000", "2015-06-30": "1907.00000", "2015-03-31": "2646.00000", "2014-12-31": "3863.00000", "2014-09-30": "3402.00000", "2014-06-30": "3476.00000", "2014-03-31": "3885.00000", "2013-12-31": "5150.00000", "2013-09-30": "4944.00000", "2013-06-30": "4904.00000", "2013-03-31": "3183.00000", "2012-12-31": "3862.00000", "2012-09-30": "3525.00000", "2012-06-30": "3148.00000", "2012-03-31": "2682.00000", "2011-12-31": "3002.00000", "2011-09-30": "2946.00000", "2011-06-30": "2810.00000", "2011-03-31": "4019.00000", "2010-12-31": "3701.00000", "2010-09-30": "2528.00000", "2010-06-30": "2044.00000", "2010-03-31": "1961.00000", "2009-12-31": "3275.00000", "2009-09-30": "1924.00000", "2009-06-30": "1056.00000", "2009-03-31": "882.00000", "2008-12-31": "1504.00000", "2008-09-30": "1016.00000", "2008-06-30": "581.00000", "2008-03-31": "429.00000", "2007-12-31": "963.00000", "2007-09-30": "713.00000", "2007-06-30": "521.00000", "2007-03-31": "362.00000", "2006-12-31": "1015.00000", "2006-09-30": "1463.00000", "2006-06-30": "751.00000", "2006-03-31": "373.00000", "2005-12-31": "1605.00000", "2005-09-30": "1712.00000", "2005-06-30": "1215.00000", "2005-03-31": "784.00000"}, "Receivables": {"2020-12-31": "6641.00000", "2020-09-30": "7681.00000", "2020-06-30": "7449.00000", "2020-03-31": "8054.00000", "2019-12-31": "6660.00000", "2019-09-30": "7888.00000", "2019-06-30": "7489.00000", "2019-03-31": "7951.00000", "2018-12-31": "6474.00000", "2018-09-30": "7302.00000", "2018-06-30": "7087.00000", "2018-03-31": "5110.00000", "2017-12-31": "4519.00000", "2017-09-30": "4414.00000", "2017-06-30": "4280.00000", "2017-03-31": "4072.00000", "2016-12-31": "3299.00000", "2016-09-30": "3659.00000", "2016-06-30": "3483.00000", "2016-03-31": "3346.00000", "2015-12-31": "2841.00000", "2015-09-30": "3268.00000", "2015-06-30": "3151.00000", "2015-03-31": "3131.00000", "2014-12-31": "2806.00000", "2014-09-30": "3233.00000", "2014-06-30": "3280.00000", "2014-03-31": "3234.00000", "2013-12-31": "2685.00000", "2013-09-30": "3003.00000", "2013-06-30": "3124.00000", "2013-03-31": "3050.00000", "2012-12-31": "2858.00000", "2012-09-30": "2973.00000", "2012-06-30": "3119.00000", "2012-03-31": "3231.00000", "2011-12-31": "2964.00000", "2011-09-30": "3328.00000", "2011-06-30": "3474.00000", "2011-03-31": "3563.00000", "2010-12-31": "3329.00000", "2010-09-30": "4172.00000", "2010-06-30": "4160.00000", "2010-03-31": "4197.00000", "2009-12-31": "3394.00000", "2009-09-30": "3951.00000", "2009-06-30": "4251.00000", "2009-03-31": "4416.00000", "2008-12-31": "3701.00000", "2008-09-30": "3957.00000", "2008-06-30": "4325.00000", "2008-03-31": "4358.00000", "2007-12-31": "3790.00000", "2007-09-30": "3666.00000", "2007-06-30": "3685.00000", "2007-03-31": "3749.00000", "2006-12-31": "3562.00000", "2006-09-30": "3690.00000", "2006-06-30": "3907.00000", "2006-03-31": "4144.00000", "2005-12-31": "3553.00000", "2005-09-30": "3519.00000", "2005-06-30": "3542.00000", "2005-03-31": "3611.00000"}, "Inventory": {"2020-12-31": "759.00000", "2020-09-30": "853.00000", "2020-06-30": "832.00000", "2020-03-31": "785.00000", "2019-12-31": "783.00000", "2019-09-30": "810.00000", "2019-06-30": "810.00000", "2019-03-31": "778.00000", "2018-12-31": "654.00000", "2018-09-30": "719.00000", "2018-06-30": "690.00000", "2018-03-31": "435.00000", "2017-12-31": "398.00000", "2017-09-30": "1007.00000", "2017-06-30": "1039.00000", "2017-03-31": "933.00000", "2016-12-31": "816.00000", "2016-09-30": "797.00000", "2016-06-30": "973.00000", "2016-03-31": "898.00000", "2015-12-31": "807.00000", "2015-09-30": "856.00000", "2015-06-30": "856.00000", "2015-03-31": "818.00000", "2014-12-31": "742.00000", "2014-09-30": "671.00000", "2014-06-30": "741.00000", "2014-03-31": "781.00000", "2013-12-31": "698.00000", "2013-09-30": "784.00000", "2013-06-30": "745.00000", "2013-03-31": "930.00000", "2012-12-31": "798.00000", "2012-09-30": "627.00000", "2012-06-30": "704.00000", "2012-03-31": "804.00000", "2011-12-31": "873.00000", "2011-09-30": "884.00000", "2011-06-30": "902.00000", "2011-03-31": "859.00000", "2010-12-31": "896.00000", "2010-09-30": "1193.00000", "2010-06-30": "1148.00000", "2010-03-31": "1289.00000", "2009-12-31": "1170.00000", "2009-09-30": "1243.00000", "2009-06-30": "1099.00000", "2009-03-31": "1178.00000", "2008-12-31": "1003.00000", "2008-09-30": "1147.00000", "2008-06-30": "1089.00000", "2008-03-31": "1132.00000", "2007-12-31": "1000.00000", "2007-09-30": "1102.00000", "2007-06-30": "1157.00000", "2007-03-31": "1195.00000", "2006-12-31": "1176.00000", "2006-09-30": "1275.00000", "2006-06-30": "1296.00000", "2006-03-31": "1294.00000", "2005-12-31": "1164.00000", "2005-09-30": "1262.00000", "2005-06-30": "1185.00000", "2005-03-31": "1205.00000"}, "Pre-Paid Expenses": {"2020-12-31": "1402.00000", "2020-09-30": "1023.00000", "2020-06-30": "720.00000", "2020-03-31": "1011.00000", "2019-12-31": "997.00000", "2019-09-30": "1011.00000", "2019-06-30": "772.00000", "2019-03-31": "959.00000", "2018-12-31": "973.00000", "2018-09-30": "883.00000", "2018-06-30": "406.00000", "2018-03-31": "243.00000", "2017-12-31": "445.00000", "2017-09-30": "300.00000", "2017-06-30": "162.00000", "2017-03-31": "160.00000", "2016-12-31": "200.00000", "2016-09-30": "212.00000", "2016-06-30": "186.00000", "2016-03-31": "185.00000", "2015-12-31": "367.00000", "2015-09-30": "199.00000", "2015-06-30": "160.00000", "2015-03-31": "177.00000", "2014-12-31": "369.00000", "2014-09-30": "290.00000", "2014-06-30": "339.00000", "2014-03-31": "165.00000", "2013-12-31": "350.00000", "2013-09-30": "264.00000", "2013-06-30": "240.00000", "2013-03-31": "159.00000", "2012-12-31": "300.00000", "2012-09-30": "217.00000", "2012-06-30": "225.00000", "2012-03-31": "177.00000", "2011-12-31": "411.00000", "2011-09-30": "135.00000", "2011-06-30": "163.00000", "2011-03-31": "213.00000", "2010-12-31": "244.00000", "2010-09-30": "392.00000", "2010-06-30": "384.00000", "2010-03-31": "295.00000", "2009-12-31": "272.00000", "2009-09-30": "453.00000", "2009-06-30": "363.00000", "2009-03-31": "256.00000", "2008-12-31": "219.00000", "2008-09-30": "408.00000", "2008-06-30": "596.00000", "2008-03-31": "501.00000", "2007-12-31": "502.00000", "2007-09-30": "282.00000", "2007-06-30": "244.00000", "2007-03-31": "235.00000", "2006-12-31": "266.00000", "2006-09-30": "265.00000", "2006-06-30": "317.00000", "2006-03-31": "251.00000", "2005-12-31": "446.00000", "2005-09-30": "357.00000", "2005-06-30": "232.00000", "2005-03-31": "209.00000"}, "Other Current Assets": {"2020-12-31": "1635.00000", "2020-09-30": "", "2020-06-30": "", "2020-03-31": "", "2019-12-31": "", "2019-09-30": "", "2019-06-30": "", "2019-03-31": "", "2018-12-31": "", "2018-09-30": "", "2018-06-30": "", "2018-03-31": "", "2017-12-31": "", "2017-09-30": "", "2017-06-30": "", "2017-03-31": "", "2016-12-31": "", "2016-09-30": "", "2016-06-30": "", "2016-03-31": "", "2015-12-31": "", "2015-09-30": "", "2015-06-30": "", "2015-03-31": "", "2014-12-31": "", "2014-09-30": "", "2014-06-30": "", "2014-03-31": "", "2013-12-31": "", "2013-09-30": "", "2013-06-30": "", "2013-03-31": "", "2012-12-31": "", "2012-09-30": "", "2012-06-30": "", "2012-03-31": "", "2011-12-31": "", "2011-09-30": "", "2011-06-30": "", "2011-03-31": "", "2010-12-31": "5212.00000", "2010-09-30": "", "2010-06-30": "", "2010-03-31": "", "2009-12-31": "", "2009-09-30": "", "2009-06-30": "", "2009-03-31": "", "2008-12-31": "", "2008-09-30": "", "2008-06-30": "", "2008-03-31": "", "2007-12-31": "", "2007-09-30": "", "2007-06-30": "", "2007-03-31": "", "2006-12-31": "", "2006-09-30": "", "2006-06-30": "", "2006-03-31": "", "2005-12-31": "", "2005-09-30": "", "2005-06-30": "", "2005-03-31": ""}, "Total Current Assets": {"2020-12-31": "15344.00000", "2020-09-30": "14552.00000", "2020-06-30": "13179.00000", "2020-03-31": "13128.00000", "2019-12-31": "10685.00000", "2019-09-30": "10836.00000", "2019-06-30": "10159.00000", "2019-03-31": "10443.00000", "2018-12-31": "9680.00000", "2018-09-30": "10132.00000", "2018-06-30": "9722.00000", "2018-03-31": "16157.00000", "2017-12-31": "16587.00000", "2017-09-30": "7599.00000", "2017-06-30": "6864.00000", "2017-03-31": "6568.00000", "2016-12-31": "6856.00000", "2016-09-30": "5771.00000", "2016-06-30": "5781.00000", "2016-03-31": "5706.00000", "2015-12-31": "6334.00000", "2015-09-30": "5951.00000", "2015-06-30": "6460.00000", "2015-03-31": "7143.00000", "2014-12-31": "7780.00000", "2014-09-30": "8122.00000", "2014-06-30": "8390.00000", "2014-03-31": "8604.00000", "2013-12-31": "9488.00000", "2013-09-30": "9591.00000", "2013-06-30": "9564.00000", "2013-03-31": "7846.00000", "2012-12-31": "8392.00000", "2012-09-30": "7902.00000", "2012-06-30": "7700.00000", "2012-03-31": "7360.00000", "2011-12-31": "7746.00000", "2011-09-30": "7686.00000", "2011-06-30": "7814.00000", "2011-03-31": "9071.00000", "2010-12-31": "13774.00000", "2010-09-30": "9003.00000", "2010-06-30": "8384.00000", "2010-03-31": "8369.00000", "2009-12-31": "8635.00000", "2009-09-30": "8084.00000", "2009-06-30": "7256.00000", "2009-03-31": "7252.00000", "2008-12-31": "8243.00000", "2008-09-30": "7009.00000", "2008-06-30": "7094.00000", "2008-03-31": "6949.00000", "2007-12-31": "6797.00000", "2007-09-30": "6454.00000", "2007-06-30": "6261.00000", "2007-03-31": "6209.00000", "2006-12-31": "6725.00000", "2006-09-30": "7439.00000", "2006-06-30": "7045.00000", "2006-03-31": "6845.00000", "2005-12-31": "7551.00000", "2005-09-30": "7364.00000", "2005-06-30": "6922.00000", "2005-03-31": "6577.00000"}, "Property, Plant, And Equipment": {"2020-12-31": "7071.00000", "2020-09-30": "7187.00000", "2020-06-30": "7063.00000", "2020-03-31": "6956.00000", "2019-12-31": "6912.00000", "2019-09-30": "6611.00000", "2019-06-30": "6522.00000", "2019-03-31": "6420.00000", "2018-12-31": "6372.00000", "2018-09-30": "6025.00000", "2018-06-30": "5864.00000", "2018-03-31": "4285.00000", "2017-12-31": "4225.00000", "2017-09-30": "3925.00000", "2017-06-30": "3802.00000", "2017-03-31": "3656.00000", "2016-12-31": "3588.00000", "2016-09-30": "3334.00000", "2016-06-30": "3299.00000", "2016-03-31": "3230.00000", "2015-12-31": "3064.00000", "2015-09-30": "3005.00000", "2015-06-30": "3005.00000", "2015-03-31": "2989.00000", "2014-12-31": "2991.00000", "2014-09-30": "2845.00000", "2014-06-30": "2818.00000", "2014-03-31": "2793.00000", "2013-12-31": "2806.00000", "2013-09-30": "2763.00000", "2013-06-30": "2783.00000", "2013-03-31": "2829.00000", "2012-12-31": "2887.00000", "2012-09-30": "2895.00000", "2012-06-30": "2935.00000", "2012-03-31": "2993.00000", "2011-12-31": "3047.00000", "2011-09-30": "3010.00000", "2011-06-30": "3028.00000", "2011-03-31": "3046.00000", "2010-12-31": "3045.00000", "2010-09-30": "4767.00000", "2010-06-30": "4763.00000", "2010-03-31": "4797.00000", "2009-12-31": "4868.00000", "2009-09-30": "4775.00000", "2009-06-30": "4778.00000", "2009-03-31": "4777.00000", "2008-12-31": "4785.00000", "2008-09-30": "4675.00000", "2008-06-30": "4651.00000", "2008-03-31": "4645.00000", "2007-12-31": "4690.00000", "2007-09-30": "4539.00000", "2007-06-30": "4539.00000", "2007-03-31": "4544.00000", "2006-12-31": "4525.00000", "2006-09-30": "4437.00000", "2006-06-30": "4403.00000", "2006-03-31": "4404.00000", "2005-12-31": "4403.00000", "2005-09-30": "4190.00000", "2005-06-30": "4204.00000", "2005-03-31": "4204.00000"}, "Long-Term Investments": {"2020-12-31": "", "2020-09-30": "", "2020-06-30": "", "2020-03-31": "", "2019-12-31": "", "2019-09-30": "", "2019-06-30": "", "2019-03-31": "", "2018-12-31": "", "2018-09-30": "", "2018-06-30": "", "2018-03-31": "", "2017-12-31": "", "2017-09-30": "", "2017-06-30": "", "2017-03-31": "", "2016-12-31": "", "2016-09-30": "", "2016-06-30": "", "2016-03-31": "", "2015-12-31": "", "2015-09-30": "", "2015-06-30": "", "2015-03-31": "", "2014-12-31": "", "2014-09-30": "", "2014-06-30": "", "2014-03-31": "", "2013-12-31": "", "2013-09-30": "", "2013-06-30": "", "2013-03-31": "", "2012-12-31": "", "2012-09-30": "", "2012-06-30": "", "2012-03-31": "", "2011-12-31": "", "2011-09-30": "", "2011-06-30": "", "2011-03-31": "", "2010-12-31": "", "2010-09-30": "", "2010-06-30": "", "2010-03-31": "", "2009-12-31": "", "2009-09-30": "", "2009-06-30": "", "2009-03-31": "", "2008-12-31": "", "2008-09-30": "", "2008-06-30": "", "2008-03-31": "", "2007-12-31": "", "2007-09-30": "", "2007-06-30": "", "2007-03-31": "", "2006-12-31": "", "2006-09-30": "", "2006-06-30": "", "2006-03-31": "", "2005-12-31": "", "2005-09-30": "", "2005-06-30": "", "2005-03-31": ""}, "Goodwill And Intangible Assets": {"2020-12-31": "18301.00000", "2020-09-30": "19555.00000", "2020-06-30": "19616.00000", "2020-03-31": "19672.00000", "2019-12-31": "19748.00000", "2019-09-30": "19830.00000", "2019-06-30": "19914.00000", "2019-03-31": "19987.00000", "2018-12-31": "20044.00000", "2018-09-30": "20102.00000", "2018-06-30": "20076.00000", "2018-03-31": "12455.00000", "2017-12-31": "12507.00000", "2017-09-30": "12456.00000", "2017-06-30": "12453.00000", "2017-03-31": "12454.00000", "2016-12-31": "12450.00000", "2016-09-30": "12464.00000", "2016-06-30": "12463.00000", "2016-03-31": "12462.00000", "2015-12-31": "12460.00000", "2015-09-30": "12458.00000", "2015-06-30": "12464.00000", "2015-03-31": "12464.00000", "2014-12-31": "12466.00000", "2014-09-30": "12463.00000", "2014-06-30": "12468.00000", "2014-03-31": "12468.00000", "2013-12-31": "12438.00000", "2013-09-30": "12438.00000", "2013-06-30": "12437.00000", "2013-03-31": "12437.00000", "2012-12-31": "12431.00000", "2012-09-30": "12373.00000", "2012-06-30": "12344.00000", "2012-03-31": "12374.00000", "2011-12-31": "12374.00000", "2011-09-30": "12540.00000", "2011-06-30": "12550.00000", "2011-03-31": "12559.00000", "2010-12-31": "12568.00000", "2010-09-30": "14318.00000", "2010-06-30": "14340.00000", "2010-03-31": "14363.00000", "2009-12-31": "14390.00000", "2009-09-30": "15425.00000", "2009-06-30": "15461.00000", "2009-03-31": "15445.00000", "2008-12-31": "14456.00000", "2008-09-30": "18439.00000", "2008-06-30": "18578.00000", "2008-03-31": "18640.00000", "2007-12-31": "18746.00000", "2007-09-30": "18767.00000", "2007-06-30": "18778.00000", "2007-03-31": "18843.00000", "2006-12-31": "18358.00000", "2006-09-30": "18494.00000", "2006-06-30": "18580.00000", "2006-03-31": "18614.00000", "2005-12-31": "18656.00000", "2005-09-30": "18736.00000", "2005-06-30": "18782.00000", "2005-03-31": "18868.00000"}, "Other Long-Term Assets": {"2020-12-31": "1909.00000", "2020-09-30": "1811.00000", "2020-06-30": "1743.00000", "2020-03-31": "1623.00000", "2019-12-31": "1725.00000", "2019-09-30": "1682.00000", "2019-06-30": "1626.00000", "2019-03-31": "1534.00000", "2018-12-31": "1463.00000", "2018-09-30": "1615.00000", "2018-06-30": "1537.00000", "2018-03-31": "1424.00000", "2017-12-31": "1362.00000", "2017-09-30": "1333.00000", "2017-06-30": "1309.00000", "2017-03-31": "1319.00000", "2016-12-31": "1258.00000", "2016-09-30": "1292.00000", "2016-06-30": "1163.00000", "2016-03-31": "1152.00000", "2015-12-31": "1157.00000", "2015-09-30": "1200.00000", "2015-06-30": "1240.00000", "2015-03-31": "1277.00000", "2014-12-31": "1309.00000", "2014-09-30": "1484.00000", "2014-06-30": "1495.00000", "2014-03-31": "1471.00000", "2013-12-31": "1440.00000", "2013-09-30": "1339.00000", "2013-06-30": "1295.00000", "2013-03-31": "1292.00000", "2012-12-31": "1291.00000", "2012-09-30": "1412.00000", "2012-06-30": "1409.00000", "2012-03-31": "1431.00000", "2011-12-31": "1344.00000", "2011-09-30": "1022.00000", "2011-06-30": "1086.00000", "2011-03-31": "1090.00000", "2010-12-31": "1075.00000", "2010-09-30": "1110.00000", "2010-06-30": "1055.00000", "2010-03-31": "1046.00000", "2009-12-31": "1049.00000", "2009-09-30": "988.00000", "2009-06-30": "947.00000", "2009-03-31": "921.00000", "2008-12-31": "926.00000", "2008-09-30": "983.00000", "2008-06-30": "1019.00000", "2008-03-31": "1038.00000", "2007-12-31": "995.00000", "2007-09-30": "1106.00000", "2007-06-30": "1152.00000", "2007-03-31": "1098.00000", "2006-12-31": "1052.00000", "2006-09-30": "801.00000", "2006-06-30": "760.00000", "2006-03-31": "751.00000", "2005-12-31": "679.00000", "2005-09-30": "658.00000", "2005-06-30": "645.00000", "2005-03-31": "634.00000"}, "Total Long-Term Assets": {"2020-12-31": "29125.00000", "2020-09-30": "30220.00000", "2020-06-30": "30296.00000", "2020-03-31": "30075.00000", "2019-12-31": "30404.00000", "2019-09-30": "29717.00000", "2019-06-30": "29425.00000", "2019-03-31": "29308.00000", "2018-12-31": "27973.00000", "2018-09-30": "27811.00000", "2018-06-30": "27656.00000", "2018-03-31": "18638.00000", "2017-12-31": "18541.00000", "2017-09-30": "18914.00000", "2017-06-30": "18949.00000", "2017-03-31": "18845.00000", "2016-12-31": "18758.00000", "2016-09-30": "18329.00000", "2016-06-30": "18300.00000", "2016-03-31": "18227.00000", "2015-12-31": "18090.00000", "2015-09-30": "18015.00000", "2015-06-30": "18092.00000", "2015-03-31": "18123.00000", "2014-12-31": "18792.00000", "2014-09-30": "16921.00000", "2014-06-30": "16961.00000", "2014-03-31": "16931.00000", "2013-12-31": "16893.00000", "2013-09-30": "17814.00000", "2013-06-30": "17944.00000", "2013-03-31": "18068.00000", "2012-12-31": "18151.00000", "2012-09-30": "17360.00000", "2012-06-30": "17526.00000", "2012-03-31": "17693.00000", "2011-12-31": "17665.00000", "2011-09-30": "17414.00000", "2011-06-30": "17563.00000", "2011-03-31": "17719.00000", "2010-12-31": "17636.00000", "2010-09-30": "21173.00000", "2010-06-30": "21310.00000", "2010-03-31": "21393.00000", "2009-12-31": "21617.00000", "2009-09-30": "22761.00000", "2009-06-30": "22892.00000", "2009-03-31": "22890.00000", "2008-12-31": "21954.00000", "2008-09-30": "26245.00000", "2008-06-30": "26373.00000", "2008-03-31": "26426.00000", "2007-12-31": "26576.00000", "2007-09-30": "25769.00000", "2007-06-30": "25767.00000", "2007-03-31": "25836.00000", "2006-12-31": "25284.00000", "2006-09-30": "26616.00000", "2006-06-30": "26631.00000", "2006-03-31": "26672.00000", "2005-12-31": "26663.00000", "2005-09-30": "26487.00000", "2005-06-30": "26524.00000", "2005-03-31": "26619.00000"}, "Total Assets": {"2020-12-31": "44469.00000", "2020-09-30": "44772.00000", "2020-06-30": "43475.00000", "2020-03-31": "43203.00000", "2019-12-31": "41089.00000", "2019-09-30": "40553.00000", "2019-06-30": "39584.00000", "2019-03-31": "39751.00000", "2018-12-31": "37653.00000", "2018-09-30": "37943.00000", "2018-06-30": "37378.00000", "2018-03-31": "34795.00000", "2017-12-31": "35128.00000", "2017-09-30": "26513.00000", "2017-06-30": "25813.00000", "2017-03-31": "25413.00000", "2016-12-31": "25614.00000", "2016-09-30": "24100.00000", "2016-06-30": "24081.00000", "2016-03-31": "23933.00000", "2015-12-31": "24424.00000", "2015-09-30": "23966.00000", "2015-06-30": "24552.00000", "2015-03-31": "25266.00000", "2014-12-31": "26572.00000", "2014-09-30": "25043.00000", "2014-06-30": "25351.00000", "2014-03-31": "25535.00000", "2013-12-31": "26381.00000", "2013-09-30": "27405.00000", "2013-06-30": "27508.00000", "2013-03-31": "25914.00000", "2012-12-31": "26543.00000", "2012-09-30": "25262.00000", "2012-06-30": "25226.00000", "2012-03-31": "25053.00000", "2011-12-31": "25411.00000", "2011-09-30": "25100.00000", "2011-06-30": "25377.00000", "2011-03-31": "26790.00000", "2010-12-31": "31410.00000", "2010-09-30": "30176.00000", "2010-06-30": "29694.00000", "2010-03-31": "29762.00000", "2009-12-31": "30252.00000", "2009-09-30": "30845.00000", "2009-06-30": "30148.00000", "2009-03-31": "30142.00000", "2008-12-31": "30197.00000", "2008-09-30": "33254.00000", "2008-06-30": "33467.00000", "2008-03-31": "33375.00000", "2007-12-31": "33373.00000", "2007-09-30": "32223.00000", "2007-06-30": "32028.00000", "2007-03-31": "32045.00000", "2006-12-31": "32009.00000", "2006-09-30": "34055.00000", "2006-06-30": "33676.00000", "2006-03-31": "33517.00000", "2005-12-31": "34214.00000", "2005-09-30": "33851.00000", "2005-06-30": "33446.00000", "2005-03-31": "33196.00000"}, "Total Current Liabilities": {"2020-12-31": "9580.00000", "2020-09-30": "10109.00000", "2020-06-30": "9727.00000", "2020-03-31": "10177.00000", "2019-12-31": "9434.00000", "2019-09-30": "8416.00000", "2019-06-30": "8155.00000", "2019-03-31": "8821.00000", "2018-12-31": "8274.00000", "2018-09-30": "8039.00000", "2018-06-30": "7833.00000", "2018-03-31": "6415.00000", "2017-12-31": "7092.00000", "2017-09-30": "6300.00000", "2017-06-30": "6186.00000", "2017-03-31": "5168.00000", "2016-12-31": "5630.00000", "2016-09-30": "5106.00000", "2016-06-30": "5099.00000", "2016-03-31": "4955.00000", "2015-12-31": "5457.00000", "2015-09-30": "5133.00000", "2015-06-30": "5154.00000", "2015-03-31": "5284.00000", "2014-12-31": "5892.00000", "2014-09-30": "5511.00000", "2014-06-30": "5414.00000", "2014-03-31": "5271.00000", "2013-12-31": "5815.00000", "2013-09-30": "5762.00000", "2013-06-30": "5639.00000", "2013-03-31": "5555.00000", "2012-12-31": "6056.00000", "2012-09-30": "5690.00000", "2012-06-30": "5608.00000", "2012-03-31": "5594.00000", "2011-12-31": "6135.00000", "2011-09-30": "5721.00000", "2011-06-30": "5795.00000", "2011-03-31": "6161.00000", "2010-12-31": "10027.00000", "2010-09-30": "7763.00000", "2010-06-30": "7666.00000", "2010-03-31": "7488.00000", "2009-12-31": "6985.00000", "2009-09-30": "7270.00000", "2009-06-30": "7243.00000", "2009-03-31": "7509.00000", "2008-12-31": "7449.00000", "2008-09-30": "6812.00000", "2008-06-30": "6591.00000", "2008-03-31": "6737.00000", "2007-12-31": "6432.00000", "2007-09-30": "6200.00000", "2007-06-30": "6122.00000", "2007-03-31": "6538.00000", "2006-12-31": "6753.00000", "2006-09-30": "7237.00000", "2006-06-30": "7138.00000", "2006-03-31": "7334.00000", "2005-12-31": "7974.00000", "2005-09-30": "6870.00000", "2005-06-30": "6558.00000", "2005-03-31": "6473.00000"}, "Long Term Debt": {"2020-12-31": "14261.00000", "2020-09-30": "14260.00000", "2020-06-30": "14259.00000", "2020-03-31": "14299.00000", "2019-12-31": "12770.00000", "2019-09-30": "13826.00000", "2019-06-30": "13838.00000", "2019-03-31": "13863.00000", "2018-12-31": "13883.00000", "2018-09-30": "13889.00000", "2018-06-30": "14387.00000", "2018-03-31": "14392.00000", "2017-12-31": "14399.00000", "2017-09-30": "6227.00000", "2017-06-30": "6219.00000", "2017-03-31": "7060.00000", "2016-12-31": "7058.00000", "2016-09-30": "6387.00000", "2016-06-30": "6387.00000", "2016-03-31": "6387.00000", "2015-12-31": "6386.00000", "2015-09-30": "6417.00000", "2015-06-30": "6417.00000", "2015-03-31": "6418.00000", "2014-12-31": "5925.00000", "2014-09-30": "5926.00000", "2014-06-30": "5927.00000", "2014-03-31": "5927.00000", "2013-12-31": "5928.00000", "2013-09-30": "5928.00000", "2013-06-30": "5929.00000", "2013-03-31": "3937.00000", "2012-12-31": "3930.00000", "2012-09-30": "3931.00000", "2012-06-30": "3932.00000", "2012-03-31": "3933.00000", "2011-12-31": "3935.00000", "2011-09-30": "3936.00000", "2011-06-30": "3937.00000", "2011-03-31": "3939.00000", "2010-12-31": "3940.00000", "2010-09-30": "3437.00000", "2010-06-30": "3438.00000", "2010-03-31": "3440.00000", "2009-12-31": "4191.00000", "2009-09-30": "4194.00000", "2009-06-30": "3348.00000", "2009-03-31": "3352.00000", "2008-12-31": "3443.00000", "2008-09-30": "3843.00000", "2008-06-30": "3844.00000", "2008-03-31": "3928.00000", "2007-12-31": "3918.00000", "2007-09-30": "3886.00000", "2007-06-30": "3875.00000", "2007-03-31": "3992.00000", "2006-12-31": "3992.00000", "2006-09-30": "3796.00000", "2006-06-30": "3821.00000", "2006-03-31": "3872.00000", "2005-12-31": "3881.00000", "2005-09-30": "4569.00000", "2005-06-30": "4581.00000", "2005-03-31": "4664.00000"}, "Other Non-Current Liabilities": {"2020-12-31": "2208.00000", "2020-09-30": "2216.00000", "2020-06-30": "1862.00000", "2020-03-31": "1606.00000", "2019-12-31": "1779.00000", "2019-09-30": "1734.00000", "2019-06-30": "1621.00000", "2019-03-31": "1451.00000", "2018-12-31": "1446.00000", "2018-09-30": "1518.00000", "2018-06-30": "1176.00000", "2018-03-31": "946.00000", "2017-12-31": "994.00000", "2017-09-30": "914.00000", "2017-06-30": "823.00000", "2017-03-31": "881.00000", "2016-12-31": "849.00000", "2016-09-30": "831.00000", "2016-06-30": "853.00000", "2016-03-31": "853.00000", "2015-12-31": "887.00000", "2015-09-30": "941.00000", "2015-06-30": "939.00000", "2015-03-31": "854.00000", "2014-12-31": "965.00000", "2014-09-30": "938.00000", "2014-06-30": "922.00000", "2014-03-31": "894.00000", "2013-12-31": "1064.00000", "2013-09-30": "985.00000", "2013-06-30": "956.00000", "2013-03-31": "928.00000", "2012-12-31": "958.00000", "2012-09-30": "940.00000", "2012-06-30": "904.00000", "2012-03-31": "905.00000", "2011-12-31": "926.00000", "2011-09-30": "901.00000", "2011-06-30": "899.00000", "2011-03-31": "916.00000", "2010-12-31": "918.00000", "2010-09-30": "1271.00000", "2010-06-30": "1200.00000", "2010-03-31": "1471.00000", "2009-12-31": "1515.00000", "2009-09-30": "1603.00000", "2009-06-30": "1552.00000", "2009-03-31": "1503.00000", "2008-12-31": "1562.00000", "2008-09-30": "1934.00000", "2008-06-30": "2076.00000", "2008-03-31": "2004.00000", "2007-12-31": "1978.00000", "2007-09-30": "1637.00000", "2007-06-30": "1565.00000", "2007-03-31": "1476.00000", "2006-12-31": "997.00000", "2006-09-30": "943.00000", "2006-06-30": "916.00000", "2006-03-31": "914.00000", "2005-12-31": "885.00000", "2005-09-30": "746.00000", "2005-06-30": "742.00000", "2005-03-31": "752.00000"}, "Total Long Term Liabilities": {"2020-12-31": "24310.00000", "2020-09-30": "24196.00000", "2020-06-30": "24036.00000", "2020-03-31": "23964.00000", "2019-12-31": "22836.00000", "2019-09-30": "22406.00000", "2019-06-30": "22215.00000", "2019-03-31": "22191.00000", "2018-12-31": "21192.00000", "2018-09-30": "20801.00000", "2018-06-30": "21318.00000", "2018-03-31": "20700.00000", "2017-12-31": "20904.00000", "2017-09-30": "13720.00000", "2017-06-30": "13708.00000", "2017-03-31": "14687.00000", "2016-12-31": "14725.00000", "2016-09-30": "13227.00000", "2016-06-30": "13301.00000", "2016-03-31": "13357.00000", "2015-12-31": "13445.00000", "2015-09-30": "13136.00000", "2015-06-30": "13227.00000", "2015-03-31": "13234.00000", "2014-12-31": "13445.00000", "2014-09-30": "9639.00000", "2014-06-30": "9669.00000", "2014-03-31": "9695.00000", "2013-12-31": "9946.00000", "2013-09-30": "12287.00000", "2013-06-30": "12311.00000", "2013-03-31": "10890.00000", "2012-12-31": "10973.00000", "2012-09-30": "8625.00000", "2012-06-30": "8903.00000", "2012-03-31": "8918.00000", "2011-12-31": "8940.00000", "2011-09-30": "7428.00000", "2011-06-30": "7433.00000", "2011-03-31": "7952.00000", "2010-12-31": "7947.00000", "2010-09-30": "9219.00000", "2010-06-30": "9125.00000", "2010-03-31": "9634.00000", "2009-12-31": "10580.00000", "2009-09-30": "11146.00000", "2009-06-30": "10716.00000", "2009-03-31": "10576.00000", "2008-12-31": "10828.00000", "2008-09-30": "8879.00000", "2008-06-30": "9013.00000", "2008-03-31": "9037.00000", "2007-12-31": "9254.00000", "2007-09-30": "9258.00000", "2007-06-30": "9126.00000", "2007-03-31": "9163.00000", "2006-12-31": "8641.00000", "2006-09-30": "9488.00000", "2006-06-30": "9492.00000", "2006-03-31": "9564.00000", "2005-12-31": "9412.00000", "2005-09-30": "10032.00000", "2005-06-30": "10030.00000", "2005-03-31": "10050.00000"}, "Total Liabilities": {"2020-12-31": "33890.00000", "2020-09-30": "34305.00000", "2020-06-30": "33763.00000", "2020-03-31": "34141.00000", "2019-12-31": "32270.00000", "2019-09-30": "30822.00000", "2019-06-30": "30370.00000", "2019-03-31": "31012.00000", "2018-12-31": "29466.00000", "2018-09-30": "28840.00000", "2018-06-30": "29151.00000", "2018-03-31": "27115.00000", "2017-12-31": "27996.00000", "2017-09-30": "20020.00000", "2017-06-30": "19894.00000", "2017-03-31": "19855.00000", "2016-12-31": "20355.00000", "2016-09-30": "18333.00000", "2016-06-30": "18400.00000", "2016-03-31": "18312.00000", "2015-12-31": "18902.00000", "2015-09-30": "18269.00000", "2015-06-30": "18381.00000", "2015-03-31": "18518.00000", "2014-12-31": "19337.00000", "2014-09-30": "15150.00000", "2014-06-30": "15083.00000", "2014-03-31": "14966.00000", "2013-12-31": "15761.00000", "2013-09-30": "18049.00000", "2013-06-30": "17950.00000", "2013-03-31": "16445.00000", "2012-12-31": "17029.00000", "2012-09-30": "14315.00000", "2012-06-30": "14511.00000", "2012-03-31": "14512.00000", "2011-12-31": "15075.00000", "2011-09-30": "13149.00000", "2011-06-30": "13228.00000", "2011-03-31": "14113.00000", "2010-12-31": "17974.00000", "2010-09-30": "16982.00000", "2010-06-30": "16791.00000", "2010-03-31": "17122.00000", "2009-12-31": "17565.00000", "2009-09-30": "18416.00000", "2009-06-30": "17959.00000", "2009-03-31": "18085.00000", "2008-12-31": "18277.00000", "2008-09-30": "15691.00000", "2008-06-30": "15604.00000", "2008-03-31": "15774.00000", "2007-12-31": "15686.00000", "2007-09-30": "15458.00000", "2007-06-30": "15248.00000", "2007-03-31": "15701.00000", "2006-12-31": "15394.00000", "2006-09-30": "16725.00000", "2006-06-30": "16630.00000", "2006-03-31": "16898.00000", "2005-12-31": "17386.00000", "2005-09-30": "16902.00000", "2005-06-30": "16588.00000", "2005-03-31": "16523.00000"}, "Common Stock Net": {"2020-12-31": "167.00000", "2020-09-30": "167.00000", "2020-06-30": "167.00000", "2020-03-31": "167.00000", "2019-12-31": "168.00000", "2019-09-30": "169.00000", "2019-06-30": "169.00000", "2019-03-31": "170.00000", "2018-12-31": "171.00000", "2018-09-30": "174.00000", "2018-06-30": "174.00000", "2018-03-31": "174.00000", "2017-12-31": "174.00000", "2017-09-30": "174.00000", "2017-06-30": "174.00000", "2017-03-31": "175.00000", "2016-12-31": "175.00000", "2016-09-30": "177.00000", "2016-06-30": "179.00000", "2016-03-31": "181.00000", "2015-12-31": "181.00000", "2015-09-30": "183.00000", "2015-06-30": "188.00000", "2015-03-31": "195.00000", "2014-12-31": "199.00000", "2014-09-30": "203.00000", "2014-06-30": "209.00000", "2014-03-31": "215.00000", "2013-12-31": "218.00000", "2013-09-30": "224.00000", "2013-06-30": "231.00000", "2013-03-31": "235.00000", "2012-12-31": "239.00000", "2012-09-30": "246.00000", "2012-06-30": "248.00000", "2012-03-31": "252.00000", "2011-12-31": "254.00000", "2011-09-30": "266.00000", "2011-06-30": "278.00000", "2011-03-31": "293.00000", "2010-12-31": "291.00000", "2010-09-30": "292.00000", "2010-06-30": "295.00000", "2010-03-31": "301.00000", "2009-12-31": "307.00000", "2009-09-30": "315.00000", "2009-06-30": "319.00000", "2009-03-31": "325.00000", "2008-12-31": "327.00000", "2008-09-30": "327.00000", "2008-06-30": "337.00000", "2008-03-31": "339.00000", "2007-12-31": "338.00000", "2007-09-30": "338.00000", "2007-06-30": "344.00000", "2007-03-31": "343.00000", "2006-12-31": "346.00000", "2006-09-30": "345.00000", "2006-06-30": "344.00000", "2006-03-31": "343.00000", "2005-12-31": "347.00000", "2005-09-30": "355.00000", "2005-06-30": "358.00000", "2005-03-31": "359.00000"}, "Retained Earnings (Accumulated Deficit)": {"2020-12-31": "10482.00000", "2020-09-30": "10394.00000", "2020-06-30": "9652.00000", "2020-03-31": "9011.00000", "2019-12-31": "8748.00000", "2019-09-30": "9649.00000", "2019-06-30": "9120.00000", "2019-03-31": "8628.00000", "2018-12-31": "8068.00000", "2018-09-30": "14464.00000", "2018-06-30": "13669.00000", "2018-03-31": "13205.00000", "2017-12-31": "6913.00000", "2017-09-30": "11546.00000", "2017-06-30": "11087.00000", "2017-03-31": "10824.00000", "2016-12-31": "10630.00000", "2016-09-30": "10628.00000", "2016-06-30": "10634.00000", "2016-03-31": "10664.00000", "2015-12-31": "10661.00000", "2015-09-30": "10613.00000", "2015-06-30": "11164.00000", "2015-03-31": "11843.00000", "2014-12-31": "12392.00000", "2014-09-30": "12568.00000", "2014-06-30": "12945.00000", "2014-03-31": "12983.00000", "2013-12-31": "12538.00000", "2013-09-30": "12196.00000", "2013-06-30": "11838.00000", "2013-03-31": "11496.00000", "2012-12-31": "11138.00000", "2012-09-30": "10739.00000", "2012-06-30": "10419.00000", "2012-03-31": "10077.00000", "2011-12-31": "9699.00000", "2011-09-30": "9401.00000", "2011-06-30": "9018.00000", "2011-03-31": "8637.00000", "2010-12-31": "8124.00000", "2010-09-30": "8005.00000", "2010-06-30": "7646.00000", "2010-03-31": "7077.00000", "2009-12-31": "6737.00000", "2009-09-30": "6457.00000", "2009-06-30": "6104.00000", "2009-03-31": "5846.00000", "2008-12-31": "5590.00000", "2008-09-30": "8253.00000", "2008-06-30": "7877.00000", "2008-03-31": "7518.00000", "2007-12-31": "7387.00000", "2007-09-30": "7063.00000", "2007-06-30": "6703.00000", "2007-03-31": "6374.00000", "2006-12-31": "6183.00000", "2006-09-30": "5837.00000", "2006-06-30": "5642.00000", "2006-03-31": "5318.00000", "2005-12-31": "5055.00000", "2005-09-30": "4815.00000", "2005-06-30": "4614.00000", "2005-03-31": "4341.00000"}, "Comprehensive Income": {"2020-12-31": "-128.00000", "2020-09-30": "-121.00000", "2020-06-30": "-117.00000", "2020-03-31": "-116.00000", "2019-12-31": "-97.00000", "2019-09-30": "-87.00000", "2019-06-30": "-75.00000", "2019-03-31": "-59.00000", "2018-12-31": "-52.00000", "2018-09-30": "-5535.00000", "2018-06-30": "-5616.00000", "2018-03-31": "-5699.00000", "2017-12-31": "1.00000", "2017-09-30": "-5243.00000", "2017-06-30": "-5342.00000", "2017-03-31": "-5441.00000", "2016-12-31": "-5546.00000", "2016-09-30": "-5038.00000", "2016-06-30": "-5132.00000", "2016-03-31": "-5224.00000", "2015-12-31": "-5320.00000", "2015-09-30": "-5099.00000", "2015-06-30": "-5181.00000", "2015-03-31": "-5290.00000", "2014-12-31": "-5356.00000", "2014-09-30": "-2878.00000", "2014-06-30": "-2886.00000", "2014-03-31": "-2921.00000", "2013-12-31": "-2984.00000", "2013-09-30": "-4543.00000", "2013-06-30": "-4635.00000", "2013-03-31": "-4723.00000", "2012-12-31": "-4787.00000", "2012-09-30": "-3334.00000", "2012-06-30": "-3395.00000", "2012-03-31": "-3434.00000", "2011-12-31": "-3490.00000", "2011-09-30": "-2176.00000", "2011-06-30": "-2173.00000", "2011-03-31": "-2187.00000", "2010-12-31": "-2757.00000", "2010-09-30": "-2930.00000", "2010-06-30": "-2987.00000", "2010-03-31": "-3002.00000", "2009-12-31": "-3014.00000", "2009-09-30": "-3404.00000", "2009-06-30": "-3477.00000", "2009-03-31": "-3596.00000", "2008-12-31": "-3642.00000", "2008-09-30": "-685.00000", "2008-06-30": "-686.00000", "2008-03-31": "-694.00000", "2007-12-31": "-699.00000", "2007-09-30": "-1279.00000", "2007-06-30": "-1287.00000", "2007-03-31": "-1296.00000", "2006-12-31": "-1260.00000", "2006-09-30": "-126.00000", "2006-06-30": "-125.00000", "2006-03-31": "-143.00000", "2005-12-31": "-145.00000", "2005-09-30": "-132.00000", "2005-06-30": "-136.00000", "2005-03-31": "-129.00000"}, "Other Share Holders Equity": {"2020-12-31": "", "2020-09-30": "", "2020-06-30": "", "2020-03-31": "", "2019-12-31": "", "2019-09-30": "", "2019-06-30": "", "2019-03-31": "", "2018-12-31": "", "2018-09-30": "", "2018-06-30": "", "2018-03-31": "", "2017-12-31": "", "2017-09-30": "", "2017-06-30": "", "2017-03-31": "", "2016-12-31": "", "2016-09-30": "", "2016-06-30": "", "2016-03-31": "", "2015-12-31": "", "2015-09-30": "", "2015-06-30": "", "2015-03-31": "", "2014-12-31": "", "2014-09-30": "", "2014-06-30": "", "2014-03-31": "", "2013-12-31": "", "2013-09-30": "", "2013-06-30": "", "2013-03-31": "", "2012-12-31": "", "2012-09-30": "", "2012-06-30": "", "2012-03-31": "", "2011-12-31": "", "2011-09-30": "", "2011-06-30": "", "2011-03-31": "", "2010-12-31": "", "2010-09-30": "", "2010-06-30": "", "2010-03-31": "", "2009-12-31": "", "2009-09-30": "", "2009-06-30": "", "2009-03-31": "", "2008-12-31": "", "2008-09-30": "", "2008-06-30": "", "2008-03-31": "", "2007-12-31": "", "2007-09-30": "", "2007-06-30": "", "2007-03-31": "", "2006-12-31": "", "2006-09-30": "", "2006-06-30": "", "2006-03-31": "", "2005-12-31": "", "2005-09-30": "", "2005-06-30": "", "2005-03-31": ""}, "Share Holder Equity": {"2020-12-31": "10579.00000", "2020-09-30": "10467.00000", "2020-06-30": "9712.00000", "2020-03-31": "9062.00000", "2019-12-31": "8819.00000", "2019-09-30": "9731.00000", "2019-06-30": "9214.00000", "2019-03-31": "8739.00000", "2018-12-31": "8187.00000", "2018-09-30": "9103.00000", "2018-06-30": "8227.00000", "2018-03-31": "7680.00000", "2017-12-31": "7132.00000", "2017-09-30": "6493.00000", "2017-06-30": "5919.00000", "2017-03-31": "5558.00000", "2016-12-31": "5259.00000", "2016-09-30": "5767.00000", "2016-06-30": "5681.00000", "2016-03-31": "5621.00000", "2015-12-31": "5522.00000", "2015-09-30": "5697.00000", "2015-06-30": "6171.00000", "2015-03-31": "6748.00000", "2014-12-31": "7235.00000", "2014-09-30": "9893.00000", "2014-06-30": "10268.00000", "2014-03-31": "10569.00000", "2013-12-31": "10620.00000", "2013-09-30": "9356.00000", "2013-06-30": "9558.00000", "2013-03-31": "9469.00000", "2012-12-31": "9514.00000", "2012-09-30": "10947.00000", "2012-06-30": "10715.00000", "2012-03-31": "10541.00000", "2011-12-31": "10336.00000", "2011-09-30": "11951.00000", "2011-06-30": "12149.00000", "2011-03-31": "12677.00000", "2010-12-31": "13436.00000", "2010-09-30": "13194.00000", "2010-06-30": "12903.00000", "2010-03-31": "12640.00000", "2009-12-31": "12687.00000", "2009-09-30": "12429.00000", "2009-06-30": "12189.00000", "2009-03-31": "12057.00000", "2008-12-31": "11920.00000", "2008-09-30": "17563.00000", "2008-06-30": "17863.00000", "2008-03-31": "17601.00000", "2007-12-31": "17687.00000", "2007-09-30": "16765.00000", "2007-06-30": "16780.00000", "2007-03-31": "16344.00000", "2006-12-31": "16615.00000", "2006-09-30": "17330.00000", "2006-06-30": "17046.00000", "2006-03-31": "16619.00000", "2005-12-31": "16828.00000", "2005-09-30": "16949.00000", "2005-06-30": "16858.00000", "2005-03-31": "16673.00000"}, "Total Liabilities And Share Holders Equity": {"2020-12-31": "44469.00000", "2020-09-30": "44772.00000", "2020-06-30": "43475.00000", "2020-03-31": "43203.00000", "2019-12-31": "41089.00000", "2019-09-30": "40553.00000", "2019-06-30": "39584.00000", "2019-03-31": "39751.00000", "2018-12-31": "37653.00000", "2018-09-30": "37943.00000", "2018-06-30": "37378.00000", "2018-03-31": "34795.00000", "2017-12-31": "35128.00000", "2017-09-30": "26513.00000", "2017-06-30": "25813.00000", "2017-03-31": "25413.00000", "2016-12-31": "25614.00000", "2016-09-30": "24100.00000", "2016-06-30": "24081.00000", "2016-03-31": "23933.00000", "2015-12-31": "24424.00000", "2015-09-30": "23966.00000", "2015-06-30": "24552.00000", "2015-03-31": "25266.00000", "2014-12-31": "26572.00000", "2014-09-30": "25043.00000", "2014-06-30": "25351.00000", "2014-03-31": "25535.00000", "2013-12-31": "26381.00000", "2013-09-30": "27405.00000", "2013-06-30": "27508.00000", "2013-03-31": "25914.00000", "2012-12-31": "26543.00000", "2012-09-30": "25262.00000", "2012-06-30": "25226.00000", "2012-03-31": "25053.00000", "2011-12-31": "25411.00000", "2011-09-30": "25100.00000", "2011-06-30": "25377.00000", "2011-03-31": "26790.00000", "2010-12-31": "31410.00000", "2010-09-30": "30176.00000", "2010-06-30": "29694.00000", "2010-03-31": "29762.00000", "2009-12-31": "30252.00000", "2009-09-30": "30845.00000", "2009-06-30": "30148.00000", "2009-03-31": "30142.00000", "2008-12-31": "30197.00000", "2008-09-30": "33254.00000", "2008-06-30": "33467.00000", "2008-03-31": "33375.00000", "2007-12-31": "33373.00000", "2007-09-30": "32223.00000", "2007-06-30": "32028.00000", "2007-03-31": "32045.00000", "2006-12-31": "32009.00000", "2006-09-30": "34055.00000", "2006-06-30": "33676.00000", "2006-03-31": "33517.00000", "2005-12-31": "34214.00000", "2005-09-30": "33851.00000", "2005-06-30": "33446.00000", "2005-03-31": "33196.00000"}}, "cash flow statement": {"Net Income/Loss": {"2020-12-31": "3189.00000", "2019-12-31": "2248.00000", "2018-12-31": "3229.00000", "2017-12-31": "2869.00000", "2016-12-31": "2043.00000", "2015-12-31": "1990.00000", "2014-12-31": "2069.00000", "2013-12-31": "1952.00000", "2012-12-31": "1978.00000", "2011-12-31": "2118.00000", "2010-12-31": "2053.00000", "2009-12-31": "1686.00000", "2008-12-31": "-1262.00000", "2007-12-31": "1790.00000", "2006-12-31": "1542.00000", "2005-12-31": "1400.00000"}, "Total Depreciation And Amortization - Cash Flow": {"2020-12-31": "1267.00000", "2019-12-31": "1265.00000", "2018-12-31": "800.00000", "2017-12-31": "475.00000", "2016-12-31": "456.00000", "2015-12-31": "467.00000", "2014-12-31": "462.00000", "2013-12-31": "495.00000", "2012-12-31": "510.00000", "2011-12-31": "544.00000", "2010-12-31": "555.00000", "2009-12-31": "550.00000", "2008-12-31": "3816.00000", "2007-12-31": "722.00000", "2006-12-31": "689.00000", "2005-12-31": "754.00000"}, "Other Non-Cash Items": {"2020-12-31": "1334.00000", "2019-12-31": "1418.00000", "2018-12-31": "975.00000", "2017-12-31": "543.00000", "2016-12-31": "983.00000", "2015-12-31": "568.00000", "2014-12-31": "269.00000", "2013-12-31": "229.00000", "2012-12-31": "216.00000", "2011-12-31": "300.00000", "2010-12-31": "654.00000", "2009-12-31": "-235.00000", "2008-12-31": "355.00000", "2007-12-31": "402.00000", "2006-12-31": "209.00000", "2005-12-31": "64.00000"}, "Total Non-Cash Items": {"2020-12-31": "2601.00000", "2019-12-31": "2683.00000", "2018-12-31": "1775.00000", "2017-12-31": "1018.00000", "2016-12-31": "1439.00000", "2015-12-31": "1035.00000", "2014-12-31": "731.00000", "2013-12-31": "724.00000", "2012-12-31": "726.00000", "2011-12-31": "844.00000", "2010-12-31": "1209.00000", "2009-12-31": "315.00000", "2008-12-31": "4171.00000", "2007-12-31": "1124.00000", "2006-12-31": "898.00000", "2005-12-31": "818.00000"}, "Change In Accounts Receivable": {"2020-12-31": "-285.00000", "2019-12-31": "122.00000", "2018-12-31": "202.00000", "2017-12-31": "-209.00000", "2016-12-31": "46.00000", "2015-12-31": "-30.00000", "2014-12-31": "-105.00000", "2013-12-31": "171.00000", "2012-12-31": "90.00000", "2011-12-31": "350.00000", "2010-12-31": "-471.00000", "2009-12-31": "345.00000", "2008-12-31": "-133.00000", "2007-12-31": "-6439.00000", "2006-12-31": "-2228.00000", "2005-12-31": "-5314.00000"}, "Change In Inventories": {"2020-12-31": "18.00000", "2019-12-31": "-135.00000", "2018-12-31": "-37.00000", "2017-12-31": "25.00000", "2016-12-31": "-53.00000", "2015-12-31": "-80.00000", "2014-12-31": "-24.00000", "2013-12-31": "101.00000", "2012-12-31": "46.00000", "2011-12-31": "-2.00000", "2010-12-31": "-64.00000", "2009-12-31": "-133.00000", "2008-12-31": "-2.00000", "2007-12-31": "4.00000", "2006-12-31": "-70.00000", "2005-12-31": "-234.00000"}, "Change In Accounts Payable": {"2020-12-31": "", "2019-12-31": "", "2018-12-31": "", "2017-12-31": "", "2016-12-31": "", "2015-12-31": "", "2014-12-31": "", "2013-12-31": "", "2012-12-31": "", "2011-12-31": "", "2010-12-31": "", "2009-12-31": "", "2008-12-31": "", "2007-12-31": "", "2006-12-31": "", "2005-12-31": ""}, "Change In Assets/Liabilities": {"2020-12-31": "-1665.00000", "2019-12-31": "-1116.00000", "2018-12-31": "-1436.00000", "2017-12-31": "-1460.00000", "2016-12-31": "-703.00000", "2015-12-31": "-220.00000", "2014-12-31": "-4.00000", "2013-12-31": "-332.00000", "2012-12-31": "-136.00000", "2011-12-31": "-888.00000", "2010-12-31": "-318.00000", "2009-12-31": "56.00000", "2008-12-31": "-187.00000", "2007-12-31": "6472.00000", "2006-12-31": "1479.00000", "2005-12-31": "5142.00000"}, "Total Change In Assets/Liabilities": {"2020-12-31": "-1451.00000", "2019-12-31": "-575.00000", "2018-12-31": "-1148.00000", "2017-12-31": "-1231.00000", "2016-12-31": "-544.00000", "2015-12-31": "-827.00000", "2014-12-31": "-138.00000", "2013-12-31": "-227.00000", "2012-12-31": "-52.00000", "2011-12-31": "-913.00000", "2010-12-31": "-809.00000", "2009-12-31": "200.00000", "2008-12-31": "302.00000", "2007-12-31": "-24.00000", "2006-12-31": "-684.00000", "2005-12-31": "237.00000"}, "Cash Flow From Operating Activities": {"2020-12-31": "4305.00000", "2019-12-31": "4297.00000", "2018-12-31": "3827.00000", "2017-12-31": "2613.00000", "2016-12-31": "2813.00000", "2015-12-31": "2162.00000", "2014-12-31": "2593.00000", "2013-12-31": "2483.00000", "2012-12-31": "2640.00000", "2011-12-31": "2115.00000", "2010-12-31": "2453.00000", "2009-12-31": "2133.00000", "2008-12-31": "3211.00000", "2007-12-31": "2890.00000", "2006-12-31": "1756.00000", "2005-12-31": "2627.00000"}, "Net Change In Property, Plant, And Equipment": {"2020-12-31": "-1215.00000", "2019-12-31": "-1264.00000", "2018-12-31": "-1249.00000", "2017-12-31": "-928.00000", "2016-12-31": "-920.00000", "2015-12-31": "-471.00000", "2014-12-31": "-561.00000", "2013-12-31": "-364.00000", "2012-12-31": "-331.00000", "2011-12-31": "-492.00000", "2010-12-31": "-585.00000", "2009-12-31": "-473.00000", "2008-12-31": "-681.00000", "2007-12-31": "-681.00000", "2006-12-31": "-711.00000", "2005-12-31": "-812.00000"}, "Net Change In Intangible Assets": {"2020-12-31": "", "2019-12-31": "", "2018-12-31": "", "2017-12-31": "", "2016-12-31": "", "2015-12-31": "", "2014-12-31": "", "2013-12-31": "", "2012-12-31": "", "2011-12-31": "", "2010-12-31": "", "2009-12-31": "", "2008-12-31": "", "2007-12-31": "", "2006-12-31": "", "2005-12-31": ""}, "Net Acquisitions/Divestitures": {"2020-12-31": "", "2019-12-31": "", "2018-12-31": "-7657.00000", "2017-12-31": "", "2016-12-31": "", "2015-12-31": "", "2014-12-31": "", "2013-12-31": "", "2012-12-31": "", "2011-12-31": "", "2010-12-31": "", "2009-12-31": "1650.00000", "2008-12-31": "83.00000", "2007-12-31": "-690.00000", "2006-12-31": "43.00000", "2005-12-31": "-304.00000"}, "Net Change In Short-term Investments": {"2020-12-31": "", "2019-12-31": "", "2018-12-31": "", "2017-12-31": "", "2016-12-31": "", "2015-12-31": "", "2014-12-31": "", "2013-12-31": "", "2012-12-31": "250.00000", "2011-12-31": "-250.00000", "2010-12-31": "-2.00000", "2009-12-31": "", "2008-12-31": "", "2007-12-31": "", "2006-12-31": "", "2005-12-31": ""}, "Net Change In Long-Term Investments": {"2020-12-31": "", "2019-12-31": "", "2018-12-31": "", "2017-12-31": "", "2016-12-31": "", "2015-12-31": "", "2014-12-31": "", "2013-12-31": "", "2012-12-31": "", "2011-12-31": "", "2010-12-31": "", "2009-12-31": "", "2008-12-31": "", "2007-12-31": "", "2006-12-31": "174.00000", "2005-12-31": "238.00000"}, "Net Change In Investments - Total": {"2020-12-31": "", "2019-12-31": "", "2018-12-31": "", "2017-12-31": "", "2016-12-31": "", "2015-12-31": "", "2014-12-31": "", "2013-12-31": "", "2012-12-31": "250.00000", "2011-12-31": "-250.00000", "2010-12-31": "-2.00000", "2009-12-31": "", "2008-12-31": "", "2007-12-31": "", "2006-12-31": "174.00000", "2005-12-31": "238.00000"}, "Investing Activities - Other": {"2020-12-31": "4.00000", "2019-12-31": "57.00000", "2018-12-31": "28.00000", "2017-12-31": "39.00000", "2016-12-31": "115.00000", "2015-12-31": "40.00000", "2014-12-31": "-84.00000", "2013-12-31": "18.00000", "2012-12-31": "-3.00000", "2011-12-31": "1422.00000", "2010-12-31": "-173.00000", "2009-12-31": "-311.00000", "2008-12-31": "-28.00000", "2007-12-31": "-59.00000", "2006-12-31": "-107.00000", "2005-12-31": "23.00000"}, "Cash Flow From Investing Activities": {"2020-12-31": "-1211.00000", "2019-12-31": "-1207.00000", "2018-12-31": "-8878.00000", "2017-12-31": "-889.00000", "2016-12-31": "-805.00000", "2015-12-31": "-431.00000", "2014-12-31": "-645.00000", "2013-12-31": "-346.00000", "2012-12-31": "-84.00000", "2011-12-31": "680.00000", "2010-12-31": "-760.00000", "2009-12-31": "866.00000", "2008-12-31": "-626.00000", "2007-12-31": "-1430.00000", "2006-12-31": "-601.00000", "2005-12-31": "-855.00000"}, "Net Long-Term Debt": {"2020-12-31": "1212.00000", "2019-12-31": "-500.00000", "2018-12-31": "-2276.00000", "2017-12-31": "8245.00000", "2016-12-31": "563.00000", "2015-12-31": "600.00000", "2014-12-31": "", "2013-12-31": "1964.00000", "2012-12-31": "", "2011-12-31": "-768.00000", "2010-12-31": "473.00000", "2009-12-31": "369.00000", "2008-12-31": "-113.00000", "2007-12-31": "-90.00000", "2006-12-31": "-1012.00000", "2005-12-31": "-32.00000"}, "Net Current Debt": {"2020-12-31": "-78.00000", "2019-12-31": "-229.00000", "2018-12-31": "-122.00000", "2017-12-31": "-13.00000", "2016-12-31": "", "2015-12-31": "", "2014-12-31": "", "2013-12-31": "", "2012-12-31": "", "2011-12-31": "", "2010-12-31": "", "2009-12-31": "", "2008-12-31": "-2.00000", "2007-12-31": "-69.00000", "2006-12-31": "44.00000", "2005-12-31": "41.00000"}, "Debt Issuance/Retirement Net - Total": {"2020-12-31": "1134.00000", "2019-12-31": "-729.00000", "2018-12-31": "-2398.00000", "2017-12-31": "8232.00000", "2016-12-31": "563.00000", "2015-12-31": "600.00000", "2014-12-31": "", "2013-12-31": "1964.00000", "2012-12-31": "", "2011-12-31": "-768.00000", "2010-12-31": "473.00000", "2009-12-31": "369.00000", "2008-12-31": "-115.00000", "2007-12-31": "-159.00000", "2006-12-31": "-968.00000", "2005-12-31": "9.00000"}, "Net Common Equity Issued/Repurchased": {"2020-12-31": "-490.00000", "2019-12-31": "-744.00000", "2018-12-31": "-1263.00000", "2017-12-31": "-393.00000", "2016-12-31": "-1547.00000", "2015-12-31": "-3182.00000", "2014-12-31": "-2668.00000", "2013-12-31": "-2371.00000", "2012-12-31": "-1316.00000", "2011-12-31": "-2194.00000", "2010-12-31": "-1035.00000", "2009-12-31": "-1049.00000", "2008-12-31": "-1452.00000", "2007-12-31": "-901.00000", "2006-12-31": "-432.00000", "2005-12-31": "-1047.00000"}, "Net Total Equity Issued/Repurchased": {"2020-12-31": "-490.00000", "2019-12-31": "-744.00000", "2018-12-31": "-1263.00000", "2017-12-31": "-393.00000", "2016-12-31": "-1547.00000", "2015-12-31": "-3182.00000", "2014-12-31": "-2668.00000", "2013-12-31": "-2371.00000", "2012-12-31": "-1316.00000", "2011-12-31": "-2194.00000", "2010-12-31": "-1035.00000", "2009-12-31": "-1049.00000", "2008-12-31": "-1452.00000", "2007-12-31": "-901.00000", "2006-12-31": "-432.00000", "2005-12-31": "-1047.00000"}, "Total Common And Preferred Stock Dividends Paid": {"2020-12-31": "-953.00000", "2019-12-31": "-880.00000", "2018-12-31": "-821.00000", "2017-12-31": "-689.00000", "2016-12-31": "-640.00000", "2015-12-31": "-603.00000", "2014-12-31": "-563.00000", "2013-12-31": "-545.00000", "2012-12-31": "-535.00000", "2011-12-31": "-543.00000", "2010-12-31": "-545.00000", "2009-12-31": "-539.00000", "2008-12-31": "-525.00000", "2007-12-31": "-504.00000", "2006-12-31": "-402.00000", "2005-12-31": "-359.00000"}, "Financial Activities - Other": {"2020-12-31": "-123.00000", "2019-12-31": "-71.00000", "2018-12-31": "-113.00000", "2017-12-31": "-190.00000", "2016-12-31": "-162.00000", "2015-12-31": "-90.00000", "2014-12-31": "-4.00000", "2013-12-31": "103.00000", "2012-12-31": "155.00000", "2011-12-31": "11.00000", "2010-12-31": "-159.00000", "2009-12-31": "-10.00000", "2008-12-31": "48.00000", "2007-12-31": "52.00000", "2006-12-31": "57.00000", "2005-12-31": ""}, "Cash Flow From Financial Activities": {"2020-12-31": "-432.00000", "2019-12-31": "-2424.00000", "2018-12-31": "-4595.00000", "2017-12-31": "6960.00000", "2016-12-31": "-1786.00000", "2015-12-31": "-3275.00000", "2014-12-31": "-3235.00000", "2013-12-31": "-849.00000", "2012-12-31": "-1696.00000", "2011-12-31": "-3494.00000", "2010-12-31": "-1266.00000", "2009-12-31": "-1229.00000", "2008-12-31": "-2044.00000", "2007-12-31": "-1512.00000", "2006-12-31": "-1745.00000", "2005-12-31": "-1397.00000"}, "Net Cash Flow": {"2020-12-31": "2662.00000", "2019-12-31": "666.00000", "2018-12-31": "-9646.00000", "2017-12-31": "8684.00000", "2016-12-31": "222.00000", "2015-12-31": "-1544.00000", "2014-12-31": "-1287.00000", "2013-12-31": "1288.00000", "2012-12-31": "860.00000", "2011-12-31": "-699.00000", "2010-12-31": "427.00000", "2009-12-31": "1770.00000", "2008-12-31": "541.00000", "2007-12-31": "-52.00000", "2006-12-31": "-590.00000", "2005-12-31": "375.00000"}, "Stock-Based Compensation": {"2020-12-31": "90.00000", "2019-12-31": "127.00000", "2018-12-31": "86.00000", "2017-12-31": "94.00000", "2016-12-31": "93.00000", "2015-12-31": "99.00000", "2014-12-31": "134.00000", "2013-12-31": "144.00000", "2012-12-31": "183.00000", "2011-12-31": "140.00000", "2010-12-31": "136.00000", "2009-12-31": "105.00000", "2008-12-31": "118.00000", "2007-12-31": "196.00000", "2006-12-31": "184.00000", "2005-12-31": "172.00000"}, "Common Stock Dividends Paid": {"2020-12-31": "-953.00000", "2019-12-31": "-880.00000", "2018-12-31": "-821.00000", "2017-12-31": "-689.00000", "2016-12-31": "-640.00000", "2015-12-31": "-603.00000", "2014-12-31": "-563.00000", "2013-12-31": "-545.00000", "2012-12-31": "-535.00000", "2011-12-31": "-543.00000", "2010-12-31": "-545.00000", "2009-12-31": "-539.00000", "2008-12-31": "-525.00000", "2007-12-31": "-504.00000", "2006-12-31": "-402.00000", "2005-12-31": "-359.00000"}}, "cash flow statement, quarterly": {"Net Income/Loss": {"2020-12-31": 330, "2020-09-30": 986, "2020-06-30": 1005, "2020-03-31": "868.00000", "2019-12-31": -409, "2019-09-30": 933, "2019-06-30": 861, "2019-03-31": "863.00000", "2018-12-31": 356, "2018-09-30": 1244, "2018-06-30": 789, "2018-03-31": "840.00000", "2017-12-31": 1021, "2017-09-30": 643, "2017-06-30": 555, "2017-03-31": "650.00000", "2016-12-31": 368, "2016-09-30": 602, "2016-06-30": 517, "2016-03-31": "556.00000", "2015-12-31": 459, "2015-09-30": 516, "2015-06-30": 531, "2015-03-31": "484.00000", "2014-12-31": 506, "2014-09-30": 473, "2014-06-30": 511, "2014-03-31": "579.00000", "2013-12-31": 478, "2013-09-30": 497, "2013-06-30": 488, "2013-03-31": "489.00000", "2012-12-31": 533, "2012-09-30": 459, "2012-06-30": 480, "2012-03-31": "506.00000", "2011-12-31": 548, "2011-09-30": 520, "2011-06-30": 520, "2011-03-31": "530.00000", "2010-12-31": 376, "2010-09-30": 497, "2010-06-30": 711, "2010-03-31": "469.00000", "2009-12-31": 413, "2009-09-30": 490, "2009-06-30": 394, "2009-03-31": "389.00000", "2008-12-31": -2533, "2008-09-30": 512, "2008-06-30": 495, "2008-03-31": "264.00000", "2007-12-31": 454, "2007-09-30": 489, "2007-06-30": 460, "2007-03-31": "387.00000", "2006-12-31": 453, "2006-09-30": 302, "2006-06-30": 429, "2006-03-31": "358.00000", "2005-12-31": 342, "2005-09-30": 291, "2005-06-30": 369, "2005-03-31": "398.00000"}, "Total Depreciation And Amortization - Cash Flow": {"2020-12-31": 345, "2020-09-30": 317, "2020-06-30": 308, "2020-03-31": "297.00000", "2019-12-31": 341, "2019-09-30": 318, "2019-06-30": 304, "2019-03-31": "302.00000", "2018-12-31": 266, "2018-09-30": 253, "2018-06-30": 159, "2018-03-31": "122.00000", "2017-12-31": 152, "2017-09-30": 110, "2017-06-30": 109, "2017-03-31": "104.00000", "2016-12-31": 134, "2016-09-30": 113, "2016-06-30": 106, "2016-03-31": "103.00000", "2015-12-31": 138, "2015-09-30": 113, "2015-06-30": 117, "2015-03-31": "99.00000", "2014-12-31": 140, "2014-09-30": 105, "2014-06-30": 108, "2014-03-31": "109.00000", "2013-12-31": 150, "2013-09-30": 120, "2013-06-30": 115, "2013-03-31": "110.00000", "2012-12-31": 139, "2012-09-30": 128, "2012-06-30": 123, "2012-03-31": "120.00000", "2011-12-31": 157, "2011-09-30": 132, "2011-06-30": 134, "2011-03-31": "121.00000", "2010-12-31": 160, "2010-09-30": 136, "2010-06-30": 130, "2010-03-31": "129.00000", "2009-12-31": 13, "2009-09-30": 184, "2009-06-30": 179, "2009-03-31": "174.00000", "2008-12-31": 3252, "2008-09-30": 179, "2008-06-30": 187, "2008-03-31": "198.00000", "2007-12-31": 208, "2007-09-30": 175, "2007-06-30": 173, "2007-03-31": "166.00000", "2006-12-31": 181, "2006-09-30": 165, "2006-06-30": 170, "2006-03-31": "173.00000", "2005-12-31": 211, "2005-09-30": 188, "2005-06-30": 182, "2005-03-31": "173.00000"}, "Other Non-Cash Items": {"2020-12-31": 904, "2020-09-30": 225, "2020-06-30": 31, "2020-03-31": "174.00000", "2019-12-31": 1301, "2019-09-30": 14, "2019-06-30": 44, "2019-03-31": "59.00000", "2018-12-31": 618, "2018-09-30": 255, "2018-06-30": 105, "2018-03-31": "-3.00000", "2017-12-31": 391, "2017-09-30": 149, "2017-06-30": -5, "2017-03-31": "8.00000", "2016-12-31": 935, "2016-09-30": 100, "2016-06-30": -31, "2016-03-31": "-21.00000", "2015-12-31": 444, "2015-09-30": 44, "2015-06-30": -43, "2015-03-31": "123.00000", "2014-12-31": 175, "2014-09-30": 96, "2014-06-30": 4, "2014-03-31": "-6.00000", "2013-12-31": 59, "2013-09-30": 93, "2013-06-30": 39, "2013-03-31": "38.00000", "2012-12-31": 99, "2012-09-30": 91, "2012-06-30": 27, "2012-03-31": "-1.00000", "2011-12-31": 288, "2011-09-30": 154, "2011-06-30": 81, "2011-03-31": "-223.00000", "2010-12-31": 407, "2010-09-30": 208, "2010-06-30": 158, "2010-03-31": "-119.00000", "2009-12-31": -517, "2009-09-30": 79, "2009-06-30": 96, "2009-03-31": "107.00000", "2008-12-31": 137, "2008-09-30": 73, "2008-06-30": 91, "2008-03-31": "54.00000", "2007-12-31": 316, "2007-09-30": 41, "2007-06-30": 41, "2007-03-31": "4.00000", "2006-12-31": 161, "2006-09-30": 120, "2006-06-30": 7, "2006-03-31": "-79.00000", "2005-12-31": -155, "2005-09-30": 100, "2005-06-30": 158, "2005-03-31": "-39.00000"}, "Total Non-Cash Items": {"2020-12-31": 1249, "2020-09-30": 542, "2020-06-30": 339, "2020-03-31": "471.00000", "2019-12-31": 1642, "2019-09-30": 332, "2019-06-30": 348, "2019-03-31": "361.00000", "2018-12-31": 884, "2018-09-30": 508, "2018-06-30": 264, "2018-03-31": "119.00000", "2017-12-31": 543, "2017-09-30": 259, "2017-06-30": 104, "2017-03-31": "112.00000", "2016-12-31": 1069, "2016-09-30": 213, "2016-06-30": 75, "2016-03-31": "82.00000", "2015-12-31": 582, "2015-09-30": 157, "2015-06-30": 74, "2015-03-31": "222.00000", "2014-12-31": 315, "2014-09-30": 201, "2014-06-30": 112, "2014-03-31": "103.00000", "2013-12-31": 209, "2013-09-30": 213, "2013-06-30": 154, "2013-03-31": "148.00000", "2012-12-31": 238, "2012-09-30": 219, "2012-06-30": 150, "2012-03-31": "119.00000", "2011-12-31": 445, "2011-09-30": 286, "2011-06-30": 215, "2011-03-31": "-102.00000", "2010-12-31": 567, "2010-09-30": 344, "2010-06-30": 288, "2010-03-31": "10.00000", "2009-12-31": -504, "2009-09-30": 263, "2009-06-30": 275, "2009-03-31": "281.00000", "2008-12-31": 3389, "2008-09-30": 252, "2008-06-30": 278, "2008-03-31": "252.00000", "2007-12-31": 524, "2007-09-30": 216, "2007-06-30": 214, "2007-03-31": "170.00000", "2006-12-31": 342, "2006-09-30": 285, "2006-06-30": 177, "2006-03-31": "94.00000", "2005-12-31": 56, "2005-09-30": 288, "2005-06-30": 340, "2005-03-31": "134.00000"}, "Change In Accounts Receivable": {"2020-12-31": 347, "2020-09-30": 31, "2020-06-30": 147, "2020-03-31": "-810.00000", "2019-12-31": 785, "2019-09-30": -279, "2019-06-30": 334, "2019-03-31": "-718.00000", "2018-12-31": 254, "2018-09-30": 93, "2018-06-30": 42, "2018-03-31": "-187.00000", "2017-12-31": 159, "2017-09-30": 141, "2017-06-30": -192, "2017-03-31": "-317.00000", "2016-12-31": 876, "2016-09-30": -183, "2016-06-30": -133, "2016-03-31": "-514.00000", "2015-12-31": 433, "2015-09-30": -119, "2015-06-30": -19, "2015-03-31": "-325.00000", "2014-12-31": 426, "2014-09-30": 46, "2014-06-30": -46, "2014-03-31": "-531.00000", "2013-12-31": 318, "2013-09-30": 121, "2013-06-30": -73, "2013-03-31": "-195.00000", "2012-12-31": 117, "2012-09-30": 148, "2012-06-30": 92, "2012-03-31": "-267.00000", "2011-12-31": 370, "2011-09-30": 144, "2011-06-30": 81, "2011-03-31": "-245.00000", "2010-12-31": 87, "2010-09-30": 31, "2010-06-30": 124, "2010-03-31": "-713.00000", "2009-12-31": 409, "2009-09-30": 283, "2009-06-30": 1401, "2009-03-31": "-1748.00000", "2008-12-31": 4712, "2008-09-30": -1154, "2008-06-30": -1611, "2008-03-31": "-2080.00000", "2007-12-31": -1946, "2007-09-30": -1544, "2007-06-30": -1513, "2007-03-31": "-1436.00000", "2006-12-31": 1696, "2006-09-30": -1213, "2006-06-30": -1212, "2006-03-31": "-1499.00000", "2005-12-31": -1150, "2005-09-30": -1079, "2005-06-30": -1984, "2005-03-31": "-1101.00000"}, "Change In Inventories": {"2020-12-31": 88, "2020-09-30": -21, "2020-06-30": -47, "2020-03-31": "-2.00000", "2019-12-31": 21, "2019-09-30": 0, "2019-06-30": -32, "2019-03-31": "-124.00000", "2018-12-31": 65, "2018-09-30": -29, "2018-06-30": -36, "2018-03-31": "-37.00000", "2017-12-31": 45, "2017-09-30": 34, "2017-06-30": -27, "2017-03-31": "-27.00000", "2016-12-31": -67, "2016-09-30": 184, "2016-06-30": -81, "2016-03-31": "-89.00000", "2015-12-31": 50, "2015-09-30": -13, "2015-06-30": -41, "2015-03-31": "-76.00000", "2014-12-31": -67, "2014-09-30": 76, "2014-06-30": 33, "2014-03-31": "-66.00000", "2013-12-31": 91, "2013-09-30": -52, "2013-06-30": 187, "2013-03-31": "-125.00000", "2012-12-31": -178, "2012-09-30": 81, "2012-06-30": 83, "2012-03-31": "60.00000", "2011-12-31": -24, "2011-09-30": 16, "2011-06-30": -24, "2011-03-31": "30.00000", "2010-12-31": -18, "2010-09-30": -23, "2010-06-30": 64, "2010-03-31": "-87.00000", "2009-12-31": 106, "2009-09-30": -143, "2009-06-30": 259, "2009-03-31": "-355.00000", "2008-12-31": 529, "2008-09-30": -227, "2008-06-30": -38, "2008-03-31": "-266.00000", "2007-12-31": 94, "2007-09-30": 7, "2007-06-30": -8, "2007-03-31": "-89.00000", "2006-12-31": 88, "2006-09-30": -34, "2006-06-30": 45, "2006-03-31": "-169.00000", "2005-12-31": 34, "2005-09-30": -172, "2005-06-30": 20, "2005-03-31": "-116.00000"}, "Change In Accounts Payable": {"2020-12-31": 0, "2020-09-30": 0, "2020-06-30": 0, "2020-03-31": "", "2019-12-31": 0, "2019-09-30": 0, "2019-06-30": 0, "2019-03-31": "", "2018-12-31": 0, "2018-09-30": 0, "2018-06-30": 0, "2018-03-31": "", "2017-12-31": 0, "2017-09-30": 0, "2017-06-30": 0, "2017-03-31": "", "2016-12-31": 0, "2016-09-30": 0, "2016-06-30": 0, "2016-03-31": "", "2015-12-31": 0, "2015-09-30": 0, "2015-06-30": 0, "2015-03-31": "", "2014-12-31": 0, "2014-09-30": 0, "2014-06-30": 0, "2014-03-31": "", "2013-12-31": 0, "2013-09-30": 0, "2013-06-30": 0, "2013-03-31": "", "2012-12-31": 0, "2012-09-30": 0, "2012-06-30": 0, "2012-03-31": "", "2011-12-31": 0, "2011-09-30": 0, "2011-06-30": 0, "2011-03-31": "", "2010-12-31": 0, "2010-09-30": 0, "2010-06-30": 0, "2010-03-31": "", "2009-12-31": 0, "2009-09-30": 0, "2009-06-30": 0, "2009-03-31": "", "2008-12-31": 0, "2008-09-30": 0, "2008-06-30": 0, "2008-03-31": "", "2007-12-31": 0, "2007-09-30": 0, "2007-06-30": 0, "2007-03-31": "", "2006-12-31": 0, "2006-09-30": 0, "2006-06-30": 0, "2006-03-31": "", "2005-12-31": 0, "2005-09-30": 0, "2005-06-30": 0, "2005-03-31": ""}, "Change In Assets/Liabilities": {"2020-12-31": -453, "2020-09-30": -597, "2020-06-30": 150, "2020-03-31": "-765.00000", "2019-12-31": 165, "2019-09-30": -290, "2019-06-30": -67, "2019-03-31": "-924.00000", "2018-12-31": 418, "2018-09-30": -947, "2018-06-30": -326, "2018-03-31": "-581.00000", "2017-12-31": -551, "2017-09-30": -247, "2017-06-30": -30, "2017-03-31": "-632.00000", "2016-12-31": -877, "2016-09-30": -42, "2016-06-30": 115, "2016-03-31": "101.00000", "2015-12-31": 71, "2015-09-30": 39, "2015-06-30": 94, "2015-03-31": "-424.00000", "2014-12-31": 21, "2014-09-30": -10, "2014-06-30": -23, "2014-03-31": "8.00000", "2013-12-31": 52, "2013-09-30": 7, "2013-06-30": -453, "2013-03-31": "62.00000", "2012-12-31": 53, "2012-09-30": -231, "2012-06-30": 84, "2012-03-31": "-42.00000", "2011-12-31": -483, "2011-09-30": 30, "2011-06-30": -466, "2011-03-31": "31.00000", "2010-12-31": -255, "2010-09-30": 77, "2010-06-30": -222, "2010-03-31": "82.00000", "2009-12-31": 303, "2009-09-30": -344, "2009-06-30": -1298, "2009-03-31": "1395.00000", "2008-12-31": -5241, "2008-09-30": 1678, "2008-06-30": 1718, "2008-03-31": "1658.00000", "2007-12-31": 1699, "2007-09-30": 1645, "2007-06-30": 1673, "2007-03-31": "1455.00000", "2006-12-31": -2395, "2006-09-30": 1438, "2006-06-30": 1239, "2006-03-31": "1197.00000", "2005-12-31": 962, "2005-09-30": 1217, "2005-06-30": 1910, "2005-03-31": "1053.00000"}, "Total Change In Assets/Liabilities": {"2020-12-31": 69, "2020-09-30": -149, "2020-06-30": 1029, "2020-03-31": "-2400.00000", "2019-12-31": 1239, "2019-09-30": -110, "2019-06-30": 402, "2019-03-31": "-2106.00000", "2018-12-31": 1099, "2018-09-30": -886, "2018-06-30": -163, "2018-03-31": "-1198.00000", "2017-12-31": 44, "2017-09-30": 32, "2017-06-30": -126, "2017-03-31": "-1181.00000", "2016-12-31": 172, "2016-09-30": -53, "2016-06-30": 29, "2016-03-31": "-692.00000", "2015-12-31": 612, "2015-09-30": -92, "2015-06-30": 1, "2015-03-31": "-1348.00000", "2014-12-31": 688, "2014-09-30": 284, "2014-06-30": -45, "2014-03-31": "-1065.00000", "2013-12-31": 498, "2013-09-30": 242, "2013-06-30": -358, "2013-03-31": "-609.00000", "2012-12-31": 278, "2012-09-30": 135, "2012-06-30": 250, "2012-03-31": "-715.00000", "2011-12-31": 334, "2011-09-30": 94, "2011-06-30": -819, "2011-03-31": "-522.00000", "2010-12-31": 396, "2010-09-30": 164, "2010-06-30": -359, "2010-03-31": "-1010.00000", "2009-12-31": 1090, "2009-09-30": -209, "2009-06-30": 161, "2009-03-31": "-842.00000", "2008-12-31": 181, "2008-09-30": 609, "2008-06-30": -166, "2008-03-31": "-322.00000", "2007-12-31": -244, "2007-09-30": 310, "2007-06-30": 67, "2007-03-31": "-157.00000", "2006-12-31": -369, "2006-09-30": 327, "2006-06-30": -24, "2006-03-31": "-618.00000", "2005-12-31": 194, "2005-09-30": 271, "2005-06-30": 61, "2005-03-31": "-289.00000"}, "Cash Flow From Operating Activities": {"2020-12-31": 1602, "2020-09-30": 1359, "2020-06-30": 2337, "2020-03-31": "-993.00000", "2019-12-31": 2464, "2019-09-30": 1139, "2019-06-30": 1607, "2019-03-31": "-913.00000", "2018-12-31": 2377, "2018-09-30": 812, "2018-06-30": 875, "2018-03-31": "-237.00000", "2017-12-31": 1607, "2017-09-30": 938, "2017-06-30": 507, "2017-03-31": "-439.00000", "2016-12-31": 1531, "2016-09-30": 738, "2016-06-30": 604, "2016-03-31": "-60.00000", "2015-12-31": 1633, "2015-09-30": 557, "2015-06-30": 626, "2015-03-31": "-654.00000", "2014-12-31": 1490, "2014-09-30": 933, "2014-06-30": 572, "2014-03-31": "-402.00000", "2013-12-31": 1204, "2013-09-30": 950, "2013-06-30": 328, "2013-03-31": "1.00000", "2012-12-31": 1057, "2012-09-30": 812, "2012-06-30": 876, "2012-03-31": "-105.00000", "2011-12-31": 1321, "2011-09-30": 948, "2011-06-30": -34, "2011-03-31": "-120.00000", "2010-12-31": 1387, "2010-09-30": 978, "2010-06-30": 619, "2010-03-31": "-531.00000", "2009-12-31": 931, "2009-09-30": 544, "2009-06-30": 830, "2009-03-31": "-172.00000", "2008-12-31": 1037, "2008-09-30": 1373, "2008-06-30": 607, "2008-03-31": "194.00000", "2007-12-31": 734, "2007-09-30": 1015, "2007-06-30": 741, "2007-03-31": "400.00000", "2006-12-31": 271, "2006-09-30": 962, "2006-06-30": 638, "2006-03-31": "-115.00000", "2005-12-31": 660, "2005-09-30": 891, "2005-06-30": 813, "2005-03-31": "263.00000"}, "Net Change In Property, Plant, And Equipment": {"2020-12-31": -387, "2020-09-30": -287, "2020-06-30": -269, "2020-03-31": "-272.00000", "2019-12-31": -471, "2019-09-30": -257, "2019-06-30": -252, "2019-03-31": "-284.00000", "2018-12-31": -463, "2018-09-30": -282, "2018-06-30": -199, "2018-03-31": "-305.00000", "2017-12-31": -278, "2017-09-30": -217, "2017-06-30": -217, "2017-03-31": "-216.00000", "2016-12-31": -312, "2016-09-30": -137, "2016-06-30": -173, "2016-03-31": "-298.00000", "2015-12-31": -137, "2015-09-30": -102, "2015-06-30": -115, "2015-03-31": "-117.00000", "2014-12-31": -276, "2014-09-30": -109, "2014-06-30": -116, "2014-03-31": "-60.00000", "2013-12-31": -186, "2013-09-30": -90, "2013-06-30": -48, "2013-03-31": "-40.00000", "2012-12-31": -135, "2012-09-30": -64, "2012-06-30": -51, "2012-03-31": "-81.00000", "2011-12-31": -166, "2011-09-30": -109, "2011-06-30": -94, "2011-03-31": "-123.00000", "2010-12-31": -284, "2010-09-30": -123, "2010-06-30": -75, "2010-03-31": "-103.00000", "2009-12-31": -37, "2009-09-30": -139, "2009-06-30": -135, "2009-03-31": "-162.00000", "2008-12-31": -237, "2008-09-30": -167, "2008-06-30": -134, "2008-03-31": "-143.00000", "2007-12-31": -266, "2007-09-30": -127, "2007-06-30": -130, "2007-03-31": "-158.00000", "2006-12-31": -228, "2006-09-30": -169, "2006-06-30": -147, "2006-03-31": "-167.00000", "2005-12-31": -301, "2005-09-30": -170, "2005-06-30": -148, "2005-03-31": "-193.00000"}, "Net Change In Intangible Assets": {"2020-12-31": 0, "2020-09-30": 0, "2020-06-30": 0, "2020-03-31": "", "2019-12-31": 0, "2019-09-30": 0, "2019-06-30": 0, "2019-03-31": "", "2018-12-31": 0, "2018-09-30": 0, "2018-06-30": 0, "2018-03-31": "", "2017-12-31": 0, "2017-09-30": 0, "2017-06-30": 0, "2017-03-31": "", "2016-12-31": 0, "2016-09-30": 0, "2016-06-30": 0, "2016-03-31": "", "2015-12-31": 0, "2015-09-30": 0, "2015-06-30": 0, "2015-03-31": "", "2014-12-31": 0, "2014-09-30": 0, "2014-06-30": 0, "2014-03-31": "", "2013-12-31": 0, "2013-09-30": 0, "2013-06-30": 0, "2013-03-31": "", "2012-12-31": 0, "2012-09-30": 0, "2012-06-30": 0, "2012-03-31": "", "2011-12-31": 0, "2011-09-30": 0, "2011-06-30": 0, "2011-03-31": "", "2010-12-31": 0, "2010-09-30": 0, "2010-06-30": 0, "2010-03-31": "", "2009-12-31": 0, "2009-09-30": 0, "2009-06-30": 0, "2009-03-31": "", "2008-12-31": 0, "2008-09-30": 0, "2008-06-30": 0, "2008-03-31": "", "2007-12-31": 0, "2007-09-30": 0, "2007-06-30": 0, "2007-03-31": "", "2006-12-31": 0, "2006-09-30": 0, "2006-06-30": 0, "2006-03-31": "", "2005-12-31": 0, "2005-09-30": 0, "2005-06-30": 0, "2005-03-31": ""}, "Net Acquisitions/Divestitures": {"2020-12-31": 0, "2020-09-30": 0, "2020-06-30": 0, "2020-03-31": "", "2019-12-31": 0, "2019-09-30": 0, "2019-06-30": 0, "2019-03-31": "", "2018-12-31": 0, "2018-09-30": 0, "2018-06-30": -7657, "2018-03-31": "", "2017-12-31": 0, "2017-09-30": 0, "2017-06-30": 0, "2017-03-31": "", "2016-12-31": 0, "2016-09-30": 0, "2016-06-30": 0, "2016-03-31": "", "2015-12-31": 0, "2015-09-30": 0, "2015-06-30": 0, "2015-03-31": "", "2014-12-31": 0, "2014-09-30": 0, "2014-06-30": 0, "2014-03-31": "", "2013-12-31": 0, "2013-09-30": 0, "2013-06-30": 0, "2013-03-31": "", "2012-12-31": 0, "2012-09-30": 0, "2012-06-30": 0, "2012-03-31": "", "2011-12-31": 0, "2011-09-30": 0, "2011-06-30": 0, "2011-03-31": "", "2010-12-31": 0, "2010-09-30": -13, "2010-06-30": 13, "2010-03-31": "", "2009-12-31": 1683, "2009-09-30": 0, "2009-06-30": -33, "2009-03-31": "", "2008-12-31": -92, "2008-09-30": 0, "2008-06-30": 175, "2008-03-31": "", "2007-12-31": -5, "2007-09-30": -101, "2007-06-30": -6, "2007-03-31": "-578.00000", "2006-12-31": 0, "2006-09-30": 0, "2006-06-30": 17, "2006-03-31": "26.00000", "2005-12-31": -8, "2005-09-30": -39, "2005-06-30": 0, "2005-03-31": "-257.00000"}, "Net Change In Short-term Investments": {"2020-12-31": 0, "2020-09-30": 0, "2020-06-30": 0, "2020-03-31": "", "2019-12-31": 0, "2019-09-30": 0, "2019-06-30": 0, "2019-03-31": "", "2018-12-31": 0, "2018-09-30": 0, "2018-06-30": 0, "2018-03-31": "", "2017-12-31": 0, "2017-09-30": 0, "2017-06-30": 0, "2017-03-31": "", "2016-12-31": 0, "2016-09-30": 0, "2016-06-30": 0, "2016-03-31": "", "2015-12-31": 0, "2015-09-30": 0, "2015-06-30": 0, "2015-03-31": "", "2014-12-31": 0, "2014-09-30": 0, "2014-06-30": 0, "2014-03-31": "", "2013-12-31": 0, "2013-09-30": 0, "2013-06-30": 0, "2013-03-31": "", "2012-12-31": 0, "2012-09-30": 0, "2012-06-30": 0, "2012-03-31": "250.00000", "2011-12-31": -250, "2011-09-30": 0, "2011-06-30": 0, "2011-03-31": "", "2010-12-31": -2, "2010-09-30": 0, "2010-06-30": 0, "2010-03-31": "", "2009-12-31": 0, "2009-09-30": 0, "2009-06-30": 0, "2009-03-31": "", "2008-12-31": 0, "2008-09-30": 0, "2008-06-30": 0, "2008-03-31": "", "2007-12-31": 0, "2007-09-30": 0, "2007-06-30": 0, "2007-03-31": "", "2006-12-31": 0, "2006-09-30": 0, "2006-06-30": 0, "2006-03-31": "", "2005-12-31": 0, "2005-09-30": 0, "2005-06-30": 0, "2005-03-31": ""}, "Net Change In Long-Term Investments": {"2020-12-31": 0, "2020-09-30": 0, "2020-06-30": 0, "2020-03-31": "", "2019-12-31": 0, "2019-09-30": 0, "2019-06-30": 0, "2019-03-31": "", "2018-12-31": 0, "2018-09-30": 0, "2018-06-30": 0, "2018-03-31": "", "2017-12-31": 0, "2017-09-30": 0, "2017-06-30": 0, "2017-03-31": "", "2016-12-31": 0, "2016-09-30": 0, "2016-06-30": 0, "2016-03-31": "", "2015-12-31": 0, "2015-09-30": 0, "2015-06-30": 0, "2015-03-31": "", "2014-12-31": 0, "2014-09-30": 0, "2014-06-30": 0, "2014-03-31": "", "2013-12-31": 0, "2013-09-30": 0, "2013-06-30": 0, "2013-03-31": "", "2012-12-31": 0, "2012-09-30": 0, "2012-06-30": 0, "2012-03-31": "", "2011-12-31": 0, "2011-09-30": 0, "2011-06-30": 0, "2011-03-31": "", "2010-12-31": 0, "2010-09-30": 0, "2010-06-30": 0, "2010-03-31": "", "2009-12-31": 0, "2009-09-30": 0, "2009-06-30": 0, "2009-03-31": "", "2008-12-31": 0, "2008-09-30": 0, "2008-06-30": 0, "2008-03-31": "", "2007-12-31": 0, "2007-09-30": 0, "2007-06-30": 0, "2007-03-31": "", "2006-12-31": 209, "2006-09-30": 0, "2006-06-30": 0, "2006-03-31": "-35.00000", "2005-12-31": 14, "2005-09-30": 81, "2005-06-30": 0, "2005-03-31": "143.00000"}, "Net Change In Investments - Total": {"2020-12-31": 0, "2020-09-30": 0, "2020-06-30": 0, "2020-03-31": "", "2019-12-31": 0, "2019-09-30": 0, "2019-06-30": 0, "2019-03-31": "", "2018-12-31": 0, "2018-09-30": 0, "2018-06-30": 0, "2018-03-31": "", "2017-12-31": 0, "2017-09-30": 0, "2017-06-30": 0, "2017-03-31": "", "2016-12-31": 0, "2016-09-30": 0, "2016-06-30": 0, "2016-03-31": "", "2015-12-31": 0, "2015-09-30": 0, "2015-06-30": 0, "2015-03-31": "", "2014-12-31": 0, "2014-09-30": 0, "2014-06-30": 0, "2014-03-31": "", "2013-12-31": 0, "2013-09-30": 0, "2013-06-30": 0, "2013-03-31": "", "2012-12-31": 0, "2012-09-30": 0, "2012-06-30": 0, "2012-03-31": "250.00000", "2011-12-31": -250, "2011-09-30": 0, "2011-06-30": 0, "2011-03-31": "", "2010-12-31": -2, "2010-09-30": 0, "2010-06-30": 0, "2010-03-31": "", "2009-12-31": 0, "2009-09-30": 0, "2009-06-30": 0, "2009-03-31": "", "2008-12-31": 0, "2008-09-30": 0, "2008-06-30": 0, "2008-03-31": "", "2007-12-31": 0, "2007-09-30": 0, "2007-06-30": 0, "2007-03-31": "", "2006-12-31": 209, "2006-09-30": 0, "2006-06-30": 0, "2006-03-31": "-35.00000", "2005-12-31": 14, "2005-09-30": 81, "2005-06-30": 0, "2005-03-31": "143.00000"}, "Investing Activities - Other": {"2020-12-31": 4, "2020-09-30": -2, "2020-06-30": 0, "2020-03-31": "2.00000", "2019-12-31": 49, "2019-09-30": 7, "2019-06-30": -3, "2019-03-31": "4.00000", "2018-12-31": 5, "2018-09-30": 21, "2018-06-30": 4, "2018-03-31": "-2.00000", "2017-12-31": 18, "2017-09-30": 14, "2017-06-30": 5, "2017-03-31": "2.00000", "2016-12-31": 112, "2016-09-30": 1, "2016-06-30": 2, "2016-03-31": "", "2015-12-31": 4, "2015-09-30": 38, "2015-06-30": -4, "2015-03-31": "2.00000", "2014-12-31": -12, "2014-09-30": 0, "2014-06-30": 0, "2014-03-31": "-72.00000", "2013-12-31": 9, "2013-09-30": 3, "2013-06-30": 4, "2013-03-31": "2.00000", "2012-12-31": -10, "2012-09-30": -37, "2012-06-30": 44, "2012-03-31": "", "2011-12-31": 7, "2011-09-30": 8, "2011-06-30": 3, "2011-03-31": "1404.00000", "2010-12-31": -93, "2010-09-30": -27, "2010-06-30": -21, "2010-03-31": "-32.00000", "2009-12-31": -241, "2009-09-30": -38, "2009-06-30": -18, "2009-03-31": "-14.00000", "2008-12-31": 2, "2008-09-30": 0, "2008-06-30": -25, "2008-03-31": "-5.00000", "2007-12-31": -13, "2007-09-30": -1, "2007-06-30": -34, "2007-03-31": "-11.00000", "2006-12-31": -140, "2006-09-30": -22, "2006-06-30": 22, "2006-03-31": "33.00000", "2005-12-31": 49, "2005-09-30": -9, "2005-06-30": -14, "2005-03-31": "-3.00000"}, "Cash Flow From Investing Activities": {"2020-12-31": -383, "2020-09-30": -289, "2020-06-30": -269, "2020-03-31": "-270.00000", "2019-12-31": -422, "2019-09-30": -250, "2019-06-30": -255, "2019-03-31": "-280.00000", "2018-12-31": -458, "2018-09-30": -261, "2018-06-30": -7852, "2018-03-31": "-307.00000", "2017-12-31": -260, "2017-09-30": -203, "2017-06-30": -212, "2017-03-31": "-214.00000", "2016-12-31": -200, "2016-09-30": -136, "2016-06-30": -171, "2016-03-31": "-298.00000", "2015-12-31": -133, "2015-09-30": -64, "2015-06-30": -119, "2015-03-31": "-115.00000", "2014-12-31": -288, "2014-09-30": -109, "2014-06-30": -116, "2014-03-31": "-132.00000", "2013-12-31": -177, "2013-09-30": -87, "2013-06-30": -44, "2013-03-31": "-38.00000", "2012-12-31": -145, "2012-09-30": -101, "2012-06-30": -7, "2012-03-31": "169.00000", "2011-12-31": -409, "2011-09-30": -101, "2011-06-30": -91, "2011-03-31": "1281.00000", "2010-12-31": -379, "2010-09-30": -163, "2010-06-30": -83, "2010-03-31": "-135.00000", "2009-12-31": 1405, "2009-09-30": -177, "2009-06-30": -186, "2009-03-31": "-176.00000", "2008-12-31": -327, "2008-09-30": -167, "2008-06-30": 16, "2008-03-31": "-148.00000", "2007-12-31": -284, "2007-09-30": -229, "2007-06-30": -170, "2007-03-31": "-747.00000", "2006-12-31": -159, "2006-09-30": -191, "2006-06-30": -108, "2006-03-31": "-143.00000", "2005-12-31": -246, "2005-09-30": -137, "2005-06-30": -162, "2005-03-31": "-310.00000"}, "Net Long-Term Debt": {"2020-12-31": -1000, "2020-09-30": -27, "2020-06-30": 7, "2020-03-31": "2232.00000", "2019-12-31": 0, "2019-09-30": -500, "2019-06-30": 20, "2019-03-31": "-20.00000", "2018-12-31": 0, "2018-09-30": -726, "2018-06-30": -1536, "2018-03-31": "-14.00000", "2017-12-31": 8245, "2017-09-30": 0, "2017-06-30": 0, "2017-03-31": "", "2016-12-31": 670, "2016-09-30": 0, "2016-06-30": 0, "2016-03-31": "-107.00000", "2015-12-31": 0, "2015-09-30": 0, "2015-06-30": 0, "2015-03-31": "600.00000", "2014-12-31": 0, "2014-09-30": 0, "2014-06-30": 0, "2014-03-31": "", "2013-12-31": 0, "2013-09-30": 0, "2013-06-30": 1964, "2013-03-31": "", "2012-12-31": 0, "2012-09-30": 0, "2012-06-30": 0, "2012-03-31": "", "2011-12-31": -18, "2011-09-30": 0, "2011-06-30": 0, "2011-03-31": "-750.00000", "2010-12-31": 564, "2010-09-30": -1, "2010-06-30": -1, "2010-03-31": "-89.00000", "2009-12-31": -408, "2009-09-30": 849, "2009-06-30": -72, "2009-03-31": "", "2008-12-31": -3, "2008-09-30": -1, "2008-06-30": -109, "2008-03-31": "", "2007-12-31": 6, "2007-09-30": -30, "2007-06-30": -43, "2007-03-31": "-23.00000", "2006-12-31": -490, "2006-09-30": -1, "2006-06-30": -85, "2006-03-31": "-436.00000", "2005-12-31": -1, "2005-09-30": 1, "2005-06-30": -1, "2005-03-31": "-31.00000"}, "Net Current Debt": {"2020-12-31": -65, "2020-09-30": 0, "2020-06-30": -757, "2020-03-31": "744.00000", "2019-12-31": -399, "2019-09-30": 89, "2019-06-30": -733, "2019-03-31": "814.00000", "2018-12-31": -307, "2018-09-30": 250, "2018-06-30": -65, "2018-03-31": "", "2017-12-31": -13, "2017-09-30": 0, "2017-06-30": 0, "2017-03-31": "", "2016-12-31": 0, "2016-09-30": 0, "2016-06-30": 0, "2016-03-31": "", "2015-12-31": 0, "2015-09-30": 0, "2015-06-30": 0, "2015-03-31": "", "2014-12-31": 0, "2014-09-30": 0, "2014-06-30": 0, "2014-03-31": "", "2013-12-31": 0, "2013-09-30": 0, "2013-06-30": 0, "2013-03-31": "", "2012-12-31": 0, "2012-09-30": 0, "2012-06-30": 0, "2012-03-31": "", "2011-12-31": 0, "2011-09-30": 0, "2011-06-30": 0, "2011-03-31": "", "2010-12-31": 0, "2010-09-30": 0, "2010-06-30": -2, "2010-03-31": "2.00000", "2009-12-31": -4, "2009-09-30": 1, "2009-06-30": 4, "2009-03-31": "-1.00000", "2008-12-31": -5, "2008-09-30": 6, "2008-06-30": -36, "2008-03-31": "33.00000", "2007-12-31": -6, "2007-09-30": 0, "2007-06-30": -293, "2007-03-31": "230.00000", "2006-12-31": 8, "2006-09-30": 7, "2006-06-30": 13, "2006-03-31": "16.00000", "2005-12-31": -6, "2005-09-30": 3, "2005-06-30": -9, "2005-03-31": "53.00000"}, "Debt Issuance/Retirement Net - Total": {"2020-12-31": -1065, "2020-09-30": -27, "2020-06-30": -750, "2020-03-31": "2976.00000", "2019-12-31": -399, "2019-09-30": -411, "2019-06-30": -713, "2019-03-31": "794.00000", "2018-12-31": -307, "2018-09-30": -476, "2018-06-30": -1601, "2018-03-31": "-14.00000", "2017-12-31": 8232, "2017-09-30": 0, "2017-06-30": 0, "2017-03-31": "", "2016-12-31": 670, "2016-09-30": 0, "2016-06-30": 0, "2016-03-31": "-107.00000", "2015-12-31": 0, "2015-09-30": 0, "2015-06-30": 0, "2015-03-31": "600.00000", "2014-12-31": 0, "2014-09-30": 0, "2014-06-30": 0, "2014-03-31": "", "2013-12-31": 0, "2013-09-30": 0, "2013-06-30": 1964, "2013-03-31": "", "2012-12-31": 0, "2012-09-30": 0, "2012-06-30": 0, "2012-03-31": "", "2011-12-31": -18, "2011-09-30": 0, "2011-06-30": 0, "2011-03-31": "-750.00000", "2010-12-31": 564, "2010-09-30": -1, "2010-06-30": -3, "2010-03-31": "-87.00000", "2009-12-31": -412, "2009-09-30": 850, "2009-06-30": -68, "2009-03-31": "-1.00000", "2008-12-31": -8, "2008-09-30": 5, "2008-06-30": -145, "2008-03-31": "33.00000", "2007-12-31": 0, "2007-09-30": -30, "2007-06-30": -336, "2007-03-31": "207.00000", "2006-12-31": -482, "2006-09-30": 6, "2006-06-30": -72, "2006-03-31": "-420.00000", "2005-12-31": -7, "2005-09-30": 4, "2005-06-30": -10, "2005-03-31": "22.00000"}, "Net Common Equity Issued/Repurchased": {"2020-12-31": 0, "2020-09-30": 0, "2020-06-30": -146, "2020-03-31": "-344.00000", "2019-12-31": -300, "2019-09-30": -213, "2019-06-30": -171, "2019-03-31": "-60.00000", "2018-12-31": -1054, "2018-09-30": -168, "2018-06-30": -41, "2018-03-31": "", "2017-12-31": 0, "2017-09-30": -26, "2017-06-30": -138, "2017-03-31": "-229.00000", "2016-12-31": -398, "2016-09-30": -467, "2016-06-30": -400, "2016-03-31": "-282.00000", "2015-12-31": -318, "2015-09-30": -948, "2015-06-30": -1091, "2015-03-31": "-825.00000", "2014-12-31": -610, "2014-09-30": -757, "2014-06-30": -731, "2014-03-31": "-570.00000", "2013-12-31": -710, "2013-09-30": -740, "2013-06-30": -465, "2013-03-31": "-456.00000", "2012-12-31": -623, "2012-09-30": -205, "2012-06-30": -265, "2012-03-31": "-223.00000", "2011-12-31": -693, "2011-09-30": -574, "2011-06-30": -957, "2011-03-31": "30.00000", "2010-12-31": -87, "2010-09-30": -196, "2010-06-30": -315, "2010-03-31": "-437.00000", "2009-12-31": -428, "2009-09-30": -215, "2009-06-30": -264, "2009-03-31": "-142.00000", "2008-12-31": -85, "2008-09-30": -644, "2008-06-30": -192, "2008-03-31": "-531.00000", "2007-12-31": -53, "2007-09-30": -452, "2007-06-30": 48, "2007-03-31": "-444.00000", "2006-12-31": 21, "2006-09-30": 34, "2006-06-30": 14, "2006-03-31": "-501.00000", "2005-12-31": -423, "2005-09-30": -169, "2005-06-30": -116, "2005-03-31": "-339.00000"}, "Net Total Equity Issued/Repurchased": {"2020-12-31": 0, "2020-09-30": 0, "2020-06-30": -146, "2020-03-31": "-344.00000", "2019-12-31": -300, "2019-09-30": -213, "2019-06-30": -171, "2019-03-31": "-60.00000", "2018-12-31": -1054, "2018-09-30": -168, "2018-06-30": -41, "2018-03-31": "", "2017-12-31": 0, "2017-09-30": -26, "2017-06-30": -138, "2017-03-31": "-229.00000", "2016-12-31": -398, "2016-09-30": -467, "2016-06-30": -400, "2016-03-31": "-282.00000", "2015-12-31": -318, "2015-09-30": -948, "2015-06-30": -1091, "2015-03-31": "-825.00000", "2014-12-31": -610, "2014-09-30": -757, "2014-06-30": -731, "2014-03-31": "-570.00000", "2013-12-31": -710, "2013-09-30": -740, "2013-06-30": -465, "2013-03-31": "-456.00000", "2012-12-31": -623, "2012-09-30": -205, "2012-06-30": -265, "2012-03-31": "-223.00000", "2011-12-31": -693, "2011-09-30": -574, "2011-06-30": -957, "2011-03-31": "30.00000", "2010-12-31": -87, "2010-09-30": -196, "2010-06-30": -315, "2010-03-31": "-437.00000", "2009-12-31": -428, "2009-09-30": -215, "2009-06-30": -264, "2009-03-31": "-142.00000", "2008-12-31": -85, "2008-09-30": -644, "2008-06-30": -192, "2008-03-31": "-531.00000", "2007-12-31": -53, "2007-09-30": -452, "2007-06-30": 48, "2007-03-31": "-444.00000", "2006-12-31": 21, "2006-09-30": 34, "2006-06-30": 14, "2006-03-31": "-501.00000", "2005-12-31": -423, "2005-09-30": -169, "2005-06-30": -116, "2005-03-31": "-339.00000"}, "Total Common And Preferred Stock Dividends Paid": {"2020-12-31": -242, "2020-09-30": -242, "2020-06-30": -242, "2020-03-31": "-227.00000", "2019-12-31": -222, "2019-09-30": -223, "2019-06-30": -224, "2019-03-31": "-211.00000", "2018-12-31": -205, "2018-09-30": -209, "2018-06-30": -209, "2018-03-31": "-198.00000", "2017-12-31": -174, "2017-09-30": -174, "2017-06-30": -175, "2017-03-31": "-166.00000", "2016-12-31": -158, "2016-09-30": -160, "2016-06-30": -163, "2016-03-31": "-159.00000", "2015-12-31": -145, "2015-09-30": -149, "2015-06-30": -153, "2015-03-31": "-156.00000", "2014-12-31": -140, "2014-09-30": -143, "2014-06-30": -148, "2014-03-31": "-132.00000", "2013-12-31": -134, "2013-09-30": -139, "2013-06-30": -142, "2013-03-31": "-130.00000", "2012-12-31": -134, "2012-09-30": -136, "2012-06-30": -138, "2012-03-31": "-127.00000", "2011-12-31": -129, "2011-09-30": -137, "2011-06-30": -140, "2011-03-31": "-137.00000", "2010-12-31": -137, "2010-09-30": -138, "2010-06-30": -141, "2010-03-31": "-129.00000", "2009-12-31": -134, "2009-09-30": -136, "2009-06-30": -138, "2009-03-31": "-131.00000", "2008-12-31": -130, "2008-09-30": -134, "2008-06-30": -135, "2008-03-31": "-126.00000", "2007-12-31": -126, "2007-09-30": -124, "2007-06-30": -133, "2007-03-31": "-121.00000", "2006-12-31": -104, "2006-09-30": -104, "2006-06-30": -102, "2006-03-31": "-92.00000", "2005-12-31": -91, "2005-09-30": -92, "2005-06-30": -94, "2005-03-31": "-82.00000"}, "Financial Activities - Other": {"2020-12-31": 0, "2020-09-30": 16, "2020-06-30": -30, "2020-03-31": "-109.00000", "2019-12-31": -3, "2019-09-30": -3, "2019-06-30": -4, "2019-03-31": "-61.00000", "2018-12-31": -2, "2018-09-30": -9, "2018-06-30": -2, "2018-03-31": "-100.00000", "2017-12-31": -58, "2017-09-30": -40, "2017-06-30": -2, "2017-03-31": "-90.00000", "2016-12-31": -7, "2016-09-30": -11, "2016-06-30": -8, "2016-03-31": "-136.00000", "2015-12-31": -10, "2015-09-30": -11, "2015-06-30": -2, "2015-03-31": "-67.00000", "2014-12-31": 9, "2014-09-30": 2, "2014-06-30": 14, "2014-03-31": "-29.00000", "2013-12-31": 23, "2013-09-30": 56, "2013-06-30": 80, "2013-03-31": "-56.00000", "2012-12-31": 182, "2012-09-30": 7, "2012-06-30": 0, "2012-03-31": "-34.00000", "2011-12-31": -16, "2011-09-30": 0, "2011-06-30": 13, "2011-03-31": "14.00000", "2010-12-31": -174, "2010-09-30": 4, "2010-06-30": 6, "2010-03-31": "5.00000", "2009-12-31": -12, "2009-09-30": 2, "2009-06-30": 0, "2009-03-31": "", "2008-12-31": 1, "2008-09-30": 2, "2008-06-30": 1, "2008-03-31": "44.00000", "2007-12-31": -21, "2007-09-30": 12, "2007-06-30": 9, "2007-03-31": "52.00000", "2006-12-31": 5, "2006-09-30": 5, "2006-06-30": 8, "2006-03-31": "39.00000", "2005-12-31": 0, "2005-09-30": 0, "2005-06-30": 0, "2005-03-31": ""}, "Cash Flow From Financial Activities": {"2020-12-31": -1307, "2020-09-30": -253, "2020-06-30": -1168, "2020-03-31": "2296.00000", "2019-12-31": -924, "2019-09-30": -850, "2019-06-30": -1112, "2019-03-31": "462.00000", "2018-12-31": -1568, "2018-09-30": -862, "2018-06-30": -1853, "2018-03-31": "-312.00000", "2017-12-31": 8000, "2017-09-30": -240, "2017-06-30": -315, "2017-03-31": "-485.00000", "2016-12-31": 107, "2016-09-30": -638, "2016-06-30": -571, "2016-03-31": "-684.00000", "2015-12-31": -473, "2015-09-30": -1108, "2015-06-30": -1246, "2015-03-31": "-448.00000", "2014-12-31": -741, "2014-09-30": -898, "2014-06-30": -865, "2014-03-31": "-731.00000", "2013-12-31": -821, "2013-09-30": -823, "2013-06-30": 1437, "2013-03-31": "-642.00000", "2012-12-31": -575, "2012-09-30": -334, "2012-06-30": -403, "2012-03-31": "-384.00000", "2011-12-31": -856, "2011-09-30": -711, "2011-06-30": -1084, "2011-03-31": "-843.00000", "2010-12-31": 166, "2010-09-30": -331, "2010-06-30": -453, "2010-03-31": "-648.00000", "2009-12-31": -986, "2009-09-30": 501, "2009-06-30": -470, "2009-03-31": "-274.00000", "2008-12-31": -222, "2008-09-30": -771, "2008-06-30": -471, "2008-03-31": "-580.00000", "2007-12-31": -200, "2007-09-30": -594, "2007-06-30": -412, "2007-03-31": "-306.00000", "2006-12-31": -560, "2006-09-30": -59, "2006-06-30": -152, "2006-03-31": "-974.00000", "2005-12-31": -521, "2005-09-30": -257, "2005-06-30": -220, "2005-03-31": "-399.00000"}, "Net Cash Flow": {"2020-12-31": -88, "2020-09-30": 817, "2020-06-30": 900, "2020-03-31": "1033.00000", "2019-12-31": 1118, "2019-09-30": 39, "2019-06-30": 240, "2019-03-31": "-731.00000", "2018-12-31": 351, "2018-09-30": -311, "2018-06-30": -8830, "2018-03-31": "-856.00000", "2017-12-31": 9347, "2017-09-30": 495, "2017-06-30": -20, "2017-03-31": "-1138.00000", "2016-12-31": 1438, "2016-09-30": -36, "2016-06-30": -138, "2016-03-31": "-1042.00000", "2015-12-31": 1027, "2015-09-30": -615, "2015-06-30": -739, "2015-03-31": "-1217.00000", "2014-12-31": 461, "2014-09-30": -74, "2014-06-30": -409, "2014-03-31": "-1265.00000", "2013-12-31": 206, "2013-09-30": 40, "2013-06-30": 1721, "2013-03-31": "-679.00000", "2012-12-31": 337, "2012-09-30": 377, "2012-06-30": 466, "2012-03-31": "-320.00000", "2011-12-31": 56, "2011-09-30": 136, "2011-06-30": -1209, "2011-03-31": "318.00000", "2010-12-31": 1174, "2010-09-30": 484, "2010-06-30": 83, "2010-03-31": "-1314.00000", "2009-12-31": 1350, "2009-09-30": 868, "2009-06-30": 174, "2009-03-31": "-622.00000", "2008-12-31": 488, "2008-09-30": 435, "2008-06-30": 152, "2008-03-31": "-534.00000", "2007-12-31": 250, "2007-09-30": 192, "2007-06-30": 159, "2007-03-31": "-653.00000", "2006-12-31": -448, "2006-09-30": 712, "2006-06-30": 378, "2006-03-31": "-1232.00000", "2005-12-31": -107, "2005-09-30": 497, "2005-06-30": 431, "2005-03-31": "-446.00000"}, "Stock-Based Compensation": {"2020-12-31": 29, "2020-09-30": 25, "2020-06-30": 18, "2020-03-31": "18.00000", "2019-12-31": 34, "2019-09-30": 38, "2019-06-30": 29, "2019-03-31": "26.00000", "2018-12-31": 4, "2018-09-30": 29, "2018-06-30": 34, "2018-03-31": "19.00000", "2017-12-31": 28, "2017-09-30": 24, "2017-06-30": 25, "2017-03-31": "17.00000", "2016-12-31": 32, "2016-09-30": 24, "2016-06-30": 23, "2016-03-31": "14.00000", "2015-12-31": 29, "2015-09-30": 23, "2015-06-30": 23, "2015-03-31": "24.00000", "2014-12-31": 41, "2014-09-30": 42, "2014-06-30": 29, "2014-03-31": "22.00000", "2013-12-31": 26, "2013-09-30": 47, "2013-06-30": 47, "2013-03-31": "24.00000", "2012-12-31": 72, "2012-09-30": 35, "2012-06-30": 50, "2012-03-31": "26.00000", "2011-12-31": 43, "2011-09-30": 31, "2011-06-30": 33, "2011-03-31": "33.00000", "2010-12-31": 33, "2010-09-30": 34, "2010-06-30": 31, "2010-03-31": "38.00000", "2009-12-31": 22, "2009-09-30": 28, "2009-06-30": 20, "2009-03-31": "35.00000", "2008-12-31": -8, "2008-09-30": 43, "2008-06-30": 39, "2008-03-31": "44.00000", "2007-12-31": 61, "2007-09-30": 57, "2007-06-30": 40, "2007-03-31": "38.00000", "2006-12-31": 29, "2006-09-30": 48, "2006-06-30": 56, "2006-03-31": "51.00000", "2005-12-31": 68, "2005-09-30": 41, "2005-06-30": 43, "2005-03-31": "20.00000"}, "Common Stock Dividends Paid": {"2020-12-31": -242, "2020-09-30": -242, "2020-06-30": -242, "2020-03-31": "-227.00000", "2019-12-31": -222, "2019-09-30": -223, "2019-06-30": -224, "2019-03-31": "-211.00000", "2018-12-31": -205, "2018-09-30": -209, "2018-06-30": -209, "2018-03-31": "-198.00000", "2017-12-31": -174, "2017-09-30": -174, "2017-06-30": -175, "2017-03-31": "-166.00000", "2016-12-31": -158, "2016-09-30": -160, "2016-06-30": -163, "2016-03-31": "-159.00000", "2015-12-31": -145, "2015-09-30": -149, "2015-06-30": -153, "2015-03-31": "-156.00000", "2014-12-31": -140, "2014-09-30": -143, "2014-06-30": -148, "2014-03-31": "-132.00000", "2013-12-31": -134, "2013-09-30": -139, "2013-06-30": -142, "2013-03-31": "-130.00000", "2012-12-31": -134, "2012-09-30": -136, "2012-06-30": -138, "2012-03-31": "-127.00000", "2011-12-31": -129, "2011-09-30": -137, "2011-06-30": -140, "2011-03-31": "-137.00000", "2010-12-31": -137, "2010-09-30": -138, "2010-06-30": -141, "2010-03-31": "-129.00000", "2009-12-31": -134, "2009-09-30": -136, "2009-06-30": -138, "2009-03-31": "-131.00000", "2008-12-31": -130, "2008-09-30": -134, "2008-06-30": -135, "2008-03-31": "-126.00000", "2007-12-31": -126, "2007-09-30": -124, "2007-06-30": -133, "2007-03-31": "-121.00000", "2006-12-31": -104, "2006-09-30": -104, "2006-06-30": -102, "2006-03-31": "-92.00000", "2005-12-31": -91, "2005-09-30": -92, "2005-06-30": -94, "2005-03-31": "-82.00000"}}, "financial ratios": {"Current Ratio": {"2020-12-31": "1.60170", "2019-12-31": "1.13260", "2018-12-31": "1.16990", "2017-12-31": "2.33880", "2016-12-31": "1.21780", "2015-12-31": "1.16070", "2014-12-31": "1.32040", "2013-12-31": "1.63160", "2012-12-31": "1.38570", "2011-12-31": "1.26260", "2010-12-31": "1.37370", "2009-12-31": "1.23620", "2008-12-31": "1.10660", "2007-12-31": "1.05670", "2006-12-31": "0.99590", "2005-12-31": "0.94700"}, "Long-term Debt / Capital": {"2020-12-31": "0.57410", "2019-12-31": "0.59150", "2018-12-31": "0.62900", "2017-12-31": "0.66880", "2016-12-31": "0.57300", "2015-12-31": "0.53630", "2014-12-31": "0.45020", "2013-12-31": "0.35820", "2012-12-31": "0.29230", "2011-12-31": "0.27570", "2010-12-31": "0.22670", "2009-12-31": "0.24830", "2008-12-31": "0.22410", "2007-12-31": "0.18130", "2006-12-31": "0.19370", "2005-12-31": "0.18740"}, "Debt/Equity Ratio": {"2020-12-31": "1.34800", "2019-12-31": "1.44800", "2018-12-31": "1.69570", "2017-12-31": "2.01890", "2016-12-31": "1.34210", "2015-12-31": "1.15650", "2014-12-31": "0.81890", "2013-12-31": "0.55820", "2012-12-31": "0.41310", "2011-12-31": "0.38070", "2010-12-31": "0.35160", "2009-12-31": "0.33850", "2008-12-31": "0.33090", "2007-12-31": "0.22930", "2006-12-31": "0.25050", "2005-12-31": "0.30570"}, "Gross Margin": {"2020-12-31": "20.32120", "2019-12-31": "21.45030", "2018-12-31": "22.56520", "2017-12-31": "22.80420", "2016-12-31": "23.91730", "2015-12-31": "23.98200", "2014-12-31": "23.35790", "2013-12-31": "21.81180", "2012-12-31": "22.12710", "2011-12-31": "21.30090", "2010-12-31": "18.81110", "2009-12-31": "17.52260", "2008-12-31": "18.38160", "2007-12-31": "19.73240", "2006-12-31": "18.32550", "2005-12-31": "16.94580"}, "Operating Margin": {"2020-12-31": "11.04650", "2019-12-31": "11.72840", "2018-12-31": "12.56020", "2017-12-31": "12.37500", "2016-12-31": "13.26400", "2015-12-31": "13.07490", "2014-12-31": "13.32830", "2013-12-31": "12.66370", "2012-12-31": "12.41180", "2011-12-31": "12.40350", "2010-12-31": "10.04510", "2009-12-31": "8.22420", "2008-12-31": "-0.81390", "2007-12-31": "9.64040", "2006-12-31": "8.31580", "2005-12-31": "7.33870"}, "EBIT Margin": {"2020-12-31": "11.04650", "2019-12-31": "11.72840", "2018-12-31": "12.56020", "2017-12-31": "12.37500", "2016-12-31": "13.26400", "2015-12-31": "13.07490", "2014-12-31": "13.32830", "2013-12-31": "12.66370", "2012-12-31": "12.41180", "2011-12-31": "12.40350", "2010-12-31": "10.04510", "2009-12-31": "8.22420", "2008-12-31": "-0.81390", "2007-12-31": "9.64040", "2006-12-31": "8.31580", "2005-12-31": "7.33870"}, "EBITDA Margin": {"2020-12-31": "14.48950", "2019-12-31": "15.46650", "2018-12-31": "15.21850", "2017-12-31": "14.20170", "2016-12-31": "15.10970", "2015-12-31": "15.05990", "2014-12-31": "15.25500", "2013-12-31": "14.67090", "2012-12-31": "14.43410", "2011-12-31": "14.46310", "2010-12-31": "12.01720", "2009-12-31": "10.21340", "2008-12-31": "10.99490", "2007-12-31": "12.02000", "2006-12-31": "10.61320", "2005-12-31": "9.85390"}, "Pre-Tax Profit Margin": {"2020-12-31": "10.13070", "2019-12-31": "7.52930", "2018-12-31": "12.43400", "2017-12-31": "16.26290", "2016-12-31": "10.85160", "2015-12-31": "11.85920", "2014-12-31": "12.24820", "2013-12-31": "11.60940", "2012-12-31": "11.75750", "2011-12-31": "11.67270", "2010-12-31": "8.40710", "2009-12-31": "7.48640", "2008-12-31": "-1.60920", "2007-12-31": "8.58900", "2006-12-31": "7.72230", "2005-12-31": "6.88840"}, "Net Profit Margin": {"2020-12-31": "8.66600", "2019-12-31": "6.64280", "2018-12-31": "10.72940", "2017-12-31": "11.03290", "2016-12-31": "8.26920", "2015-12-31": "8.45870", "2014-12-31": "8.62840", "2013-12-31": "7.91530", "2012-12-31": "7.84360", "2011-12-31": "8.01910", "2010-12-31": "7.29490", "2009-12-31": "6.09760", "2008-12-31": "-3.90530", "2007-12-31": "5.89960", "2006-12-31": "5.14150", "2005-12-31": "4.67010"}, "Asset Turnover": {"2020-12-31": "0.82750", "2019-12-31": "0.82360", "2018-12-31": "0.79930", "2017-12-31": "0.74030", "2016-12-31": "0.96460", "2015-12-31": "0.96320", "2014-12-31": "0.90240", "2013-12-31": "0.93480", "2012-12-31": "0.95010", "2011-12-31": "1.03940", "2010-12-31": "0.89600", "2009-12-31": "0.91400", "2008-12-31": "1.07010", "2007-12-31": "0.90910", "2006-12-31": "0.93700", "2005-12-31": "0.87620"}, "Inventory Turnover Ratio": {"2020-12-31": "38.63110", "2019-12-31": "33.94890", "2018-12-31": "35.63300", "2017-12-31": "50.43720", "2016-12-31": "23.03550", "2015-12-31": "22.16110", "2014-12-31": "24.76820", "2013-12-31": "27.62460", "2012-12-31": "24.60900", "2011-12-31": "23.80990", "2010-12-31": "25.50110", "2009-12-31": "19.49150", "2008-12-31": "26.29610", "2007-12-31": "24.35400", "2006-12-31": "20.82910", "2005-12-31": "21.39000"}, "Receiveable Turnover": {"2020-12-31": "5.54120", "2019-12-31": "5.08120", "2018-12-31": "4.64860", "2017-12-31": "5.75440", "2016-12-31": "7.48890", "2015-12-31": "8.28090", "2014-12-31": "8.54560", "2013-12-31": "9.18470", "2012-12-31": "8.82370", "2011-12-31": "8.91090", "2010-12-31": "8.45390", "2009-12-31": "8.14670", "2008-12-31": "8.73140", "2007-12-31": "8.00550", "2006-12-31": "8.41970", "2005-12-31": "8.43740"}, "Days Sales In Receivables": {"2020-12-31": "65.87040", "2019-12-31": "71.83300", "2018-12-31": "78.51840", "2017-12-31": "63.43010", "2016-12-31": "48.73860", "2015-12-31": "44.07740", "2014-12-31": "42.71200", "2013-12-31": "39.73990", "2012-12-31": "41.36610", "2011-12-31": "40.96090", "2010-12-31": "43.17540", "2009-12-31": "44.80330", "2008-12-31": "41.80300", "2007-12-31": "45.59340", "2006-12-31": "43.35070", "2005-12-31": "43.25990"}, "ROE - Return On Equity": {"2020-12-31": "30.14460", "2019-12-31": "25.49040", "2018-12-31": "39.44060", "2017-12-31": "40.22720", "2016-12-31": "38.84770", "2015-12-31": "36.03770", "2014-12-31": "28.59710", "2013-12-31": "18.38040", "2012-12-31": "20.79040", "2011-12-31": "20.18190", "2010-12-31": "14.17090", "2009-12-31": "11.30290", "2008-12-31": "-11.56880", "2007-12-31": "9.89990", "2006-12-31": "9.58770", "2005-12-31": "8.29570"}, "Return On Tangible Equity": {"2020-12-31": "-41.29760", "2019-12-31": "-20.56910", "2018-12-31": "-27.23290", "2017-12-31": "-53.37680", "2016-12-31": "-28.41050", "2015-12-31": "-28.68260", "2014-12-31": "-39.55270", "2013-12-31": "-107.37070", "2012-12-31": "-67.80940", "2011-12-31": "-102.35530", "2010-12-31": "219.35480", "2009-12-31": "-84.20440", "2008-12-31": "54.37700", "2007-12-31": "-165.34470", "2006-12-31": "-91.39420", "2005-12-31": "-76.36760"}, "ROA - Return On Assets": {"2020-12-31": "7.17130", "2019-12-31": "5.47110", "2018-12-31": "8.57570", "2017-12-31": "8.16730", "2016-12-31": "7.97610", "2015-12-31": "8.14770", "2014-12-31": "7.78640", "2013-12-31": "7.39930", "2012-12-31": "7.45210", "2011-12-31": "8.20900", "2010-12-31": "6.06180", "2009-12-31": "4.74020", "2008-12-31": "-4.56670", "2007-12-31": "5.24680", "2006-12-31": "4.97670", "2005-12-31": "4.08020"}, "ROI - Return On Investment": {"2020-12-31": "12.83820", "2019-12-31": "10.41270", "2018-12-31": "14.63070", "2017-12-31": "13.32500", "2016-12-31": "16.58680", "2015-12-31": "16.71150", "2014-12-31": "15.72190", "2013-12-31": "11.79600", "2012-12-31": "14.71290", "2011-12-31": "14.61710", "2010-12-31": "10.95760", "2009-12-31": "8.49630", "2008-12-31": "-8.97610", "2007-12-31": "8.10460", "2006-12-31": "7.73040", "2005-12-31": "6.74100"}, "Book Value Per Share": {"2020-12-31": "63.45480", "2019-12-31": "52.54160", "2018-12-31": "47.98750", "2017-12-31": "40.96830", "2016-12-31": "30.03980", "2015-12-31": "30.45730", "2014-12-31": "36.36960", "2013-12-31": "48.80540", "2012-12-31": "39.77260", "2011-12-31": "40.71050", "2010-12-31": "46.17870", "2009-12-31": "41.34390", "2008-12-31": "36.45120", "2007-12-31": "52.35400", "2006-12-31": "48.03110", "2005-12-31": "48.44580"}, "Operating Cash Flow Per Share": {"2020-12-31": 0.4097, "2019-12-31": 3.3578, "2018-12-31": 7.0383, "2017-12-31": -0.7041, "2016-12-31": 4.3006, "2015-12-31": -0.9415, "2014-12-31": 1.6097, "2013-12-31": 0.1974, "2012-12-31": 2.9076, "2011-12-31": -0.6361, "2010-12-31": 1.5492, "2009-12-31": -3.0018, "2008-12-31": 1.4425, "2007-12-31": 3.2601, "2006-12-31": -2.3361, "2005-12-31": 7.2329}, "Free Cash Flow Per Share": {"2020-12-31": 0.5956, "2019-12-31": 3.076, "2018-12-31": 5.1695, "2017-12-31": -0.8918, "2016-12-31": 1.6618, "2015-12-31": -0.7547, "2014-12-31": 0.521, "2013-12-31": -0.0527, "2012-12-31": 3.3486, "2011-12-31": -0.4404, "2010-12-31": 1.0693, "2009-12-31": -2.4289, "2008-12-31": 1.3287, "2007-12-31": 3.3207, "2006-12-31": -2.0831, "2005-12-31": 4.9972}}, "financial ratios, quarterly": {"Current Ratio": {"2020-12-31": "1.60170", "2020-09-30": "1.43950", "2020-06-30": "1.35490", "2020-03-31": "1.29000", "2019-12-31": "1.13260", "2019-09-30": "1.28750", "2019-06-30": "1.24570", "2019-03-31": "1.18390", "2018-12-31": "1.16990", "2018-09-30": "1.26040", "2018-06-30": "1.24120", "2018-03-31": "2.51860", "2017-12-31": "2.33880", "2017-09-30": "1.20620", "2017-06-30": "1.10960", "2017-03-31": "1.27090", "2016-12-31": "1.21780", "2016-09-30": "1.13020", "2016-06-30": "1.13380", "2016-03-31": "1.15160", "2015-12-31": "1.16070", "2015-09-30": "1.15940", "2015-06-30": "1.25340", "2015-03-31": "1.35180", "2014-12-31": "1.32040", "2014-09-30": "1.47380", "2014-06-30": "1.54970", "2014-03-31": "1.63230", "2013-12-31": "1.63160", "2013-09-30": "1.66450", "2013-06-30": "1.69600", "2013-03-31": "1.41240", "2012-12-31": "1.38570", "2012-09-30": "1.38880", "2012-06-30": "1.37300", "2012-03-31": "1.31570", "2011-12-31": "1.26260", "2011-09-30": "1.34350", "2011-06-30": "1.34840", "2011-03-31": "1.47230", "2010-12-31": "1.37370", "2010-09-30": "1.15970", "2010-06-30": "1.09370", "2010-03-31": "1.11770", "2009-12-31": "1.23620", "2009-09-30": "1.11200", "2009-06-30": "1.00180", "2009-03-31": "0.96580", "2008-12-31": "1.10660", "2008-09-30": "1.02890", "2008-06-30": "1.07630", "2008-03-31": "1.03150", "2007-12-31": "1.05670", "2007-09-30": "1.04100", "2007-06-30": "1.02270", "2007-03-31": "0.94970", "2006-12-31": "0.99590", "2006-09-30": "1.02790", "2006-06-30": "0.98700", "2006-03-31": "0.93330", "2005-12-31": "0.94700", "2005-09-30": "1.07190", "2005-06-30": "1.05550", "2005-03-31": "1.01610"}, "Long-term Debt / Capital": {"2020-12-31": "0.57410", "2020-09-30": "0.57670", "2020-06-30": "0.59480", "2020-03-31": "0.61210", "2019-12-31": "0.59150", "2019-09-30": "0.58690", "2019-06-30": "0.60030", "2019-03-31": "0.61340", "2018-12-31": "0.62900", "2018-09-30": "0.60410", "2018-06-30": "0.63620", "2018-03-31": "0.65200", "2017-12-31": "0.66880", "2017-09-30": "0.48950", "2017-06-30": "0.51240", "2017-03-31": "0.55950", "2016-12-31": "0.57300", "2016-09-30": "0.52550", "2016-06-30": "0.52930", "2016-03-31": "0.53190", "2015-12-31": "0.53630", "2015-09-30": "0.52970", "2015-06-30": "0.50980", "2015-03-31": "0.48750", "2014-12-31": "0.45020", "2014-09-30": "0.37460", "2014-06-30": "0.36600", "2014-03-31": "0.35930", "2013-12-31": "0.35820", "2013-09-30": "0.38790", "2013-06-30": "0.38280", "2013-03-31": "0.29370", "2012-12-31": "0.29230", "2012-09-30": "0.26420", "2012-06-30": "0.26850", "2012-03-31": "0.27170", "2011-12-31": "0.27570", "2011-09-30": "0.24770", "2011-06-30": "0.24470", "2011-03-31": "0.23710", "2010-12-31": "0.22670", "2010-09-30": "0.20670", "2010-06-30": "0.21040", "2010-03-31": "0.21390", "2009-12-31": "0.24830", "2009-09-30": "0.25230", "2009-06-30": "0.21550", "2009-03-31": "0.21750", "2008-12-31": "0.22410", "2008-09-30": "0.17950", "2008-06-30": "0.17710", "2008-03-31": "0.18250", "2007-12-31": "0.18130", "2007-09-30": "0.18820", "2007-06-30": "0.18760", "2007-03-31": "0.19630", "2006-12-31": "0.19370", "2006-09-30": "0.17970", "2006-06-30": "0.18310", "2006-03-31": "0.18900", "2005-12-31": "0.18740", "2005-09-30": "0.21230", "2005-06-30": "0.21370", "2005-03-31": "0.21860"}, "Debt/Equity Ratio": {"2020-12-31": "1.34800", "2020-09-30": "1.36240", "2020-06-30": "1.46820", "2020-03-31": "1.57790", "2019-12-31": "1.44800", "2019-09-30": "1.42080", "2019-06-30": "1.50180", "2019-03-31": "1.58630", "2018-12-31": "1.69570", "2018-09-30": "1.52580", "2018-06-30": "1.74880", "2018-03-31": "1.87400", "2017-12-31": "2.01890", "2017-09-30": "0.95900", "2017-06-30": "1.05070", "2017-03-31": "1.27020", "2016-12-31": "1.34210", "2016-09-30": "1.10750", "2016-06-30": "1.12430", "2016-03-31": "1.13630", "2015-12-31": "1.15650", "2015-09-30": "1.12640", "2015-06-30": "1.03990", "2015-03-31": "0.95110", "2014-12-31": "0.81890", "2014-09-30": "0.59900", "2014-06-30": "0.57720", "2014-03-31": "0.56080", "2013-12-31": "0.55820", "2013-09-30": "0.63360", "2013-06-30": "0.62030", "2013-03-31": "0.41580", "2012-12-31": "0.41310", "2012-09-30": "0.35910", "2012-06-30": "0.36700", "2012-03-31": "0.37310", "2011-12-31": "0.38070", "2011-09-30": "0.33260", "2011-06-30": "0.32750", "2011-03-31": "0.31380", "2010-12-31": "0.35160", "2010-09-30": "0.31900", "2010-06-30": "0.32640", "2010-03-31": "0.33350", "2009-12-31": "0.33850", "2009-09-30": "0.37920", "2009-06-30": "0.31730", "2009-03-31": "0.32690", "2008-12-31": "0.33090", "2008-09-30": "0.22460", "2008-06-30": "0.22060", "2008-03-31": "0.23280", "2007-12-31": "0.22930", "2007-09-30": "0.24080", "2007-06-30": "0.24120", "2007-03-31": "0.26870", "2006-12-31": "0.25050", "2006-09-30": "0.26810", "2006-06-30": "0.27190", "2006-03-31": "0.28370", "2005-12-31": "0.30570", "2005-09-30": "0.30390", "2005-06-30": "0.30610", "2005-03-31": "0.30970"}, "Gross Margin": {"2020-12-31": "20.46610", "2020-09-30": "20.25760", "2020-06-30": "20.55380", "2020-03-31": "19.97680", "2019-12-31": "24.14860", "2019-09-30": "20.37760", "2019-06-30": "20.45890", "2019-03-31": "20.71070", "2018-12-31": "20.68420", "2018-09-30": "24.60110", "2018-06-30": "21.85700", "2018-03-31": "23.14770", "2017-12-31": "19.76500", "2017-09-30": "23.07810", "2017-06-30": "24.08470", "2017-03-31": "24.33700", "2016-12-31": "24.39730", "2016-09-30": "24.17550", "2016-06-30": "23.61670", "2016-03-31": "23.42180", "2015-12-31": "23.11210", "2015-09-30": "24.36860", "2015-06-30": "24.66080", "2015-03-31": "23.75360", "2014-12-31": "23.82120", "2014-09-30": "22.54350", "2014-06-30": "23.34820", "2014-03-31": "23.71750", "2013-12-31": "21.58520", "2013-09-30": "22.02750", "2013-06-30": "22.05280", "2013-03-31": "21.57600", "2012-12-31": "24.10440", "2012-09-30": "20.86120", "2012-06-30": "21.58110", "2012-03-31": "21.89420", "2011-12-31": "22.07190", "2011-09-30": "21.38540", "2011-06-30": "21.29570", "2011-03-31": "20.47820", "2010-12-31": "19.16560", "2010-09-30": "18.34250", "2010-06-30": "18.89730", "2010-03-31": "18.84580", "2009-12-31": "28.01420", "2009-09-30": "16.32340", "2009-06-30": "15.85720", "2009-03-31": "16.84940", "2008-12-31": "20.82560", "2008-09-30": "18.56580", "2008-06-30": "18.57900", "2008-03-31": "15.56190", "2007-12-31": "19.64830", "2007-09-30": "20.18800", "2007-06-30": "19.94160", "2007-03-31": "19.10040", "2006-12-31": "18.22570", "2006-09-30": "17.97010", "2006-06-30": "19.02380", "2006-03-31": "18.06010", "2005-12-31": "19.05210", "2005-09-30": "15.05970", "2005-06-30": "16.77980", "2005-03-31": "16.86570"}, "Operating Margin": {"2020-12-31": "11.28090", "2020-09-30": "10.84440", "2020-06-30": "11.18870", "2020-03-31": "10.83530", "2019-12-31": "13.02600", "2019-09-30": "11.22120", "2019-06-30": "11.18730", "2019-03-31": "11.43000", "2018-12-31": "11.56200", "2018-09-30": "14.49600", "2018-06-30": "11.47630", "2018-03-31": "12.59090", "2017-12-31": "9.85960", "2017-09-30": "12.74170", "2017-06-30": "13.48680", "2017-03-31": "13.44770", "2016-12-31": "13.87420", "2016-09-30": "13.42000", "2016-06-30": "13.28330", "2016-03-31": "12.40770", "2015-12-31": "12.10050", "2015-09-30": "13.27980", "2015-06-30": "13.78900", "2015-03-31": "13.09380", "2014-12-31": "12.47540", "2014-09-30": "12.85090", "2014-06-30": "13.57840", "2014-03-31": "14.44940", "2013-12-31": "12.47360", "2013-09-30": "12.93810", "2013-06-30": "12.80590", "2013-03-31": "12.43450", "2012-12-31": "12.72390", "2012-09-30": "11.73840", "2012-06-30": "12.33660", "2012-03-31": "12.84290", "2011-12-31": "12.28100", "2011-09-30": "12.47730", "2011-06-30": "12.82010", "2011-03-31": "12.04340", "2010-12-31": "9.77840", "2010-09-30": "10.22490", "2010-06-30": "10.33770", "2010-03-31": "9.82070", "2009-12-31": "14.96450", "2009-09-30": "7.41320", "2009-06-30": "7.18550", "2009-03-31": "7.80090", "2008-12-31": "-30.38780", "2008-09-30": "9.19940", "2008-06-30": "9.34170", "2008-03-31": "6.00730", "2007-12-31": "9.15090", "2007-09-30": "10.24010", "2007-06-30": "9.68520", "2007-03-31": "9.43400", "2006-12-31": "8.37570", "2006-09-30": "7.39000", "2006-06-30": "8.97250", "2006-03-31": "8.51540", "2005-12-31": "7.35160", "2005-09-30": "6.00740", "2005-06-30": "7.95440", "2005-03-31": "7.98340"}, "EBIT Margin": {"2020-12-31": "11.28090", "2020-09-30": "10.84440", "2020-06-30": "11.18870", "2020-03-31": "10.83530", "2019-12-31": "13.02600", "2019-09-30": "11.22120", "2019-06-30": "11.18730", "2019-03-31": "11.43000", "2018-12-31": "11.56200", "2018-09-30": "14.49600", "2018-06-30": "11.47630", "2018-03-31": "12.59090", "2017-12-31": "9.85960", "2017-09-30": "12.74170", "2017-06-30": "13.48680", "2017-03-31": "13.44770", "2016-12-31": "13.87420", "2016-09-30": "13.42000", "2016-06-30": "13.28330", "2016-03-31": "12.40770", "2015-12-31": "12.10050", "2015-09-30": "13.27980", "2015-06-30": "13.78900", "2015-03-31": "13.09380", "2014-12-31": "12.47540", "2014-09-30": "12.85090", "2014-06-30": "13.57840", "2014-03-31": "14.44940", "2013-12-31": "12.47360", "2013-09-30": "12.93810", "2013-06-30": "12.80590", "2013-03-31": "12.43450", "2012-12-31": "12.72390", "2012-09-30": "11.73840", "2012-06-30": "12.33660", "2012-03-31": "12.84290", "2011-12-31": "12.28100", "2011-09-30": "12.47730", "2011-06-30": "12.82010", "2011-03-31": "12.04340", "2010-12-31": "9.77840", "2010-09-30": "10.22490", "2010-06-30": "10.33770", "2010-03-31": "9.82070", "2009-12-31": "14.96450", "2009-09-30": "7.41320", "2009-06-30": "7.18550", "2009-03-31": "7.80090", "2008-12-31": "-30.38780", "2008-09-30": "9.19940", "2008-06-30": "9.34170", "2008-03-31": "6.00730", "2007-12-31": "9.15090", "2007-09-30": "10.24010", "2007-06-30": "9.68520", "2007-03-31": "9.43400", "2006-12-31": "8.37570", "2006-09-30": "7.39000", "2006-06-30": "8.97250", "2006-03-31": "8.51540", "2005-12-31": "7.35160", "2005-09-30": "6.00740", "2005-06-30": "7.95440", "2005-03-31": "7.98340"}, "EBITDA Margin": {"2020-12-31": "", "2020-09-30": "", "2020-06-30": "", "2020-03-31": "", "2019-12-31": "", "2019-09-30": "", "2019-06-30": "", "2019-03-31": "", "2018-12-31": "", "2018-09-30": "", "2018-06-30": "", "2018-03-31": "", "2017-12-31": "", "2017-09-30": "", "2017-06-30": "", "2017-03-31": "", "2016-12-31": "", "2016-09-30": "", "2016-06-30": "", "2016-03-31": "", "2015-12-31": "", "2015-09-30": "", "2015-06-30": "", "2015-03-31": "", "2014-12-31": "", "2014-09-30": "", "2014-06-30": "", "2014-03-31": "", "2013-12-31": "", "2013-09-30": "", "2013-06-30": "", "2013-03-31": "", "2012-12-31": "", "2012-09-30": "", "2012-06-30": "", "2012-03-31": "", "2011-12-31": "", "2011-09-30": "", "2011-06-30": "", "2011-03-31": "", "2010-12-31": "", "2010-09-30": "", "2010-06-30": "", "2010-03-31": "", "2009-12-31": "", "2009-09-30": "", "2009-06-30": "", "2009-03-31": "", "2008-12-31": "", "2008-09-30": "", "2008-06-30": "", "2008-03-31": "", "2007-12-31": "", "2007-09-30": "", "2007-06-30": "", "2007-03-31": "", "2006-12-31": "", "2006-09-30": "", "2006-06-30": "", "2006-03-31": "", "2005-12-31": "", "2005-09-30": "", "2005-06-30": "", "2005-03-31": ""}, "Pre-Tax Profit Margin": {"2020-12-31": "2.98670", "2020-09-30": "12.84820", "2020-06-30": "13.54120", "2020-03-31": "12.21580", "2019-12-31": "-6.52450", "2019-09-30": "12.44840", "2019-06-30": "12.15710", "2019-03-31": "12.62670", "2018-12-31": "4.94110", "2018-09-30": "16.87080", "2018-06-30": "13.70980", "2018-03-31": "14.83300", "2017-12-31": "28.18990", "2017-09-30": "11.90440", "2017-06-30": "12.54440", "2017-03-31": "12.29330", "2016-12-31": "7.67250", "2016-09-30": "12.49390", "2016-06-30": "12.16670", "2016-03-31": "11.34990", "2015-12-31": "10.90620", "2015-09-30": "12.19270", "2015-06-30": "12.48300", "2015-03-31": "11.81800", "2014-12-31": "11.47680", "2014-09-30": "11.59760", "2014-06-30": "12.51860", "2014-03-31": "13.44050", "2013-12-31": "11.48290", "2013-09-30": "11.79170", "2013-06-30": "11.50300", "2013-03-31": "11.66450", "2012-12-31": "12.15260", "2012-09-30": "11.08450", "2012-06-30": "11.58750", "2012-03-31": "12.19750", "2011-12-31": "12.01970", "2011-09-30": "11.41860", "2011-06-30": "12.01220", "2011-03-31": "11.25630", "2010-12-31": "5.93940", "2010-09-30": "9.50360", "2010-06-30": "9.30390", "2010-03-31": "8.80820", "2009-12-31": "13.29790", "2009-09-30": "6.99400", "2009-06-30": "6.51840", "2009-03-31": "6.98170", "2008-12-31": "-31.78580", "2008-09-30": "8.85340", "2008-06-30": "8.56510", "2008-03-31": "5.29520", "2007-12-31": "8.32650", "2007-09-30": "9.26180", "2007-06-30": "8.51740", "2007-03-31": "8.20340", "2006-12-31": "9.20180", "2006-09-30": "6.42080", "2006-06-30": "7.74900", "2006-03-31": "7.41580", "2005-12-31": "6.34170", "2005-09-30": "6.02110", "2005-06-30": "7.16020", "2005-03-31": "7.99680"}, "Net Profit Margin": {"2020-12-31": "3.23150", "2020-09-30": "10.85540", "2020-06-30": "11.31250", "2020-03-31": "10.06960", "2019-12-31": "-4.68980", "2019-09-30": "11.00890", "2019-06-30": "10.18210", "2019-03-31": "10.53850", "2018-12-31": "4.36490", "2018-09-30": "15.38650", "2018-06-30": "11.08300", "2018-03-31": "12.47220", "2017-12-31": "15.58300", "2017-09-30": "9.78840", "2017-06-30": "8.57410", "2017-03-31": "10.14040", "2016-12-31": "5.58000", "2016-09-30": "9.78070", "2016-06-30": "8.61670", "2016-03-31": "9.33510", "2015-12-31": "8.06110", "2015-09-30": "8.63020", "2015-06-30": "9.00610", "2015-03-31": "8.12490", "2014-12-31": "8.28420", "2014-09-30": "7.90440", "2014-06-30": "8.46170", "2014-03-31": "9.90080", "2013-12-31": "7.76350", "2013-09-30": "8.13950", "2013-06-30": "7.75340", "2013-03-31": "8.01110", "2012-12-31": "8.23040", "2012-09-30": "7.32060", "2012-06-30": "7.65060", "2012-03-31": "8.16390", "2011-12-31": "8.42300", "2011-09-30": "7.86450", "2011-06-30": "7.92680", "2011-03-31": "7.87050", "2010-12-31": "5.44690", "2010-09-30": "7.02870", "2010-06-30": "9.80010", "2010-03-31": "6.78330", "2009-12-31": "14.64540", "2009-09-30": "5.86830", "2009-06-30": "4.61090", "2009-03-31": "4.90230", "2008-12-31": "-33.40810", "2008-09-30": "6.10910", "2008-06-30": "5.73710", "2008-03-31": "3.41790", "2007-12-31": "6.23800", "2007-09-30": "6.21270", "2007-06-30": "5.83900", "2007-03-31": "5.29120", "2006-12-31": "5.74480", "2006-09-30": "4.06520", "2006-06-30": "5.65720", "2006-03-31": "5.04720", "2005-12-31": "4.45670", "2005-09-30": "4.01870", "2005-06-30": "4.70090", "2005-03-31": "5.48770"}, "Asset Turnover": {"2020-12-31": "0.22960", "2020-09-30": "0.20290", "2020-06-30": "0.20430", "2020-03-31": "0.19950", "2019-12-31": "0.21220", "2019-09-30": "0.20900", "2019-06-30": "0.21360", "2019-03-31": "0.20600", "2018-12-31": "0.21660", "2018-09-30": "0.21310", "2018-06-30": "0.19050", "2018-03-31": "0.19360", "2017-12-31": "0.18650", "2017-09-30": "0.24780", "2017-06-30": "0.25080", "2017-03-31": "0.25220", "2016-12-31": "0.25750", "2016-09-30": "0.25540", "2016-06-30": "0.24920", "2016-03-31": "0.24890", "2015-12-31": "0.23310", "2015-09-30": "0.24950", "2015-06-30": "0.24010", "2015-03-31": "0.23580", "2014-12-31": "0.22990", "2014-09-30": "0.23890", "2014-06-30": "0.23820", "2014-03-31": "0.22900", "2013-12-31": "0.23340", "2013-09-30": "0.22280", "2013-06-30": "0.22880", "2013-03-31": "0.23550", "2012-12-31": "0.24400", "2012-09-30": "0.24820", "2012-06-30": "0.24870", "2012-03-31": "0.24740", "2011-12-31": "0.25600", "2011-09-30": "0.26340", "2011-06-30": "0.25850", "2011-03-31": "0.25140", "2010-12-31": "0.21980", "2010-09-30": "0.23430", "2010-06-30": "0.24430", "2010-03-31": "0.23230", "2009-12-31": "0.09320", "2009-09-30": "0.27070", "2009-06-30": "0.28340", "2009-03-31": "0.26330", "2008-12-31": "0.25110", "2008-09-30": "0.25200", "2008-06-30": "0.25780", "2008-03-31": "0.23140", "2007-12-31": "0.21810", "2007-09-30": "0.24430", "2007-06-30": "0.24600", "2007-03-31": "0.22820", "2006-12-31": "0.24580", "2006-09-30": "0.21810", "2006-06-30": "0.22570", "2006-03-31": "0.21160", "2005-12-31": "0.21710", "2005-09-30": "0.21540", "2005-06-30": "0.23340", "2005-03-31": "0.22450"}, "Inventory Turnover Ratio": {"2020-12-31": "10.70090", "2020-09-30": "8.49120", "2020-06-30": "8.48320", "2020-03-31": "8.78730", "2019-12-31": "8.44830", "2019-09-30": "8.33090", "2019-06-30": "8.30370", "2019-03-31": "8.34580", "2018-12-31": "9.89140", "2018-09-30": "8.47840", "2018-06-30": "8.06230", "2018-03-31": "11.89890", "2017-12-31": "13.20850", "2017-09-30": "5.01790", "2017-06-30": "4.72950", "2017-03-31": "5.19830", "2016-12-31": "6.11030", "2016-09-30": "5.85570", "2016-06-30": "4.71020", "2016-03-31": "5.07910", "2015-12-31": "5.42500", "2015-09-30": "5.28270", "2015-06-30": "5.18930", "2015-03-31": "5.55260", "2014-12-31": "6.27090", "2014-09-30": "6.90760", "2014-06-30": "6.24700", "2014-03-31": "5.71190", "2013-12-31": "6.91690", "2013-09-30": "6.07270", "2013-06-30": "6.58520", "2013-03-31": "5.14730", "2012-12-31": "6.15910", "2012-09-30": "7.91390", "2012-06-30": "6.98860", "2012-03-31": "6.02110", "2011-12-31": "5.80760", "2011-09-30": "5.88010", "2011-06-30": "5.72390", "2011-03-31": "6.23400", "2010-12-31": "6.22770", "2010-09-30": "4.83990", "2010-06-30": "5.12540", "2010-03-31": "4.35300", "2009-12-31": "1.73500", "2009-09-30": "5.62110", "2009-06-30": "6.54230", "2009-03-31": "5.60100", "2008-12-31": "5.98500", "2008-09-30": "5.95030", "2008-06-30": "6.45090", "2008-03-31": "5.76150", "2007-12-31": "5.84800", "2007-09-30": "5.70050", "2007-06-30": "5.45120", "2007-03-31": "4.95150", "2006-12-31": "5.47110", "2006-09-30": "4.77960", "2006-06-30": "4.74920", "2006-03-31": "4.49150", "2005-12-31": "5.16490", "2005-09-30": "4.90730", "2005-06-30": "5.48270", "2005-03-31": "5.14190"}, "Receiveable Turnover": {"2020-12-31": "1.53770", "2020-09-30": "1.18250", "2020-06-30": "1.19260", "2020-03-31": "1.07030", "2019-12-31": "1.30950", "2019-09-30": "1.07440", "2019-06-30": "1.12910", "2019-03-31": "1.02990", "2018-12-31": "1.25980", "2018-09-30": "1.10720", "2018-06-30": "1.00450", "2018-03-31": "1.31800", "2017-12-31": "1.44990", "2017-09-30": "1.48820", "2017-06-30": "1.51240", "2017-03-31": "1.57420", "2016-12-31": "1.99910", "2016-09-30": "1.68220", "2016-06-30": "1.72270", "2016-03-31": "1.78000", "2015-12-31": "2.00420", "2015-09-30": "1.82960", "2015-06-30": "1.87120", "2015-03-31": "1.90260", "2014-12-31": "2.17680", "2014-09-30": "1.85090", "2014-06-30": "1.84120", "2014-03-31": "1.80830", "2013-12-31": "2.29310", "2013-09-30": "2.03330", "2013-06-30": "2.01470", "2013-03-31": "2.00130", "2012-12-31": "2.26590", "2012-09-30": "2.10900", "2012-06-30": "2.01150", "2012-03-31": "1.91830", "2011-12-31": "2.19500", "2011-09-30": "1.98680", "2011-06-30": "1.88830", "2011-03-31": "1.89000", "2010-12-31": "2.07360", "2010-09-30": "1.69490", "2010-06-30": "1.74400", "2010-03-31": "1.64740", "2009-12-31": "0.83090", "2009-09-30": "2.11340", "2009-06-30": "2.01010", "2009-03-31": "1.79690", "2008-12-31": "2.04860", "2008-09-30": "2.11800", "2008-06-30": "1.99490", "2008-03-31": "1.77240", "2007-12-31": "1.92030", "2007-09-30": "2.14700", "2007-06-30": "2.13790", "2007-03-31": "1.95090", "2006-12-31": "2.20890", "2006-09-30": "2.01330", "2006-06-30": "1.94550", "2006-03-31": "1.71160", "2005-12-31": "2.09030", "2005-09-30": "2.07190", "2005-06-30": "2.20410", "2005-03-31": "2.06400"}, "Days Sales In Receivables": {"2020-12-31": "58.52820", "2020-09-30": "76.10810", "2020-06-30": "75.46260", "2020-03-31": "84.09050", "2019-12-31": "68.73070", "2019-09-30": "83.76640", "2019-06-30": "79.70790", "2019-03-31": "87.38430", "2018-12-31": "71.43940", "2018-09-30": "81.28390", "2018-06-30": "89.59550", "2018-03-31": "68.28510", "2017-12-31": "62.07420", "2017-09-30": "60.47500", "2017-06-30": "59.50870", "2017-03-31": "57.17320", "2016-12-31": "45.02050", "2016-09-30": "53.50280", "2016-06-30": "52.24500", "2016-03-31": "50.56080", "2015-12-31": "44.90520", "2015-09-30": "49.19220", "2015-06-30": "48.09870", "2015-03-31": "47.30400", "2014-12-31": "41.34580", "2014-09-30": "48.62470", "2014-06-30": "48.88230", "2014-03-31": "49.77090", "2013-12-31": "39.24800", "2013-09-30": "44.26300", "2013-06-30": "44.67110", "2013-03-31": "44.97050", "2012-12-31": "39.71900", "2012-09-30": "42.67460", "2012-06-30": "44.74180", "2012-03-31": "46.91680", "2011-12-31": "41.00220", "2011-09-30": "45.29950", "2011-06-30": "47.66160", "2011-03-31": "47.61950", "2010-12-31": "43.40290", "2010-09-30": "53.10140", "2010-06-30": "51.60580", "2010-03-31": "54.63260", "2009-12-31": "108.31920", "2009-09-30": "42.58560", "2009-06-30": "44.77360", "2009-03-31": "50.08700", "2008-12-31": "43.93170", "2008-09-30": "42.49250", "2008-06-30": "45.11470", "2008-03-31": "50.77940", "2007-12-31": "46.86730", "2007-09-30": "41.91840", "2007-06-30": "42.09830", "2007-03-31": "46.13210", "2006-12-31": "40.74480", "2006-09-30": "44.70320", "2006-06-30": "46.26100", "2006-03-31": "52.58140", "2005-12-31": "43.05510", "2005-09-30": "43.43850", "2005-06-30": "40.83260", "2005-03-31": "43.60530"}, "ROE - Return On Equity": {"2020-12-31": "3.11940", "2020-09-30": "9.42010", "2020-06-30": "10.34800", "2020-03-31": "9.57850", "2019-12-31": "-4.63770", "2019-09-30": "9.58790", "2019-06-30": "9.34450", "2019-03-31": "9.87530", "2018-12-31": "4.34840", "2018-09-30": "13.66580", "2018-06-30": "9.59040", "2018-03-31": "10.93750", "2017-12-31": "14.31580", "2017-09-30": "9.90300", "2017-06-30": "9.37660", "2017-03-31": "11.69490", "2016-12-31": "6.99750", "2016-09-30": "10.43870", "2016-06-30": "9.10050", "2016-03-31": "9.89150", "2015-12-31": "8.31220", "2015-09-30": "9.05740", "2015-06-30": "8.60480", "2015-03-31": "7.17250", "2014-12-31": "6.99380", "2014-09-30": "4.78120", "2014-06-30": "4.97660", "2014-03-31": "5.47830", "2013-12-31": "4.50090", "2013-09-30": "5.31210", "2013-06-30": "5.10570", "2013-03-31": "5.16420", "2012-12-31": "5.60230", "2012-09-30": "4.19290", "2012-06-30": "4.47970", "2012-03-31": "4.80030", "2011-12-31": "5.32120", "2011-09-30": "4.35110", "2011-06-30": "4.28020", "2011-03-31": "3.91260", "2010-12-31": "2.27750", "2010-09-30": "3.39550", "2010-06-30": "5.73510", "2010-03-31": "3.24370", "2009-12-31": "1.86020", "2009-09-30": "3.73320", "2009-06-30": "3.01910", "2009-03-31": "3.03560", "2008-12-31": "-22.09730", "2008-09-30": "2.89810", "2008-06-30": "2.70390", "2008-03-31": "1.49420", "2007-12-31": "2.23890", "2007-09-30": "2.91680", "2007-06-30": "2.81290", "2007-03-31": "2.41070", "2006-12-31": "2.89500", "2006-09-30": "1.77730", "2006-06-30": "2.59300", "2006-03-31": "2.17820", "2005-12-31": "2.00860", "2005-09-30": "1.71690", "2005-06-30": "2.18890", "2005-03-31": "2.38710"}, "Return On Tangible Equity": {"2020-12-31": "-4.27350", "2020-09-30": "-10.84950", "2020-06-30": "-10.14740", "2020-03-31": "-8.18100", "2019-12-31": "3.74230", "2019-09-30": "-9.23850", "2019-06-30": "-8.04670", "2019-03-31": "-7.67250", "2018-12-31": "-3.00240", "2018-09-30": "-11.31010", "2018-06-30": "-6.65880", "2018-03-31": "-17.59160", "2017-12-31": "-18.99540", "2017-09-30": "-10.78320", "2017-06-30": "-8.49400", "2017-03-31": "-9.42580", "2016-12-31": "-5.11750", "2016-09-30": "-8.98910", "2016-06-30": "-7.62310", "2016-03-31": "-8.12750", "2015-12-31": "-6.61570", "2015-09-30": "-7.63200", "2015-06-30": "-8.43790", "2015-03-31": "-8.46750", "2014-12-31": "-9.67310", "2014-09-30": "-18.40470", "2014-06-30": "-23.22730", "2014-03-31": "-30.48970", "2013-12-31": "-26.29260", "2013-09-30": "-16.12590", "2013-06-30": "-16.95030", "2013-03-31": "-16.47570", "2012-12-31": "-18.27220", "2012-09-30": "-32.18790", "2012-06-30": "-29.46590", "2012-03-31": "-27.60500", "2011-12-31": "-26.98720", "2011-09-30": "-88.28520", "2011-06-30": "-129.67580", "2011-03-31": "420.33900", "2010-12-31": "35.25350", "2010-09-30": "-39.85770", "2010-06-30": "-51.49620", "2010-03-31": "-23.79570", "2009-12-31": "-13.85790", "2009-09-30": "-15.48730", "2009-06-30": "-11.24690", "2009-03-31": "-10.80280", "2008-12-31": "103.86430", "2008-09-30": "-58.10500", "2008-06-30": "-67.55240", "2008-03-31": "-25.31280", "2007-12-31": "-37.39380", "2007-09-30": "-24.42560", "2007-06-30": "-23.62360", "2007-03-31": "-15.76630", "2006-12-31": "-27.59610", "2006-09-30": "-26.46050", "2006-06-30": "-28.81360", "2006-03-31": "-18.14540", "2005-12-31": "-18.49020", "2005-09-30": "-16.28430", "2005-06-30": "-19.17880", "2005-03-31": "-18.13210"}, "ROA - Return On Assets": {"2020-12-31": "0.74210", "2020-09-30": "2.20230", "2020-06-30": "2.31170", "2020-03-31": "2.00910", "2019-12-31": "-0.99540", "2019-09-30": "2.30070", "2019-06-30": "2.17510", "2019-03-31": "2.17100", "2018-12-31": "0.94550", "2018-09-30": "3.27860", "2018-06-30": "2.11090", "2018-03-31": "2.41410", "2017-12-31": "2.90650", "2017-09-30": "2.42520", "2017-06-30": "2.15010", "2017-03-31": "2.55770", "2016-12-31": "1.43670", "2016-09-30": "2.49790", "2016-06-30": "2.14690", "2016-03-31": "2.32320", "2015-12-31": "1.87930", "2015-09-30": "2.15310", "2015-06-30": "2.16280", "2015-03-31": "1.91560", "2014-12-31": "1.90430", "2014-09-30": "1.88880", "2014-06-30": "2.01570", "2014-03-31": "2.26750", "2013-12-31": "1.81190", "2013-09-30": "1.81350", "2013-06-30": "1.77400", "2013-03-31": "1.88700", "2012-12-31": "2.00810", "2012-09-30": "1.81700", "2012-06-30": "1.90280", "2012-03-31": "2.01970", "2011-12-31": "2.16440", "2011-09-30": "2.07170", "2011-06-30": "2.04910", "2011-03-31": "1.85140", "2010-12-31": "0.97420", "2010-09-30": "1.48460", "2010-06-30": "2.49210", "2010-03-31": "1.37760", "2009-12-31": "0.78010", "2009-09-30": "1.50430", "2009-06-30": "1.22060", "2009-03-31": "1.21430", "2008-12-31": "-8.72270", "2008-09-30": "1.53060", "2008-06-30": "1.44320", "2008-03-31": "0.78800", "2007-12-31": "1.18660", "2007-09-30": "1.51760", "2007-06-30": "1.47370", "2007-03-31": "1.22950", "2006-12-31": "1.50270", "2006-09-30": "0.90440", "2006-06-30": "1.31250", "2006-03-31": "1.08000", "2005-12-31": "0.98790", "2005-09-30": "0.85960", "2005-06-30": "1.10330", "2005-03-31": "1.19890"}, "ROI - Return On Investment": {"2020-12-31": "1.32850", "2020-09-30": "3.98750", "2020-06-30": "4.19260", "2020-03-31": "3.71560", "2019-12-31": "-1.89450", "2019-09-30": "3.96060", "2019-06-30": "3.73500", "2019-03-31": "3.81820", "2018-12-31": "1.61300", "2018-09-30": "5.41060", "2018-06-30": "3.48900", "2018-03-31": "3.80570", "2017-12-31": "4.74200", "2017-09-30": "5.05500", "2017-06-30": "4.57240", "2017-03-31": "5.15140", "2016-12-31": "2.98770", "2016-09-30": "4.95310", "2016-06-30": "4.28410", "2016-03-31": "4.63020", "2015-12-31": "3.85460", "2015-09-30": "4.25950", "2015-06-30": "4.21830", "2015-03-31": "3.67610", "2014-12-31": "3.84500", "2014-09-30": "2.99010", "2014-06-30": "3.15530", "2014-03-31": "3.50990", "2013-12-31": "2.88860", "2013-09-30": "3.25180", "2013-06-30": "3.15100", "2013-03-31": "3.64760", "2012-12-31": "3.96460", "2012-09-30": "3.08510", "2012-06-30": "3.27710", "2012-03-31": "3.49590", "2011-12-31": "3.85400", "2011-09-30": "3.27310", "2011-06-30": "3.23260", "2011-03-31": "2.98510", "2010-12-31": "1.76110", "2010-09-30": "2.69380", "2010-06-30": "4.52850", "2010-03-31": "2.54980", "2009-12-31": "1.39830", "2009-09-30": "2.79130", "2009-06-30": "2.36850", "2009-03-31": "2.37520", "2008-12-31": "-17.14510", "2008-09-30": "2.37780", "2008-06-30": "2.22510", "2008-03-31": "1.22160", "2007-12-31": "1.83290", "2007-09-30": "2.36790", "2007-06-30": "2.28520", "2007-03-31": "1.93750", "2006-12-31": "2.33420", "2006-09-30": "1.45790", "2006-06-30": "2.11820", "2006-03-31": "1.76660", "2005-12-31": "1.63210", "2005-09-30": "1.35240", "2005-06-30": "1.72120", "2005-03-31": "1.86530"}, "Book Value Per Share": {"2020-12-31": "63.45480", "2020-09-30": "62.78340", "2020-06-30": "58.25760", "2020-03-31": "54.23130", "2019-12-31": "52.54160", "2019-09-30": "57.68160", "2019-06-30": "54.42220", "2019-03-31": "51.44400", "2018-12-31": "47.98750", "2018-09-30": "52.39830", "2018-06-30": "47.21270", "2018-03-31": "44.04120", "2017-12-31": "40.96830", "2017-09-30": "37.29940", "2017-06-30": "33.98780", "2017-03-31": "31.81890", "2016-12-31": "30.03980", "2016-09-30": "32.62170", "2016-06-30": "31.74510", "2016-03-31": "31.08460", "2015-12-31": "30.45730", "2015-09-30": "31.16130", "2015-06-30": "32.75810", "2015-03-31": "34.58530", "2014-12-31": "36.36960", "2014-09-30": "48.69150", "2014-06-30": "49.09910", "2014-03-31": "49.15650", "2013-12-31": "48.80540", "2013-09-30": "41.80970", "2013-06-30": "41.41210", "2013-03-31": "40.27600", "2012-12-31": "39.77260", "2012-09-30": "44.55580", "2012-06-30": "43.19890", "2012-03-31": "41.79440", "2011-12-31": "40.71050", "2011-09-30": "45.00620", "2011-06-30": "43.70430", "2011-03-31": "43.32550", "2010-12-31": "46.17870", "2010-09-30": "45.14970", "2010-06-30": "43.74210", "2010-03-31": "42.01930", "2009-12-31": "41.34390", "2009-09-30": "39.49260", "2009-06-30": "38.19140", "2009-03-31": "37.13560", "2008-12-31": "36.45120", "2008-09-30": "53.69770", "2008-06-30": "52.92790", "2008-03-31": "51.89650", "2007-12-31": "52.35400", "2007-09-30": "49.56860", "2007-06-30": "48.82390", "2007-03-31": "47.67360", "2006-12-31": "48.03110", "2006-09-30": "50.21210", "2006-06-30": "49.49320", "2006-03-31": "48.40620", "2005-12-31": "48.44580", "2005-09-30": "47.78420", "2005-06-30": "47.15160", "2005-03-31": "46.38040"}, "Operating Cash Flow Per Share": {"2020-12-31": 9.5296, "2020-09-30": 8.1231, "2020-06-30": 13.9302, "2020-03-31": "-5.89670", "2019-12-31": 14.4878, "2019-09-30": 6.7135, "2019-06-30": 9.4238, "2019-03-31": "-5.34860", "2018-12-31": 13.6282, "2018-09-30": 4.6531, "2018-06-30": 4.9886, "2018-03-31": "-1.35120", "2017-12-31": 9.1417, "2017-09-30": 5.3512, "2017-06-30": 2.8804, "2017-03-31": "-2.49290", "2016-12-31": 8.4464, "2016-09-30": 4.1409, "2016-06-30": 3.3244, "2016-03-31": "-0.32720", "2015-12-31": 8.4686, "2015-09-30": 2.9599, "2015-06-30": 3.1172, "2015-03-31": "-3.26180", "2014-12-31": 6.9529, "2014-09-30": 4.4825, "2014-06-30": 2.614, "2014-03-31": "-1.82400", "2013-12-31": 5.117, "2013-09-30": 4.1134, "2013-06-30": 1.3812, "2013-03-31": "0.00410", "2012-12-31": 4.139, "2012-09-30": 3.2522, "2012-06-30": 3.4341, "2012-03-31": "-0.40700", "2011-12-31": 4.6679, "2011-09-30": 3.379, "2011-06-30": -0.132, "2011-03-31": "-0.40420", "2010-12-31": 4.5648, "2010-09-30": 3.2923, "2010-06-30": 2.0244, "2010-03-31": "-1.73470", "2009-12-31": 2.8484, "2009-09-30": 1.7296, "2009-06-30": 2.5375, "2009-03-31": "-0.51790", "2008-12-31": 3.2072, "2008-09-30": 4.0644, "2008-06-30": 1.7724, "2008-03-31": "0.55540", "2007-12-31": 2.0423, "2007-09-30": 2.9032, "2007-06-30": 2.095, "2007-03-31": "1.11640", "2006-12-31": 0.666, "2006-09-30": 2.7369, "2006-06-30": 1.8217, "2006-03-31": "-0.32780", "2005-12-31": 1.8022, "2005-09-30": 2.4844, "2005-06-30": 2.2297, "2005-03-31": "0.71660"}, "Free Cash Flow Per Share": {"2020-12-31": 7.2294, "2020-09-30": 6.4076, "2020-06-30": 12.3117, "2020-03-31": "-7.51190", "2019-12-31": 11.72, "2019-09-30": 5.1934, "2019-06-30": 7.9401, "2019-03-31": "-7.01230", "2018-12-31": 10.9687, "2018-09-30": 3.0325, "2018-06-30": 3.8541, "2018-03-31": "-3.09010", "2017-12-31": 7.5649, "2017-09-30": 4.1106, "2017-06-30": 1.6397, "2017-03-31": "-3.71950", "2016-12-31": 6.7347, "2016-09-30": 3.3506, "2016-06-30": 2.3542, "2016-03-31": "-1.95200", "2015-12-31": 7.7879, "2015-09-30": 2.3801, "2015-06-30": 2.5031, "2015-03-31": "-3.84540", "2014-12-31": 5.6703, "2014-09-30": 3.938, "2014-06-30": 2.0683, "2014-03-31": "-2.09620", "2013-12-31": 4.326, "2013-09-30": 3.7187, "2013-06-30": 1.1765, "2013-03-31": "-0.16180", "2012-12-31": 3.6103, "2012-09-30": 2.993, "2012-06-30": 3.2297, "2012-03-31": "-0.72090", "2011-12-31": 4.0879, "2011-09-30": 2.9674, "2011-06-30": -0.4733, "2011-03-31": "-0.81850", "2010-12-31": 3.6333, "2010-09-30": 2.8668, "2010-06-30": 1.775, "2010-03-31": "-2.07120", "2009-12-31": 2.7453, "2009-09-30": 1.2813, "2009-06-30": 2.1137, "2009-03-31": "-1.00570", "2008-12-31": 2.4768, "2008-09-30": 3.5639, "2008-06-30": 1.3768, "2008-03-31": "0.14600", "2007-12-31": 1.2972, "2007-09-30": 2.5368, "2007-06-30": 1.7254, "2007-03-31": "0.67540", "2006-12-31": 0.0594, "2006-09-30": 2.2577, "2006-06-30": 1.4009, "2006-03-31": "-0.80390", "2005-12-31": 0.9773, "2005-09-30": 2.0073, "2005-06-30": 1.8219, "2005-03-31": "0.19070"}}, "revenue": {"Northrop Grumman Annual Revenue (Millions of US $)": {"2020": "$36,799", "2019": "$33,841", "2018": "$30,095", "2017": "$26,004", "2016": "$24,706", "2015": "$23,526", "2014": "$23,979", "2013": "$24,661", "2012": "$25,218", "2011": "$26,412", "2010": "$28,143", "2009": "$27,650", "2008": "$32,315", "2007": "$30,341", "2006": "$29,991", "2005": "$29,978"}, "Northrop Grumman Quarterly Revenue (Millions of US $)": {"2020-12-31": "$10,212", "2020-09-30": "$9,083", "2020-06-30": "$8,884", "2020-03-31": "$8,620", "2019-12-31": "$8,721", "2019-09-30": "$8,475", "2019-06-30": "$8,456", "2019-03-31": "$8,189", "2018-12-31": "$8,156", "2018-09-30": "$8,085", "2018-06-30": "$7,119", "2018-03-31": "$6,735", "2017-12-31": "$6,552", "2017-09-30": "$6,569", "2017-06-30": "$6,473", "2017-03-31": "$6,410", "2016-12-31": "$6,595", "2016-09-30": "$6,155", "2016-06-30": "$6,000", "2016-03-31": "$5,956", "2015-12-31": "$5,694", "2015-09-30": "$5,979", "2015-06-30": "$5,896", "2015-03-31": "$5,957", "2014-12-31": "$6,108", "2014-09-30": "$5,984", "2014-06-30": "$6,039", "2014-03-31": "$5,848", "2013-12-31": "$6,157", "2013-09-30": "$6,106", "2013-06-30": "$6,294", "2013-03-31": "$6,104", "2012-12-31": "$6,476", "2012-09-30": "$6,270", "2012-06-30": "$6,274", "2012-03-31": "$6,198", "2011-12-31": "$6,506", "2011-09-30": "$6,612", "2011-06-30": "$6,560", "2011-03-31": "$6,734", "2010-12-31": "$6,903", "2010-09-30": "$7,071", "2010-06-30": "$7,255", "2010-03-31": "$6,914", "2009-12-31": "$2,820", "2009-09-30": "$8,350", "2009-06-30": "$8,545", "2009-03-31": "$7,935", "2008-12-31": "$7,582", "2008-09-30": "$8,381", "2008-06-30": "$8,628", "2008-03-31": "$7,724", "2007-12-31": "$7,278", "2007-09-30": "$7,871", "2007-06-30": "$7,878", "2007-03-31": "$7,314", "2006-12-31": "$7,868", "2006-09-30": "$7,429", "2006-06-30": "$7,601", "2006-03-31": "$7,093", "2005-12-31": "$7,427", "2005-09-30": "$7,291", "2005-06-30": "$7,807", "2005-03-31": "$7,453"}}, "gross-profit": {"Northrop Grumman Annual Gross Profit (Millions of US $)": {"2020": "$7,478", "2019": "$7,259", "2018": "$6,791", "2017": "$5,930", "2016": "$5,909", "2015": "$5,642", "2014": "$5,601", "2013": "$5,379", "2012": "$5,580", "2011": "$5,626", "2010": "$5,294", "2009": "$4,845", "2008": "$5,940", "2007": "$5,987", "2006": "$5,496", "2005": "$5,080"}, "Northrop Grumman Quarterly Gross Profit (Millions of US $)": {"2020-12-31": "$2,090", "2020-09-30": "$1,840", "2020-06-30": "$1,826", "2020-03-31": "$1,722", "2019-12-31": "$2,106", "2019-09-30": "$1,727", "2019-06-30": "$1,730", "2019-03-31": "$1,696", "2018-12-31": "$1,687", "2018-09-30": "$1,989", "2018-06-30": "$1,556", "2018-03-31": "$1,559", "2017-12-31": "$1,295", "2017-09-30": "$1,516", "2017-06-30": "$1,559", "2017-03-31": "$1,560", "2016-12-31": "$1,609", "2016-09-30": "$1,488", "2016-06-30": "$1,417", "2016-03-31": "$1,395", "2015-12-31": "$1,316", "2015-09-30": "$1,457", "2015-06-30": "$1,454", "2015-03-31": "$1,415", "2014-12-31": "$1,455", "2014-09-30": "$1,349", "2014-06-30": "$1,410", "2014-03-31": "$1,387", "2013-12-31": "$1,329", "2013-09-30": "$1,345", "2013-06-30": "$1,388", "2013-03-31": "$1,317", "2012-12-31": "$1,561", "2012-09-30": "$1,308", "2012-06-30": "$1,354", "2012-03-31": "$1,357", "2011-12-31": "$1,436", "2011-09-30": "$1,414", "2011-06-30": "$1,397", "2011-03-31": "$1,379", "2010-12-31": "$1,323", "2010-09-30": "$1,297", "2010-06-30": "$1,371", "2010-03-31": "$1,303", "2009-12-31": "$790", "2009-09-30": "$1,363", "2009-06-30": "$1,355", "2009-03-31": "$1,337", "2008-12-31": "$1,579", "2008-09-30": "$1,556", "2008-06-30": "$1,603", "2008-03-31": "$1,202", "2007-12-31": "$1,430", "2007-09-30": "$1,589", "2007-06-30": "$1,571", "2007-03-31": "$1,397", "2006-12-31": "$1,434", "2006-09-30": "$1,335", "2006-06-30": "$1,446", "2006-03-31": "$1,281", "2005-12-31": "$1,415", "2005-09-30": "$1,098", "2005-06-30": "$1,310", "2005-03-31": "$1,257"}}, "operating-income": {"Northrop Grumman Annual Operating Income (Millions of US $)": {"2020": "$4,065", "2019": "$3,969", "2018": "$3,780", "2017": "$3,218", "2016": "$3,277", "2015": "$3,076", "2014": "$3,196", "2013": "$3,123", "2012": "$3,130", "2011": "$3,276", "2010": "$2,827", "2009": "$2,274", "2008": "$-263", "2007": "$2,925", "2006": "$2,494", "2005": "$2,200"}, "Northrop Grumman Quarterly Operating Income (Millions of US $)": {"2020-12-31": "$1,152", "2020-09-30": "$985", "2020-06-30": "$994", "2020-03-31": "$934", "2019-12-31": "$1,136", "2019-09-30": "$951", "2019-06-30": "$946", "2019-03-31": "$936", "2018-12-31": "$943", "2018-09-30": "$1,172", "2018-06-30": "$817", "2018-03-31": "$848", "2017-12-31": "$646", "2017-09-30": "$837", "2017-06-30": "$873", "2017-03-31": "$862", "2016-12-31": "$915", "2016-09-30": "$826", "2016-06-30": "$797", "2016-03-31": "$739", "2015-12-31": "$689", "2015-09-30": "$794", "2015-06-30": "$813", "2015-03-31": "$780", "2014-12-31": "$762", "2014-09-30": "$769", "2014-06-30": "$820", "2014-03-31": "$845", "2013-12-31": "$768", "2013-09-30": "$790", "2013-06-30": "$806", "2013-03-31": "$759", "2012-12-31": "$824", "2012-09-30": "$736", "2012-06-30": "$774", "2012-03-31": "$796", "2011-12-31": "$799", "2011-09-30": "$825", "2011-06-30": "$841", "2011-03-31": "$811", "2010-12-31": "$675", "2010-09-30": "$723", "2010-06-30": "$750", "2010-03-31": "$679", "2009-12-31": "$422", "2009-09-30": "$619", "2009-06-30": "$614", "2009-03-31": "$619", "2008-12-31": "$-2,304", "2008-09-30": "$771", "2008-06-30": "$806", "2008-03-31": "$464", "2007-12-31": "$666", "2007-09-30": "$806", "2007-06-30": "$763", "2007-03-31": "$690", "2006-12-31": "$659", "2006-09-30": "$549", "2006-06-30": "$682", "2006-03-31": "$604", "2005-12-31": "$546", "2005-09-30": "$438", "2005-06-30": "$621", "2005-03-31": "$595"}}, "ebitda": {"Northrop Grumman Annual EBITDA (Millions of US $)": {"2020": "$5,332", "2019": "$5,234", "2018": "$4,580", "2017": "$3,693", "2016": "$3,733", "2015": "$3,543", "2014": "$3,658", "2013": "$3,618", "2012": "$3,640", "2011": "$3,820", "2010": "$3,382", "2009": "$2,824", "2008": "$3,553", "2007": "$3,647", "2006": "$3,183", "2005": "$2,954"}, "Northrop Grumman Quarterly EBITDA (Millions of US $)": {"2020-12-31": "$1,497", "2020-09-30": "$1,302", "2020-06-30": "$1,302", "2020-03-31": "$1,231", "2019-12-31": "$1,477", "2019-09-30": "$1,269", "2019-06-30": "$1,250", "2019-03-31": "$1,238", "2018-12-31": "$1,209", "2018-09-30": "$1,425", "2018-06-30": "$976", "2018-03-31": "$970", "2017-12-31": "$798", "2017-09-30": "$947", "2017-06-30": "$982", "2017-03-31": "$966", "2016-12-31": "$1,049", "2016-09-30": "$939", "2016-06-30": "$903", "2016-03-31": "$842", "2015-12-31": "$827", "2015-09-30": "$907", "2015-06-30": "$930", "2015-03-31": "$879", "2014-12-31": "$902", "2014-09-30": "$874", "2014-06-30": "$928", "2014-03-31": "$954", "2013-12-31": "$918", "2013-09-30": "$910", "2013-06-30": "$921", "2013-03-31": "$869", "2012-12-31": "$963", "2012-09-30": "$864", "2012-06-30": "$897", "2012-03-31": "$916", "2011-12-31": "$956", "2011-09-30": "$957", "2011-06-30": "$975", "2011-03-31": "$932", "2010-12-31": "$835", "2010-09-30": "$859", "2010-06-30": "$880", "2010-03-31": "$808", "2009-12-31": "$435", "2009-09-30": "$803", "2009-06-30": "$793", "2009-03-31": "$793", "2008-12-31": "$948", "2008-09-30": "$950", "2008-06-30": "$993", "2008-03-31": "$662", "2007-12-31": "$874", "2007-09-30": "$981", "2007-06-30": "$936", "2007-03-31": "$856", "2006-12-31": "$840", "2006-09-30": "$714", "2006-06-30": "$852", "2006-03-31": "$777", "2005-12-31": "$757", "2005-09-30": "$626", "2005-06-30": "$803", "2005-03-31": "$768"}}, "net-income": {"Northrop Grumman Annual Net Income (Millions of US $)": {"2020": "$3,189", "2019": "$2,248", "2018": "$3,229", "2017": "$2,869", "2016": "$2,043", "2015": "$1,990", "2014": "$2,069", "2013": "$1,952", "2012": "$1,978", "2011": "$2,118", "2010": "$2,053", "2009": "$1,686", "2008": "$-1,262", "2007": "$1,790", "2006": "$1,542", "2005": "$1,400"}, "Northrop Grumman Quarterly Net Income (Millions of US $)": {"2020-12-31": "$330", "2020-09-30": "$986", "2020-06-30": "$1,005", "2020-03-31": "$868", "2019-12-31": "$-409", "2019-09-30": "$933", "2019-06-30": "$861", "2019-03-31": "$863", "2018-12-31": "$356", "2018-09-30": "$1,244", "2018-06-30": "$789", "2018-03-31": "$840", "2017-12-31": "$1,021", "2017-09-30": "$643", "2017-06-30": "$555", "2017-03-31": "$650", "2016-12-31": "$368", "2016-09-30": "$602", "2016-06-30": "$517", "2016-03-31": "$556", "2015-12-31": "$459", "2015-09-30": "$516", "2015-06-30": "$531", "2015-03-31": "$484", "2014-12-31": "$506", "2014-09-30": "$473", "2014-06-30": "$511", "2014-03-31": "$579", "2013-12-31": "$478", "2013-09-30": "$497", "2013-06-30": "$488", "2013-03-31": "$489", "2012-12-31": "$533", "2012-09-30": "$459", "2012-06-30": "$480", "2012-03-31": "$506", "2011-12-31": "$548", "2011-09-30": "$520", "2011-06-30": "$520", "2011-03-31": "$530", "2010-12-31": "$376", "2010-09-30": "$497", "2010-06-30": "$711", "2010-03-31": "$469", "2009-12-31": "$413", "2009-09-30": "$490", "2009-06-30": "$394", "2009-03-31": "$389", "2008-12-31": "$-2,533", "2008-09-30": "$512", "2008-06-30": "$495", "2008-03-31": "$264", "2007-12-31": "$454", "2007-09-30": "$489", "2007-06-30": "$460", "2007-03-31": "$387", "2006-12-31": "$452", "2006-09-30": "$302", "2006-06-30": "$430", "2006-03-31": "$358", "2005-12-31": "$331", "2005-09-30": "$293", "2005-06-30": "$367", "2005-03-31": "$409"}}, "eps-earnings-per-share-diluted": {"Northrop Grumman Annual EPS": {"2020": "$19.03", "2019": "$13.22", "2018": "$18.49", "2017": "$16.34", "2016": "$11.32", "2015": "$10.39", "2014": "$9.75", "2013": "$8.35", "2012": "$7.81", "2011": "$7.52", "2010": "$6.82", "2009": "$5.21", "2008": "$-3.77", "2007": "$5.12", "2006": "$4.37", "2005": "$3.85"}, "Northrop Grumman Quarterly EPS": {"2020-12-31": "$1.98", "2020-09-30": "$5.89", "2020-06-30": "$6.01", "2020-03-31": "$5.15", "2019-12-31": "$-2.39", "2019-09-30": "$5.49", "2019-06-30": "$5.06", "2019-03-31": "$5.06", "2018-12-31": "$2.09", "2018-09-30": "$7.11", "2018-06-30": "$4.50", "2018-03-31": "$4.79", "2017-12-31": "$5.82", "2017-09-30": "$3.67", "2017-06-30": "$3.16", "2017-03-31": "$3.69", "2016-12-31": "$2.09", "2016-09-30": "$3.35", "2016-06-30": "$2.85", "2016-03-31": "$3.03", "2015-12-31": "$2.49", "2015-09-30": "$2.75", "2015-06-30": "$2.74", "2015-03-31": "$2.41", "2014-12-31": "$2.49", "2014-09-30": "$2.26", "2014-06-30": "$2.37", "2014-03-31": "$2.63", "2013-12-31": "$2.13", "2013-09-30": "$2.14", "2013-06-30": "$2.05", "2013-03-31": "$2.03", "2012-12-31": "$2.15", "2012-09-30": "$1.82", "2012-06-30": "$1.88", "2012-03-31": "$1.96", "2011-12-31": "$2.06", "2011-09-30": "$1.86", "2011-06-30": "$1.81", "2011-03-31": "$1.79", "2010-12-31": "$1.28", "2010-09-30": "$1.67", "2010-06-30": "$2.34", "2010-03-31": "$1.53", "2009-12-31": "$1.30", "2009-09-30": "$1.53", "2009-06-30": "$1.21", "2009-03-31": "$1.17", "2008-12-31": "$-7.48", "2008-09-30": "$1.51", "2008-06-30": "$1.44", "2008-03-31": "$0.76", "2007-12-31": "$1.30", "2007-09-30": "$1.41", "2007-06-30": "$1.31", "2007-03-31": "$1.10", "2006-12-31": "$1.26", "2006-09-30": "$0.86", "2006-06-30": "$1.23", "2006-03-31": "$1.02", "2005-12-31": "$0.93", "2005-09-30": "$0.81", "2005-06-30": "$1.00", "2005-03-31": "$1.11"}}, "shares-outstanding": {"Northrop Grumman Annual Shares Outstanding (Millions of Shares)": {"2020": "168", "2019": "170", "2018": "175", "2017": "176", "2016": "181", "2015": "192", "2014": "212", "2013": "234", "2012": "253", "2011": "282", "2010": "301", "2009": "323", "2008": "335", "2007": "354", "2006": "359", "2005": "363"}, "Northrop Grumman Quarterly Shares Outstanding (Millions of Shares)": {"2020-12-31": "168", "2020-09-30": "167", "2020-06-30": "167", "2020-03-31": "168", "2019-12-31": "170", "2019-09-30": "170", "2019-06-30": "170", "2019-03-31": "171", "2018-12-31": "175", "2018-09-30": "175", "2018-06-30": "175", "2018-03-31": "175", "2017-12-31": "176", "2017-09-30": "175", "2017-06-30": "176", "2017-03-31": "176", "2016-12-31": "181", "2016-09-30": "180", "2016-06-30": "182", "2016-03-31": "183", "2015-12-31": "192", "2015-09-30": "188", "2015-06-30": "194", "2015-03-31": "201", "2014-12-31": "212", "2014-09-30": "209", "2014-06-30": "215", "2014-03-31": "220", "2013-12-31": "234", "2013-09-30": "233", "2013-06-30": "238", "2013-03-31": "241", "2012-12-31": "253", "2012-09-30": "252", "2012-06-30": "255", "2012-03-31": "258", "2011-12-31": "282", "2011-09-30": "279", "2011-06-30": "287", "2011-03-31": "297", "2010-12-31": "301", "2010-09-30": "298", "2010-06-30": "304", "2010-03-31": "306", "2009-12-31": "323", "2009-09-30": "321", "2009-06-30": "326", "2009-03-31": "332", "2008-12-31": "335", "2008-09-30": "340", "2008-06-30": "344", "2008-03-31": "349", "2007-12-31": "354", "2007-09-30": "353", "2007-06-30": "355", "2007-03-31": "358", "2006-12-31": "359", "2006-09-30": "351", "2006-06-30": "350", "2006-03-31": "351", "2005-12-31": "363", "2005-09-30": "362", "2005-06-30": "365", "2005-03-31": "367"}}, "total-assets": {"Northrop Grumman Annual Total Assets (Millions of US $)": {"2020": "$44,469", "2019": "$41,089", "2018": "$37,653", "2017": "$35,128", "2016": "$25,614", "2015": "$24,424", "2014": "$26,572", "2013": "$26,381", "2012": "$26,543", "2011": "$25,411", "2010": "$31,410", "2009": "$30,252", "2008": "$30,197", "2007": "$33,373", "2006": "$32,009", "2005": "$34,214"}, "Northrop Grumman Quarterly Total Assets (Millions of US $)": {"2020-12-31": "$44,469", "2020-09-30": "$44,772", "2020-06-30": "$43,475", "2020-03-31": "$43,203", "2019-12-31": "$41,089", "2019-09-30": "$40,553", "2019-06-30": "$39,584", "2019-03-31": "$39,751", "2018-12-31": "$37,653", "2018-09-30": "$37,943", "2018-06-30": "$37,378", "2018-03-31": "$34,795", "2017-12-31": "$35,128", "2017-09-30": "$26,513", "2017-06-30": "$25,813", "2017-03-31": "$25,413", "2016-12-31": "$25,614", "2016-09-30": "$24,100", "2016-06-30": "$24,081", "2016-03-31": "$23,933", "2015-12-31": "$24,424", "2015-09-30": "$23,966", "2015-06-30": "$24,552", "2015-03-31": "$25,266", "2014-12-31": "$26,572", "2014-09-30": "$25,043", "2014-06-30": "$25,351", "2014-03-31": "$25,535", "2013-12-31": "$26,381", "2013-09-30": "$27,405", "2013-06-30": "$27,508", "2013-03-31": "$25,914", "2012-12-31": "$26,543", "2012-09-30": "$25,262", "2012-06-30": "$25,226", "2012-03-31": "$25,053", "2011-12-31": "$25,411", "2011-09-30": "$25,100", "2011-06-30": "$25,377", "2011-03-31": "$26,790", "2010-12-31": "$31,410", "2010-09-30": "$30,176", "2010-06-30": "$29,694", "2010-03-31": "$29,762", "2009-12-31": "$30,252", "2009-09-30": "$30,845", "2009-06-30": "$30,148", "2009-03-31": "$30,142", "2008-12-31": "$30,197", "2008-09-30": "$33,254", "2008-06-30": "$33,467", "2008-03-31": "$33,375", "2007-12-31": "$33,373", "2007-09-30": "$32,223", "2007-06-30": "$32,028", "2007-03-31": "$32,045", "2006-12-31": "$32,009", "2006-09-30": "$34,055", "2006-06-30": "$33,676", "2006-03-31": "$33,517", "2005-12-31": "$34,214", "2005-09-30": "$33,851", "2005-06-30": "$33,446", "2005-03-31": "$33,196"}}, "cash-on-hand": {"Northrop Grumman Annual Cash on Hand (Millions of US $)": {"2020": "$4,907", "2019": "$2,245", "2018": "$1,579", "2017": "$11,225", "2016": "$2,541", "2015": "$2,319", "2014": "$3,863", "2013": "$5,150", "2012": "$3,862", "2011": "$3,002", "2010": "$3,701", "2009": "$3,275", "2008": "$1,504", "2007": "$963", "2006": "$1,015", "2005": "$1,605"}, "Northrop Grumman Quarterly Cash on Hand (Millions of US $)": {"2020-12-31": "$4,907", "2020-09-30": "$4,995", "2020-06-30": "$4,178", "2020-03-31": "$3,278", "2019-12-31": "$2,245", "2019-09-30": "$1,127", "2019-06-30": "$1,088", "2019-03-31": "$755", "2018-12-31": "$1,579", "2018-09-30": "$1,228", "2018-06-30": "$1,539", "2018-03-31": "$10,369", "2017-12-31": "$11,225", "2017-09-30": "$1,878", "2017-06-30": "$1,383", "2017-03-31": "$1,403", "2016-12-31": "$2,541", "2016-09-30": "$1,103", "2016-06-30": "$1,139", "2016-03-31": "$1,277", "2015-12-31": "$2,319", "2015-09-30": "$1,292", "2015-06-30": "$1,907", "2015-03-31": "$2,646", "2014-12-31": "$3,863", "2014-09-30": "$3,402", "2014-06-30": "$3,476", "2014-03-31": "$3,885", "2013-12-31": "$5,150", "2013-09-30": "$4,944", "2013-06-30": "$4,904", "2013-03-31": "$3,183", "2012-12-31": "$3,862", "2012-09-30": "$3,525", "2012-06-30": "$3,148", "2012-03-31": "$2,682", "2011-12-31": "$3,002", "2011-09-30": "$2,946", "2011-06-30": "$2,810", "2011-03-31": "$4,019", "2010-12-31": "$3,701", "2010-09-30": "$2,528", "2010-06-30": "$2,044", "2010-03-31": "$1,961", "2009-12-31": "$3,275", "2009-09-30": "$1,924", "2009-06-30": "$1,056", "2009-03-31": "$882", "2008-12-31": "$1,504", "2008-09-30": "$1,016", "2008-06-30": "$581", "2008-03-31": "$429", "2007-12-31": "$963", "2007-09-30": "$713", "2007-06-30": "$521", "2007-03-31": "$362", "2006-12-31": "$1,015", "2006-09-30": "$1,463", "2006-06-30": "$751", "2006-03-31": "$373", "2005-12-31": "$1,605", "2005-09-30": "$1,712", "2005-06-30": "$1,215", "2005-03-31": "$784"}}, "long-term-debt": {"Northrop Grumman Annual Long Term Debt (Millions of US $)": {"2020": "$14,261", "2019": "$12,770", "2018": "$13,883", "2017": "$14,399", "2016": "$7,058", "2015": "$6,386", "2014": "$5,925", "2013": "$5,928", "2012": "$3,930", "2011": "$3,935", "2010": "$3,940", "2009": "$4,191", "2008": "$3,443", "2007": "$3,918", "2006": "$3,992", "2005": "$3,881"}, "Northrop Grumman Quarterly Long Term Debt (Millions of US $)": {"2020-12-31": "$14,261", "2020-09-30": "$14,260", "2020-06-30": "$14,259", "2020-03-31": "$14,299", "2019-12-31": "$12,770", "2019-09-30": "$13,826", "2019-06-30": "$13,838", "2019-03-31": "$13,863", "2018-12-31": "$13,883", "2018-09-30": "$13,889", "2018-06-30": "$14,387", "2018-03-31": "$14,392", "2017-12-31": "$14,399", "2017-09-30": "$6,227", "2017-06-30": "$6,219", "2017-03-31": "$7,060", "2016-12-31": "$7,058", "2016-09-30": "$6,387", "2016-06-30": "$6,387", "2016-03-31": "$6,387", "2015-12-31": "$6,386", "2015-09-30": "$6,417", "2015-06-30": "$6,417", "2015-03-31": "$6,418", "2014-12-31": "$5,925", "2014-09-30": "$5,926", "2014-06-30": "$5,927", "2014-03-31": "$5,927", "2013-12-31": "$5,928", "2013-09-30": "$5,928", "2013-06-30": "$5,929", "2013-03-31": "$3,937", "2012-12-31": "$3,930", "2012-09-30": "$3,931", "2012-06-30": "$3,932", "2012-03-31": "$3,933", "2011-12-31": "$3,935", "2011-09-30": "$3,936", "2011-06-30": "$3,937", "2011-03-31": "$3,939", "2010-12-31": "$3,940", "2010-09-30": "$3,437", "2010-06-30": "$3,438", "2010-03-31": "$3,440", "2009-12-31": "$4,191", "2009-09-30": "$4,194", "2009-06-30": "$3,348", "2009-03-31": "$3,352", "2008-12-31": "$3,443", "2008-09-30": "$3,843", "2008-06-30": "$3,844", "2008-03-31": "$3,928", "2007-12-31": "$3,918", "2007-09-30": "$3,886", "2007-06-30": "$3,875", "2007-03-31": "$3,992", "2006-12-31": "$3,992", "2006-09-30": "$3,796", "2006-06-30": "$3,821", "2006-03-31": "$3,872", "2005-12-31": "$3,881", "2005-09-30": "$4,569", "2005-06-30": "$4,581", "2005-03-31": "$4,664"}}, "total-liabilities": {"Northrop Grumman Annual Total Liabilities (Millions of US $)": {"2020": "$33,890", "2019": "$32,270", "2018": "$29,466", "2017": "$27,996", "2016": "$20,355", "2015": "$18,902", "2014": "$19,337", "2013": "$15,761", "2012": "$17,029", "2011": "$15,075", "2010": "$17,974", "2009": "$17,565", "2008": "$18,277", "2007": "$15,686", "2006": "$15,394", "2005": "$17,386"}, "Northrop Grumman Quarterly Total Liabilities (Millions of US $)": {"2020-12-31": "$33,890", "2020-09-30": "$34,305", "2020-06-30": "$33,763", "2020-03-31": "$34,141", "2019-12-31": "$32,270", "2019-09-30": "$30,822", "2019-06-30": "$30,370", "2019-03-31": "$31,012", "2018-12-31": "$29,466", "2018-09-30": "$28,840", "2018-06-30": "$29,151", "2018-03-31": "$27,115", "2017-12-31": "$27,996", "2017-09-30": "$20,020", "2017-06-30": "$19,894", "2017-03-31": "$19,855", "2016-12-31": "$20,355", "2016-09-30": "$18,333", "2016-06-30": "$18,400", "2016-03-31": "$18,312", "2015-12-31": "$18,902", "2015-09-30": "$18,269", "2015-06-30": "$18,381", "2015-03-31": "$18,518", "2014-12-31": "$19,337", "2014-09-30": "$15,150", "2014-06-30": "$15,083", "2014-03-31": "$14,966", "2013-12-31": "$15,761", "2013-09-30": "$18,049", "2013-06-30": "$17,950", "2013-03-31": "$16,445", "2012-12-31": "$17,029", "2012-09-30": "$14,315", "2012-06-30": "$14,511", "2012-03-31": "$14,512", "2011-12-31": "$15,075", "2011-09-30": "$13,149", "2011-06-30": "$13,228", "2011-03-31": "$14,113", "2010-12-31": "$17,974", "2010-09-30": "$16,982", "2010-06-30": "$16,791", "2010-03-31": "$17,122", "2009-12-31": "$17,565", "2009-09-30": "$18,416", "2009-06-30": "$17,959", "2009-03-31": "$18,085", "2008-12-31": "$18,277", "2008-09-30": "$15,691", "2008-06-30": "$15,604", "2008-03-31": "$15,774", "2007-12-31": "$15,686", "2007-09-30": "$15,458", "2007-06-30": "$15,248", "2007-03-31": "$15,701", "2006-12-31": "$15,394", "2006-09-30": "$16,725", "2006-06-30": "$16,630", "2006-03-31": "$16,898", "2005-12-31": "$17,386", "2005-09-30": "$16,902", "2005-06-30": "$16,588", "2005-03-31": "$16,523"}}, "total-share-holder-equity": {"Northrop Grumman Annual Share Holder Equity (Millions of US $)": {"2020": "$10,579", "2019": "$8,819", "2018": "$8,187", "2017": "$7,132", "2016": "$5,259", "2015": "$5,522", "2014": "$7,235", "2013": "$10,620", "2012": "$9,514", "2011": "$10,336", "2010": "$13,436", "2009": "$12,687", "2008": "$11,920", "2007": "$17,687", "2006": "$16,615", "2005": "$16,828"}, "Northrop Grumman Quarterly Share Holder Equity (Millions of US $)": {"2020-12-31": "$10,579", "2020-09-30": "$10,467", "2020-06-30": "$9,712", "2020-03-31": "$9,062", "2019-12-31": "$8,819", "2019-09-30": "$9,731", "2019-06-30": "$9,214", "2019-03-31": "$8,739", "2018-12-31": "$8,187", "2018-09-30": "$9,103", "2018-06-30": "$8,227", "2018-03-31": "$7,680", "2017-12-31": "$7,132", "2017-09-30": "$6,493", "2017-06-30": "$5,919", "2017-03-31": "$5,558", "2016-12-31": "$5,259", "2016-09-30": "$5,767", "2016-06-30": "$5,681", "2016-03-31": "$5,621", "2015-12-31": "$5,522", "2015-09-30": "$5,697", "2015-06-30": "$6,171", "2015-03-31": "$6,748", "2014-12-31": "$7,235", "2014-09-30": "$9,893", "2014-06-30": "$10,268", "2014-03-31": "$10,569", "2013-12-31": "$10,620", "2013-09-30": "$9,356", "2013-06-30": "$9,558", "2013-03-31": "$9,469", "2012-12-31": "$9,514", "2012-09-30": "$10,947", "2012-06-30": "$10,715", "2012-03-31": "$10,541", "2011-12-31": "$10,336", "2011-09-30": "$11,951", "2011-06-30": "$12,149", "2011-03-31": "$12,677", "2010-12-31": "$13,436", "2010-09-30": "$13,194", "2010-06-30": "$12,903", "2010-03-31": "$12,640", "2009-12-31": "$12,687", "2009-09-30": "$12,429", "2009-06-30": "$12,189", "2009-03-31": "$12,057", "2008-12-31": "$11,920", "2008-09-30": "$17,563", "2008-06-30": "$17,863", "2008-03-31": "$17,601", "2007-12-31": "$17,687", "2007-09-30": "$16,765", "2007-06-30": "$16,780", "2007-03-31": "$16,344", "2006-12-31": "$16,615", "2006-09-30": "$17,330", "2006-06-30": "$17,046", "2006-03-31": "$16,619", "2005-12-31": "$16,828", "2005-09-30": "$16,949", "2005-06-30": "$16,858", "2005-03-31": "$16,673"}}, "profit-margins": {"current": "8.67%"}, "gross margin": {"2020-12-31": "20.32%", "2020-09-30": "21.22%", "2020-06-30": "21.27%", "2020-03-31": "21.26%", "2019-12-31": "21.45%", "2019-09-30": "20.56%", "2019-06-30": "21.60%", "2019-03-31": "21.96%", "2018-12-31": "22.57%", "2018-09-30": "22.46%", "2018-06-30": "21.97%", "2018-03-31": "22.52%", "2017-12-31": "22.80%", "2017-09-30": "23.97%", "2017-06-30": "24.25%", "2017-03-31": "24.14%", "2016-12-31": "23.92%", "2016-09-30": "23.59%", "2016-06-30": "23.64%", "2016-03-31": "23.90%", "2015-12-31": "23.98%", "2015-09-30": "24.15%", "2015-06-30": "23.69%", "2015-03-31": "23.37%", "2014-12-31": "23.36%", "2014-09-30": "22.79%", "2014-06-30": "22.65%", "2014-03-31": "22.33%", "2013-12-31": "21.81%", "2013-09-30": "22.46%", "2013-06-30": "22.17%", "2013-03-31": "22.05%", "2012-12-31": "22.13%", "2012-09-30": "21.61%", "2012-06-30": "21.73%", "2012-03-31": "21.66%", "2011-12-31": "21.30%", "2011-09-30": "20.56%", "2011-06-30": "19.79%", "2011-03-31": "19.20%", "2010-12-31": "18.81%", "2010-09-30": "19.79%", "2010-06-30": "19.05%", "2010-03-31": "18.07%", "2009-12-31": "17.52%", "2009-09-30": "17.38%", "2009-06-30": "17.96%", "2009-03-31": "18.68%", "2008-12-31": "18.38%", "2008-09-30": "18.09%", "2008-06-30": "18.49%", "2008-03-31": "18.84%", "2007-12-31": "19.73%", "2007-09-30": "19.37%", "2007-06-30": "18.82%", "2007-03-31": "18.58%", "2006-12-31": "18.33%", "2006-09-30": "18.53%", "2006-06-30": "17.82%", "2006-03-31": "17.23%", "2005-12-31": "16.95%"}, "operating margin": {"2020-12-31": "11.05%", "2020-09-30": "11.47%", "2020-06-30": "11.57%", "2020-03-31": "11.58%", "2019-12-31": "11.73%", "2019-09-30": "11.35%", "2019-06-30": "12.15%", "2019-03-31": "12.26%", "2018-12-31": "12.56%", "2018-09-30": "12.22%", "2018-06-30": "11.67%", "2018-03-31": "12.17%", "2017-12-31": "12.38%", "2017-09-30": "13.39%", "2017-06-30": "13.56%", "2017-03-31": "13.51%", "2016-12-31": "13.26%", "2016-09-30": "12.82%", "2016-06-30": "12.78%", "2016-03-31": "12.90%", "2015-12-31": "13.07%", "2015-09-30": "13.15%", "2015-06-30": "13.05%", "2015-03-31": "13.00%", "2014-12-31": "13.33%", "2014-09-30": "13.33%", "2014-06-30": "13.35%", "2014-03-31": "13.15%", "2013-12-31": "12.66%", "2013-09-30": "12.73%", "2013-06-30": "12.43%", "2013-03-31": "12.31%", "2012-12-31": "12.41%", "2012-09-30": "12.30%", "2012-06-30": "12.48%", "2012-03-31": "12.60%", "2011-12-31": "12.40%", "2011-09-30": "11.76%", "2011-06-30": "11.19%", "2011-03-31": "10.58%", "2010-12-31": "10.05%", "2010-09-30": "10.70%", "2010-06-30": "9.75%", "2010-03-31": "8.76%", "2009-12-31": "8.22%", "2009-09-30": "-1.39%", "2009-06-30": "-0.92%", "2009-03-31": "-0.33%", "2008-12-31": "-0.81%", "2008-09-30": "8.46%", "2008-06-30": "8.70%", "2008-03-31": "8.78%", "2007-12-31": "9.64%", "2007-09-30": "9.43%", "2007-06-30": "8.73%", "2007-03-31": "8.54%", "2006-12-31": "8.32%", "2006-09-30": "8.06%", "2006-06-30": "7.72%", "2006-03-31": "7.46%", "2005-12-31": "7.34%"}, "ebitda margin": {"2020-12-31": "14.49%", "2020-09-30": "15.04%", "2020-06-30": "15.21%", "2020-03-31": "15.25%", "2019-12-31": "15.47%", "2019-09-30": "14.92%", "2019-06-30": "15.58%", "2019-03-31": "15.37%", "2018-12-31": "15.22%", "2018-09-30": "14.63%", "2018-06-30": "13.68%", "2018-03-31": "14.04%", "2017-12-31": "14.20%", "2017-09-30": "15.14%", "2017-06-30": "15.36%", "2017-03-31": "15.33%", "2016-12-31": "15.11%", "2016-09-30": "14.75%", "2016-06-30": "14.72%", "2016-03-31": "14.90%", "2015-12-31": "15.06%", "2015-09-30": "15.11%", "2015-06-30": "14.97%", "2015-03-31": "14.87%", "2014-12-31": "15.26%", "2014-09-30": "15.29%", "2014-06-30": "15.36%", "2014-03-31": "15.17%", "2013-12-31": "14.67%", "2013-09-30": "14.66%", "2013-06-30": "14.39%", "2013-03-31": "14.30%", "2012-12-31": "14.43%", "2012-09-30": "14.39%", "2012-06-30": "14.56%", "2012-03-31": "14.70%", "2011-12-31": "14.46%", "2011-09-30": "13.80%", "2011-06-30": "13.21%", "2011-03-31": "12.54%", "2010-12-31": "12.02%", "2010-09-30": "12.39%", "2010-06-30": "11.55%", "2010-03-31": "10.66%", "2009-12-31": "10.21%", "2009-09-30": "10.30%", "2009-06-30": "10.74%", "2009-03-31": "11.33%", "2008-12-31": "10.99%", "2008-09-30": "10.87%", "2008-06-30": "11.14%", "2008-03-31": "11.23%", "2007-12-31": "12.02%", "2007-09-30": "11.68%", "2007-06-30": "10.97%", "2007-03-31": "10.80%", "2006-12-31": "10.61%", "2006-09-30": "10.49%", "2006-06-30": "10.24%", "2006-03-31": "10.00%", "2005-12-31": "9.85%"}, "pre tax profit margin": {"2020-12-31": "10.13%", "2020-09-30": "8.08%", "2020-06-30": "7.90%", "2020-03-31": "7.49%", "2019-12-31": "7.53%", "2019-09-30": "10.58%", "2019-06-30": "11.64%", "2019-03-31": "11.97%", "2018-12-31": "12.43%", "2018-09-30": "18.20%", "2018-06-30": "17.07%", "2018-03-31": "16.86%", "2017-12-31": "16.26%", "2017-09-30": "11.09%", "2017-06-30": "11.22%", "2017-03-31": "11.10%", "2016-12-31": "10.85%", "2016-09-30": "11.75%", "2016-06-30": "11.66%", "2016-03-31": "11.74%", "2015-12-31": "11.86%", "2015-09-30": "11.99%", "2015-06-30": "11.84%", "2015-03-31": "11.85%", "2014-12-31": "12.25%", "2014-09-30": "12.25%", "2014-06-30": "12.29%", "2014-03-31": "12.03%", "2013-12-31": "11.61%", "2013-09-30": "11.78%", "2013-06-30": "11.61%", "2013-03-31": "11.63%", "2012-12-31": "11.76%", "2012-09-30": "11.72%", "2012-06-30": "11.80%", "2012-03-31": "11.91%", "2011-12-31": "11.67%", "2011-09-30": "10.11%", "2011-06-30": "9.64%", "2011-03-31": "8.99%", "2010-12-31": "8.41%", "2010-09-30": "9.69%", "2010-06-30": "8.85%", "2010-03-31": "7.98%", "2009-12-31": "7.49%", "2009-09-30": "-2.21%", "2009-06-30": "-1.72%", "2009-03-31": "-1.15%", "2008-12-31": "-1.61%", "2008-09-30": "7.80%", "2008-06-30": "7.88%", "2008-03-31": "7.85%", "2007-12-31": "8.59%", "2007-09-30": "8.81%", "2007-06-30": "8.11%", "2007-03-31": "7.91%", "2006-12-31": "7.72%", "2006-09-30": "6.98%", "2006-06-30": "6.88%", "2006-03-31": "6.74%", "2005-12-31": "6.89%"}, "net profit margin": {"2020-12-31": "8.67%", "2020-09-30": "6.94%", "2020-06-30": "6.91%", "2020-03-31": "6.57%", "2019-12-31": "6.64%", "2019-09-30": "9.05%", "2019-06-30": "10.11%", "2019-03-31": "10.31%", "2018-12-31": "10.73%", "2018-09-30": "13.67%", "2018-06-30": "12.21%", "2018-03-31": "11.62%", "2017-12-31": "11.03%", "2017-09-30": "8.51%", "2017-06-30": "8.49%", "2017-03-31": "8.49%", "2016-12-31": "8.27%", "2016-09-30": "8.96%", "2016-06-30": "8.67%", "2016-03-31": "8.77%", "2015-12-31": "8.46%", "2015-09-30": "8.51%", "2015-06-30": "8.33%", "2015-03-31": "8.19%", "2014-12-31": "8.63%", "2014-09-30": "8.49%", "2014-06-30": "8.55%", "2014-03-31": "8.37%", "2013-12-31": "7.92%", "2013-09-30": "8.03%", "2013-06-30": "7.83%", "2013-03-31": "7.81%", "2012-12-31": "7.84%", "2012-09-30": "7.89%", "2012-06-30": "8.03%", "2012-03-31": "8.09%", "2011-12-31": "8.02%", "2011-09-30": "7.26%", "2011-06-30": "7.05%", "2011-03-31": "7.56%", "2010-12-31": "7.29%", "2010-09-30": "8.69%", "2010-06-30": "8.22%", "2010-03-31": "6.63%", "2009-12-31": "6.10%", "2009-09-30": "-3.89%", "2009-06-30": "-3.82%", "2009-03-31": "-3.50%", "2008-12-31": "-3.91%", "2008-09-30": "5.39%", "2008-06-30": "5.40%", "2008-03-31": "5.42%", "2007-12-31": "5.90%", "2007-09-30": "5.78%", "2007-06-30": "5.25%", "2007-03-31": "5.20%", "2006-12-31": "5.14%", "2006-09-30": "4.81%", "2006-06-30": "4.80%", "2006-03-31": "4.55%", "2005-12-31": "4.67%"}, "pe ratio": {"current": "12.85", "2021-02-11": "17.57", "2020-12-31": "17.87", "2020-09-30": "21.48", "2020-06-30": "21.43", "2020-03-31": "22.50", "2019-12-31": "25.66", "2019-09-30": "20.78", "2019-06-30": "16.85", "2019-03-31": "14.90", "2018-12-31": "14.16", "2018-09-30": "19.49", "2018-06-30": "23.01", "2018-03-31": "27.70", "2017-12-31": "25.50", "2017-09-30": "20.36", "2017-06-30": "18.56", "2017-03-31": "17.53", "2016-12-31": "17.92", "2016-09-30": "17.08", "2016-06-30": "18.63", "2016-03-31": "16.68", "2015-12-31": "16.79", "2015-09-30": "14.71", "2015-06-30": "14.69", "2015-03-31": "15.41", "2014-12-31": "13.73", "2014-09-30": "12.68", "2014-06-30": "11.60", "2014-03-31": "12.32", "2013-12-31": "12.21", "2013-09-30": "10.07", "2013-06-30": "9.04", "2013-03-31": "7.77", "2012-12-31": "7.49", "2012-09-30": "7.34", "2012-06-30": "6.96", "2012-03-31": "6.66", "2011-12-31": "6.48", "2011-09-30": "6.42", "2011-06-30": "8.70", "2011-03-31": "7.22", "2010-12-31": "6.97", "2010-09-30": "6.44", "2010-06-30": "5.85", "2010-03-31": "8.41", "2009-12-31": "7.60", "2009-09-30": "0.00", "2009-06-30": "0.00", "2009-03-31": "0.00", "2008-12-31": "0.00", "2008-09-30": "8.19", "2008-06-30": "9.18", "2008-03-31": "10.91", "2007-12-31": "10.25", "2007-09-30": "10.18", "2007-06-30": "11.33", "2007-03-31": "10.94", "2006-12-31": "10.11"}, "price sales": {"2021-02-11": "1.36", "2020-12-31": "1.39", "2020-09-30": "1.50", "2020-06-30": "1.48", "2020-03-31": "1.48", "2019-12-31": "1.70", "2019-09-30": "1.89", "2019-06-30": "1.66", "2019-03-31": "1.44", "2018-12-31": "1.38", "2018-09-30": "1.88", "2018-06-30": "1.92", "2018-03-31": "2.22", "2017-12-31": "1.98", "2017-09-30": "1.86", "2017-06-30": "1.69", "2017-03-31": "1.60", "2016-12-31": "1.60", "2016-09-30": "1.55", "2016-06-30": "1.63", "2016-03-31": "1.48", "2015-12-31": "1.43", "2015-09-30": "1.26", "2015-06-30": "1.24", "2015-03-31": "1.27", "2014-12-31": "1.19", "2014-09-30": "1.09", "2014-06-30": "1.00", "2014-03-31": "1.04", "2013-12-31": "0.98", "2013-09-30": "0.81", "2013-06-30": "0.71", "2013-03-31": "0.61", "2012-12-31": "0.59", "2012-09-30": "0.59", "2012-06-30": "0.57", "2012-03-31": "0.55", "2011-12-31": "0.53", "2011-09-30": "0.47", "2011-06-30": "0.62", "2011-03-31": "0.55", "2010-12-31": "0.51", "2010-09-30": "0.56", "2010-06-30": "0.48", "2010-03-31": "0.56", "2009-12-31": "0.47", "2009-09-30": "0.37", "2009-06-30": "0.33", "2009-03-31": "0.31", "2008-12-31": "0.33", "2008-09-30": "0.45", "2008-06-30": "0.50", "2008-03-31": "0.60", "2007-12-31": "0.62", "2007-09-30": "0.60", "2007-06-30": "0.60", "2007-03-31": "0.57", "2006-12-31": "0.52"}, "price book": {"current": "4.79", "2021-02-11": "4.72", "2020-12-31": "4.80", "2020-09-30": "5.00", "2020-06-30": "5.23", "2020-03-31": "5.51", "2019-12-31": "6.44", "2019-09-30": "6.37", "2019-06-30": "5.80", "2019-03-31": "5.09", "2018-12-31": "4.94", "2018-09-30": "5.84", "2018-06-30": "6.25", "2018-03-31": "7.58", "2017-12-31": "7.14", "2017-09-30": "7.33", "2017-06-30": "7.15", "2017-03-31": "7.05", "2016-12-31": "7.27", "2016-09-30": "6.14", "2016-06-30": "6.52", "2016-03-31": "5.91", "2015-12-31": "5.73", "2015-09-30": "4.90", "2015-06-30": "4.43", "2015-03-31": "4.24", "2014-12-31": "3.68", "2014-09-30": "2.44", "2014-06-30": "2.19", "2014-03-31": "2.24", "2013-12-31": "2.09", "2013-09-30": "2.01", "2013-06-30": "1.76", "2013-03-31": "1.52", "2012-12-31": "1.47", "2012-09-30": "1.28", "2012-06-30": "1.25", "2012-03-31": "1.23", "2011-12-31": "1.20", "2011-09-30": "0.96", "2011-06-30": "1.30", "2011-03-31": "1.18", "2010-12-31": "1.03", "2010-09-30": "0.98", "2010-06-30": "0.90", "2010-03-31": "1.12", "2009-12-31": "0.96", "2009-09-30": "0.92", "2009-06-30": "0.84", "2009-03-31": "0.81", "2008-12-31": "0.85", "2008-09-30": "0.77", "2008-06-30": "0.85", "2008-03-31": "1.01", "2007-12-31": "1.00", "2007-09-30": "1.05", "2007-06-30": "1.06", "2007-03-31": "1.03", "2006-12-31": "0.92", "2006-09-30": "0.88", "2006-06-30": "0.84", "2006-03-31": "0.91"}, "price fcf": {"2021-02-11": "", "2020-12-31": "$18.44", "2020-09-30": "$22.93", "2020-06-30": "$21.71", "2020-03-31": "$17.34", "2019-12-31": "$17.84", "2019-09-30": "$17.09", "2019-06-30": "$14.93", "2019-03-31": "$10.84", "2018-12-31": "$14.77", "2018-09-30": "$11.36", "2018-06-30": "$12.44", "2018-03-31": "$10.23", "2017-12-31": "$9.60", "2017-09-30": "$8.77", "2017-06-30": "$8.01", "2017-03-31": "$8.72", "2016-12-31": "$10.49", "2016-09-30": "$11.54", "2016-06-30": "$10.57", "2016-03-31": "$10.72", "2015-12-31": "$8.83", "2015-09-30": "$6.71", "2015-06-30": "$8.27", "2015-03-31": "$7.83", "2014-12-31": "$9.58", "2014-09-30": "$8.24", "2014-06-30": "$8.02", "2014-03-31": "$7.13", "2013-12-31": "$9.06", "2013-09-30": "$8.34", "2013-06-30": "$7.62", "2013-03-31": "$9.67", "2012-12-31": "$9.11", "2012-09-30": "$9.59", "2012-06-30": "$9.56", "2012-03-31": "$5.86", "2011-12-31": "$5.76", "2011-09-30": "$5.31", "2011-06-30": "$5.21", "2011-03-31": "$7.46", "2010-12-31": "$6.20", "2010-09-30": "$5.32", "2010-06-30": "$3.73", "2010-03-31": "$4.07", "2009-12-31": "$5.13", "2009-09-30": "$4.87", "2009-06-30": "$7.15", "2009-03-31": "$6.41", "2008-12-31": "$7.56", "2008-09-30": "$6.38", "2008-06-30": "$5.36", "2008-03-31": "$5.71", "2007-12-31": "$6.23", "2007-09-30": "$5.00", "2007-06-30": "$4.72", "2007-03-31": "$4.39", "2006-12-31": "$2.91"}, "net worth": {"value": "$50.65B"}, "current ratio": {"current": "1.60", "2020-12-31": "1.60", "2020-09-30": "1.44", "2020-06-30": "1.36", "2020-03-31": "1.29", "2019-12-31": "1.13", "2019-09-30": "1.29", "2019-06-30": "1.25", "2019-03-31": "1.18", "2018-12-31": "1.17", "2018-09-30": "1.26", "2018-06-30": "1.24", "2018-03-31": "2.52", "2017-12-31": "2.34", "2017-09-30": "1.21", "2017-06-30": "1.11", "2017-03-31": "1.27", "2016-12-31": "1.22", "2016-09-30": "1.13", "2016-06-30": "1.13", "2016-03-31": "1.15", "2015-12-31": "1.16", "2015-09-30": "1.16", "2015-06-30": "1.25", "2015-03-31": "1.35", "2014-12-31": "1.32", "2014-09-30": "1.47", "2014-06-30": "1.55", "2014-03-31": "1.63", "2013-12-31": "1.63", "2013-09-30": "1.67", "2013-06-30": "1.70", "2013-03-31": "1.41", "2012-12-31": "1.39", "2012-09-30": "1.39", "2012-06-30": "1.37", "2012-03-31": "1.32", "2011-12-31": "1.26", "2011-09-30": "1.34", "2011-06-30": "1.35", "2011-03-31": "1.47", "2010-12-31": "1.37", "2010-09-30": "1.16", "2010-06-30": "1.09", "2010-03-31": "1.12", "2009-12-31": "1.24", "2009-09-30": "1.11", "2009-06-30": "1.00", "2009-03-31": "0.97", "2008-12-31": "1.11", "2008-09-30": "1.03", "2008-06-30": "1.08", "2008-03-31": "1.03", "2007-12-31": "1.06", "2007-09-30": "1.04", "2007-06-30": "1.02", "2007-03-31": "0.95", "2006-12-31": "1.00", "2006-09-30": "1.03", "2006-06-30": "0.99", "2006-03-31": "0.93", "2005-12-31": "0.95", "2005-09-30": "1.07", "2005-06-30": "1.06", "2005-03-31": "1.02"}, "quick ratio": {"2020-12-31": "1.52", "2020-09-30": "1.36", "2020-06-30": "1.27", "2020-03-31": "1.21", "2019-12-31": "1.05", "2019-09-30": "1.19", "2019-06-30": "1.15", "2019-03-31": "1.10", "2018-12-31": "1.09", "2018-09-30": "1.17", "2018-06-30": "1.15", "2018-03-31": "2.45", "2017-12-31": "2.28", "2017-09-30": "1.05", "2017-06-30": "0.94", "2017-03-31": "1.09", "2016-12-31": "1.07", "2016-09-30": "0.97", "2016-06-30": "0.94", "2016-03-31": "0.97", "2015-12-31": "1.01", "2015-09-30": "0.99", "2015-06-30": "1.09", "2015-03-31": "1.20", "2014-12-31": "1.20", "2014-09-30": "1.35", "2014-06-30": "1.41", "2014-03-31": "1.48", "2013-12-31": "1.51", "2013-09-30": "1.53", "2013-06-30": "1.56", "2013-03-31": "1.25", "2012-12-31": "1.25", "2012-09-30": "1.28", "2012-06-30": "1.25", "2012-03-31": "1.17", "2011-12-31": "1.12", "2011-09-30": "1.19", "2011-06-30": "1.19", "2011-03-31": "1.33", "2010-12-31": "1.28", "2010-09-30": "1.01", "2010-06-30": "0.94", "2010-03-31": "0.95", "2009-12-31": "1.07", "2009-09-30": "0.94", "2009-06-30": "0.85", "2009-03-31": "0.81", "2008-12-31": "0.97", "2008-09-30": "0.86", "2008-06-30": "0.91", "2008-03-31": "0.86", "2007-12-31": "0.90", "2007-09-30": "0.86", "2007-06-30": "0.83", "2007-03-31": "0.77", "2006-12-31": "0.82", "2006-09-30": "0.85", "2006-06-30": "0.81", "2006-03-31": "0.76", "2005-12-31": "0.80", "2005-09-30": "0.89", "2005-06-30": "0.88", "2005-03-31": "0.83"}, "debt equity ratio": {"current": "1.35", "2020-12-31": "3.20", "2020-09-30": "3.28", "2020-06-30": "3.48", "2020-03-31": "3.77", "2019-12-31": "3.66", "2019-09-30": "3.17", "2019-06-30": "3.30", "2019-03-31": "3.55", "2018-12-31": "3.60", "2018-09-30": "3.17", "2018-06-30": "3.54", "2018-03-31": "3.53", "2017-12-31": "3.93", "2017-09-30": "3.08", "2017-06-30": "3.36", "2017-03-31": "3.57", "2016-12-31": "3.87", "2016-09-30": "3.18", "2016-06-30": "3.24", "2016-03-31": "3.26", "2015-12-31": "3.42", "2015-09-30": "3.21", "2015-06-30": "2.98", "2015-03-31": "2.74", "2014-12-31": "2.67", "2014-09-30": "1.53", "2014-06-30": "1.47", "2014-03-31": "1.42", "2013-12-31": "1.48", "2013-09-30": "1.93", "2013-06-30": "1.88", "2013-03-31": "1.74", "2012-12-31": "1.79", "2012-09-30": "1.31", "2012-06-30": "1.35", "2012-03-31": "1.38", "2011-12-31": "1.46", "2011-09-30": "1.10", "2011-06-30": "1.09", "2011-03-31": "1.11", "2010-12-31": "1.34", "2010-09-30": "1.29", "2010-06-30": "1.30", "2010-03-31": "1.36", "2009-12-31": "1.38", "2009-09-30": "1.48", "2009-06-30": "1.47", "2009-03-31": "1.50", "2008-12-31": "1.53", "2008-09-30": "0.89", "2008-06-30": "0.87", "2008-03-31": "0.90", "2007-12-31": "0.89", "2007-09-30": "0.92", "2007-06-30": "0.91", "2007-03-31": "0.96", "2006-12-31": "0.93", "2006-09-30": "0.97", "2006-06-30": "0.98", "2006-03-31": "1.02", "2005-12-31": "1.03", "2005-09-30": "1.00", "2005-06-30": "0.98", "2005-03-31": "0.99"}, "return on equity": {"2020-12-31": "32.03%", "2020-09-30": "25.75%", "2020-06-30": "25.69%", "2020-03-31": "24.47%", "2019-12-31": "24.63%", "2019-09-30": "33.60%", "2019-06-30": "37.73%", "2019-03-31": "37.97%", "2018-12-31": "38.91%", "2018-09-30": "48.46%", "2018-06-30": "44.60%", "2018-03-31": "44.95%", "2017-12-31": "45.72%", "2017-09-30": "38.16%", "2017-06-30": "38.66%", "2017-03-31": "38.39%", "2016-12-31": "36.60%", "2016-09-30": "37.78%", "2016-06-30": "36.37%", "2016-03-31": "35.84%", "2015-12-31": "32.98%", "2015-09-30": "31.52%", "2015-06-30": "26.55%", "2015-03-31": "23.13%", "2014-12-31": "21.80%", "2014-09-30": "19.74%", "2014-06-30": "20.24%", "2014-03-31": "20.37%", "2013-12-31": "20.02%", "2013-09-30": "21.18%", "2013-06-30": "19.95%", "2013-03-31": "19.30%", "2012-12-31": "18.97%", "2012-09-30": "18.74%", "2012-06-30": "18.87%", "2012-03-31": "18.62%", "2011-12-31": "17.98%", "2011-09-30": "15.50%", "2011-06-30": "14.95%", "2011-03-31": "16.20%", "2010-12-31": "15.74%", "2010-09-30": "16.26%", "2010-06-30": "16.45%", "2010-03-31": "14.14%", "2009-12-31": "13.66%", "2009-09-30": "-10.37%", "2009-06-30": "-9.22%", "2009-03-31": "-7.66%", "2008-12-31": "-7.77%", "2008-09-30": "9.76%", "2008-06-30": "9.74%", "2008-03-31": "9.69%", "2007-12-31": "10.60%", "2007-09-30": "10.75%", "2007-06-30": "9.55%", "2007-03-31": "9.33%", "2006-12-31": "9.12%", "2006-09-30": "8.38%", "2006-06-30": "8.37%", "2006-03-31": "8.02%", "2005-12-31": "8.32%"}, "return on assets": {"2020-12-31": "7.25%", "2020-09-30": "5.68%", "2020-06-30": "5.70%", "2020-03-31": "5.48%", "2019-12-31": "5.59%", "2019-09-30": "7.65%", "2019-06-30": "8.58%", "2019-03-31": "8.52%", "2018-12-31": "8.74%", "2018-09-30": "10.72%", "2018-06-30": "9.84%", "2018-03-31": "10.01%", "2017-12-31": "10.17%", "2017-09-30": "8.58%", "2017-06-30": "8.62%", "2017-03-31": "8.62%", "2016-12-31": "8.36%", "2016-09-30": "8.84%", "2016-06-30": "8.50%", "2016-03-31": "8.51%", "2015-12-31": "8.11%", "2015-09-30": "8.12%", "2015-06-30": "7.86%", "2015-03-31": "7.72%", "2014-12-31": "8.07%", "2014-09-30": "7.98%", "2014-06-30": "7.89%", "2014-03-31": "7.65%", "2013-12-31": "7.28%", "2013-09-30": "7.48%", "2013-06-30": "7.48%", "2013-03-31": "7.62%", "2012-12-31": "7.75%", "2012-09-30": "7.90%", "2012-06-30": "8.15%", "2012-03-31": "8.30%", "2011-12-31": "8.25%", "2011-09-30": "7.16%", "2011-06-30": "6.76%", "2011-03-31": "7.16%", "2010-12-31": "6.78%", "2010-09-30": "6.97%", "2010-06-30": "6.91%", "2010-03-31": "5.84%", "2009-12-31": "5.56%", "2009-09-30": "-4.15%", "2009-06-30": "-4.00%", "2009-03-31": "-3.58%", "2008-12-31": "-3.87%", "2008-09-30": "5.17%", "2008-06-30": "5.14%", "2008-03-31": "5.09%", "2007-12-31": "5.52%", "2007-09-30": "5.57%", "2007-06-30": "4.92%", "2007-03-31": "4.77%", "2006-12-31": "4.63%", "2006-09-30": "4.20%", "2006-06-30": "4.18%", "2006-03-31": "4.00%", "2005-12-31": "4.16%"}, "return on investments": {"2020-12-31": "16.78%", "2020-09-30": "17.29%", "2020-06-30": "17.37%", "2020-03-31": "17.33%", "2019-12-31": "17.48%", "2019-09-30": "16.55%", "2019-06-30": "17.62%", "2019-03-31": "17.14%", "2018-12-31": "16.85%", "2018-09-30": "15.62%", "2018-06-30": "15.95%", "2018-03-31": "18.72%", "2017-12-31": "21.81%", "2017-09-30": "28.01%", "2017-06-30": "28.24%", "2017-03-31": "27.67%", "2016-12-31": "27.00%", "2016-09-30": "25.35%", "2016-06-30": "25.11%", "2016-03-31": "24.97%", "2015-12-31": "24.72%", "2015-09-30": "24.68%", "2015-06-30": "22.83%", "2015-03-31": "21.47%", "2014-12-31": "20.73%", "2014-09-30": "19.69%", "2014-06-30": "19.98%", "2014-03-31": "20.11%", "2013-12-31": "20.57%", "2013-09-30": "22.07%", "2013-06-30": "21.85%", "2013-03-31": "21.95%", "2012-12-31": "21.80%", "2012-09-30": "21.31%", "2012-06-30": "21.55%", "2012-03-31": "21.48%", "2011-12-31": "20.85%", "2011-09-30": "19.11%", "2011-06-30": "18.29%", "2011-03-31": "17.68%", "2010-12-31": "17.02%", "2010-09-30": "15.62%", "2010-06-30": "14.99%", "2010-03-31": "14.34%", "2009-12-31": "14.11%", "2009-09-30": "-2.87%", "2009-06-30": "-1.77%", "2009-03-31": "-0.58%", "2008-12-31": "-1.31%", "2008-09-30": "12.55%", "2008-06-30": "12.83%", "2008-03-31": "12.79%", "2007-12-31": "14.05%", "2007-09-30": "14.19%", "2007-06-30": "12.87%", "2007-03-31": "12.44%", "2006-12-31": "12.01%", "2006-09-30": "11.45%", "2006-06-30": "10.86%", "2006-03-31": "10.50%", "2005-12-31": "10.35%"}, "return on tangible equity": {"2020-12-31": "-34.18%", "2020-09-30": "-24.18%", "2020-06-30": "-23.08%", "2020-03-31": "-21.29%", "2019-12-31": "-20.92%", "2019-09-30": "-27.45%", "2019-06-30": "-29.68%", "2019-03-31": "-28.31%", "2018-12-31": "-32.72%", "2018-09-30": "-47.20%", "2018-06-30": "-47.11%", "2018-03-31": "-54.03%", "2017-12-31": "-46.33%", "2017-09-30": "-33.34%", "2017-06-30": "-31.85%", "2017-03-31": "-31.01%", "2016-12-31": "-29.70%", "2016-09-30": "-31.32%", "2016-06-30": "-29.98%", "2016-03-31": "-30.74%", "2015-12-31": "-30.96%", "2015-09-30": "-33.95%", "2015-06-30": "-40.26%", "2015-03-31": "-50.24%", "2014-12-31": "-69.55%", "2014-09-30": "-96.19%", "2014-06-30": "-91.79%", "2014-03-31": "-84.40%", "2013-12-31": "-72.65%", "2013-09-30": "-67.77%", "2013-06-30": "-77.29%", "2013-03-31": "-87.74%", "2012-12-31": "-101.37%", "2012-09-30": "-115.10%", "2012-06-30": "-134.93%", "2012-03-31": "-172.31%", "2011-12-31": "-291.13%", "2011-09-30": "-194600.00%", "2011-06-30": "-1427.09%", "2011-03-31": "-536.89%", "2010-12-31": "-240.40%", "2010-09-30": "-139.64%", "2010-06-30": "-106.02%", "2010-03-31": "-72.87%", "2009-12-31": "-59.37%", "2009-09-30": "41.34%", "2009-06-30": "49.17%", "2009-03-31": "60.52%", "2008-12-31": "97.72%", "2008-09-30": "-187.04%", "2008-06-30": "-141.39%", "2008-03-31": "-109.35%", "2007-12-31": "-94.73%", "2007-09-30": "-86.78%", "2007-06-30": "-86.49%", "2007-03-31": "-90.55%", "2006-12-31": "-95.84%", "2006-09-30": "-87.16%", "2006-06-30": "-79.06%", "2006-03-31": "-71.62%", "2005-12-31": "-72.41%"}, "dividend yield history": {"last payout": "$5.80", "last yield": "1.91%"}}