{"ticker": "JWN", "price": {"title": "Nordstrom Historical Annual Stock Price Data", "value": 34.06, "historical": {"2021": {"Average Stock Price": "35.6779", "Year Open": "30.3300", "Year High": "39.4900", "Year Low": "30.3300", "Year Close": "34.0600", "Annual % Change": "9.13%"}, "2020": {"Average Stock Price": "21.6281", "Year Open": "40.1100", "Year High": "42.2000", "Year Low": "11.7900", "Year Close": "31.2100", "Annual % Change": "-23.75%"}, "2019": {"Average Stock Price": "37.6040", "Year Open": "47.4800", "Year High": "49.2900", "Year Low": "25.1500", "Year Close": "40.9300", "Annual % Change": "-12.19%"}, "2018": {"Average Stock Price": "53.2636", "Year Open": "49.1200", "Year High": "67.4600", "Year Low": "44.1900", "Year Close": "46.6100", "Annual % Change": "-1.63%"}, "2017": {"Average Stock Price": "44.9179", "Year Open": "47.6200", "Year High": "50.0100", "Year Low": "38.3000", "Year Close": "47.3800", "Annual % Change": "-1.15%"}, "2016": {"Average Stock Price": "49.2721", "Year Open": "50.1300", "Year High": "61.4900", "Year Low": "36.2000", "Year Close": "47.9300", "Annual % Change": "-3.77%"}, "2015": {"Average Stock Price": "72.6980", "Year Open": "78.3700", "Year High": "82.3200", "Year Low": "49.8100", "Year Close": "49.8100", "Annual % Change": "-37.26%"}, "2014": {"Average Stock Price": "66.9245", "Year Open": "61.9500", "Year High": "79.3900", "Year Low": "55.3800", "Year Close": "79.3900", "Annual % Change": "28.46%"}, "2013": {"Average Stock Price": "58.0098", "Year Open": "53.6300", "Year High": "63.4300", "Year Low": "52.4500", "Year Close": "61.8000", "Annual % Change": "15.51%"}, "2012": {"Average Stock Price": "53.3640", "Year Open": "49.7200", "Year High": "58.2000", "Year Low": "46.8000", "Year Close": "53.5000", "Annual % Change": "7.62%"}, "2011": {"Average Stock Price": "46.0457", "Year Open": "43.4000", "Year High": "52.7700", "Year Low": "37.4500", "Year Close": "49.7100", "Annual % Change": "17.30%"}, "2010": {"Average Stock Price": "37.8956", "Year Open": "37.9200", "Year High": "45.9000", "Year Low": "28.7200", "Year Close": "42.3800", "Annual % Change": "12.77%"}, "2009": {"Average Stock Price": "24.1765", "Year Open": "14.5500", "Year High": "38.3900", "Year Low": "11.3300", "Year Close": "37.5800", "Annual % Change": "182.34%"}, "2008": {"Average Stock Price": "28.6506", "Year Open": "35.4200", "Year High": "39.7400", "Year Low": "7.8100", "Year Close": "13.3100", "Annual % Change": "-63.76%"}, "2007": {"Average Stock Price": "48.3539", "Year Open": "51.3900", "Year High": "59.6600", "Year Low": "30.5200", "Year Close": "36.7300", "Annual % Change": "-25.56%"}, "2006": {"Average Stock Price": "40.5748", "Year Open": "37.7200", "Year High": "50.6200", "Year Low": "32.3600", "Year Close": "49.3400", "Annual % Change": "31.93%"}, "2005": {"Average Stock Price": "31.4474", "Year Open": "23.2000", "Year High": "38.5600", "Year Low": "22.8100", "Year Close": "37.4000", "Annual % Change": "60.07%"}, "2004": {"Average Stock Price": "20.2467", "Year Open": "16.6250", "Year High": "23.5100", "Year Low": "16.6250", "Year Close": "23.3650", "Annual % Change": "36.24%"}, "2003": {"Average Stock Price": "11.2873", "Year Open": "9.7550", "Year High": "17.6250", "Year Low": "7.9300", "Year Close": "17.1500", "Annual % Change": "80.81%"}, "2002": {"Average Stock Price": "10.8581", "Year Open": "9.9550", "Year High": "13.1850", "Year Low": "7.7450", "Year Close": "9.4850", "Annual % Change": "-6.23%"}, "2001": {"Average Stock Price": "9.1473", "Year Open": "9.1550", "Year High": "11.4700", "Year Low": "7.0500", "Year Close": "10.1150", "Annual % Change": "11.21%"}, "2000": {"Average Stock Price": "10.7151", "Year Open": "12.8750", "Year High": "16.8750", "Year Low": "7.1550", "Year Close": "9.0950", "Annual % Change": "-30.86%"}, "1999": {"Average Stock Price": "16.2940", "Year Open": "17.2500", "Year High": "22.0950", "Year Low": "10.8450", "Year Close": "13.1550", "Annual % Change": "-24.16%"}, "1998": {"Average Stock Price": "15.7691", "Year Open": "14.6250", "Year High": "19.6250", "Year Low": "11.0300", "Year Close": "17.3450", "Annual % Change": "14.91%"}, "1997": {"Average Stock Price": "12.5154", "Year Open": "9.0000", "Year High": "16.8750", "Year Low": "8.9375", "Year Close": "15.0950", "Annual % Change": "70.37%"}, "1996": {"Average Stock Price": "10.7226", "Year Open": "10.2825", "Year High": "13.2200", "Year Low": "8.8600", "Year Close": "8.8600", "Annual % Change": "-12.49%"}, "1995": {"Average Stock Price": "10.1489", "Year Open": "10.1875", "Year High": "11.2825", "Year Low": "9.0325", "Year Close": "10.1250", "Annual % Change": "-3.57%"}, "1994": {"Average Stock Price": "10.5204", "Year Open": "8.0000", "Year High": "12.3125", "Year Low": "8.0000", "Year Close": "10.5000", "Annual % Change": "27.27%"}, "1993": {"Average Stock Price": "8.0200", "Year Open": "9.4375", "Year High": "10.8450", "Year Low": "6.3750", "Year Close": "8.2500", "Annual % Change": "-14.84%"}, "1992": {"Average Stock Price": "8.3418", "Year Open": "9.6250", "Year High": "10.6250", "Year Low": "6.4375", "Year Close": "9.6875", "Annual % Change": "7.64%"}, "1991": {"Average Stock Price": "9.6125", "Year Open": "5.6875", "Year High": "13.0000", "Year Low": "5.6550", "Year Close": "9.0000", "Annual % Change": "61.80%"}, "1990": {"Average Stock Price": "7.0777", "Year Open": "9.5000", "Year High": "9.6875", "Year Low": "4.4375", "Year Close": "5.5625", "Annual % Change": "-40.27%"}, "1989": {"Average Stock Price": "8.8086", "Year Open": "7.5000", "Year High": "10.5625", "Year Low": "7.5000", "Year Close": "9.3125", "Annual % Change": "23.14%"}, "1988": {"Average Stock Price": "6.7614", "Year Open": "5.1250", "Year High": "8.3750", "Year Low": "5.1250", "Year Close": "7.5625", "Annual % Change": "53.16%"}, "1987": {"Average Stock Price": "7.0151", "Year Open": "5.3125", "Year High": "10.1250", "Year Low": "4.4375", "Year Close": "4.9375", "Annual % Change": "-5.39%"}}}, "market cap": {"value": "$5.37B"}, "income statement": {"Revenue": {"2020-01-31": "15524.00000", "2019-01-31": "15860.00000", "2018-01-31": "15478.00000", "2017-01-31": "14757.00000", "2016-01-31": "14437.00000", "2015-01-31": "13506.00000", "2014-01-31": "12540.00000", "2013-01-31": "12134.00000", "2012-01-31": "10860.00000", "2011-01-31": "9700.00000", "2010-01-31": "8627.00000", "2009-01-31": "8573.00000", "2008-01-31": "9080.00000", "2007-01-31": "8666.00000", "2006-01-31": "7723.00000", "2005-01-31": "7131.38800"}, "Cost Of Goods Sold": {"2020-01-31": "9932.00000", "2019-01-31": "10155.00000", "2018-01-31": "9890.00000", "2017-01-31": "9440.00000", "2016-01-31": "9168.00000", "2015-01-31": "8406.00000", "2014-01-31": "7737.00000", "2013-01-31": "7432.00000", "2012-01-31": "6592.00000", "2011-01-31": "5897.00000", "2010-01-31": "5328.00000", "2009-01-31": "5417.00000", "2008-01-31": "5526.00000", "2007-01-31": "5354.00000", "2006-01-31": "4888.00000", "2005-01-31": "4559.38800"}, "Gross Profit": {"2020-01-31": "5592.00000", "2019-01-31": "5705.00000", "2018-01-31": "5588.00000", "2017-01-31": "5317.00000", "2016-01-31": "5269.00000", "2015-01-31": "5100.00000", "2014-01-31": "4803.00000", "2013-01-31": "4702.00000", "2012-01-31": "4268.00000", "2011-01-31": "3803.00000", "2010-01-31": "3299.00000", "2009-01-31": "3156.00000", "2008-01-31": "3554.00000", "2007-01-31": "3312.00000", "2006-01-31": "2835.00000", "2005-01-31": "2572.00000"}, "Research And Development Expenses": {"2020-01-31": "", "2019-01-31": "", "2018-01-31": "", "2017-01-31": "", "2016-01-31": "", "2015-01-31": "", "2014-01-31": "", "2013-01-31": "", "2012-01-31": "", "2011-01-31": "", "2010-01-31": "", "2009-01-31": "", "2008-01-31": "", "2007-01-31": "", "2006-01-31": "", "2005-01-31": ""}, "SG&A Expenses": {"2020-01-31": "4808.00000", "2019-01-31": "4868.00000", "2018-01-31": "4662.00000", "2017-01-31": "4315.00000", "2016-01-31": "4168.00000", "2015-01-31": "3777.00000", "2014-01-31": "3453.00000", "2013-01-31": "3357.00000", "2012-01-31": "3019.00000", "2011-01-31": "2685.00000", "2010-01-31": "2465.00000", "2009-01-31": "2377.00000", "2008-01-31": "2359.00000", "2007-01-31": "2297.00000", "2006-01-31": "2101.00000", "2005-01-31": "2020.23300"}, "Other Operating Income Or Expenses": {"2020-01-31": "", "2019-01-31": "", "2018-01-31": "", "2017-01-31": "-197.00000", "2016-01-31": "", "2015-01-31": "", "2014-01-31": "", "2013-01-31": "", "2012-01-31": "", "2011-01-31": "", "2010-01-31": "", "2009-01-31": "", "2008-01-31": "", "2007-01-31": "", "2006-01-31": "", "2005-01-31": ""}, "Operating Expenses": {"2020-01-31": "14740.00000", "2019-01-31": "15023.00000", "2018-01-31": "14552.00000", "2017-01-31": "13952.00000", "2016-01-31": "13336.00000", "2015-01-31": "12183.00000", "2014-01-31": "11190.00000", "2013-01-31": "10789.00000", "2012-01-31": "9611.00000", "2011-01-31": "8582.00000", "2010-01-31": "7793.00000", "2009-01-31": "7794.00000", "2008-01-31": "7885.00000", "2007-01-31": "7651.00000", "2006-01-31": "6989.00000", "2005-01-31": "6579.62100"}, "Operating Income": {"2020-01-31": "784.00000", "2019-01-31": "837.00000", "2018-01-31": "926.00000", "2017-01-31": "805.00000", "2016-01-31": "1101.00000", "2015-01-31": "1323.00000", "2014-01-31": "1350.00000", "2013-01-31": "1345.00000", "2012-01-31": "1249.00000", "2011-01-31": "1118.00000", "2010-01-31": "834.00000", "2009-01-31": "779.00000", "2008-01-31": "1195.00000", "2007-01-31": "1015.00000", "2006-01-31": "734.00000", "2005-01-31": "551.76710"}, "Total Non-Operating Income/Expense": {"2020-01-31": "-102.00000", "2019-01-31": "-104.00000", "2018-01-31": "-136.00000", "2017-01-31": "-121.00000", "2016-01-31": "-125.00000", "2015-01-31": "-138.00000", "2014-01-31": "-161.00000", "2013-01-31": "-160.00000", "2012-01-31": "-130.00000", "2011-01-31": "-127.00000", "2010-01-31": "-138.00000", "2009-01-31": "-131.00000", "2008-01-31": "-22.00000", "2007-01-31": "91.00000", "2006-01-31": "151.00000", "2005-01-31": "95.51400"}, "Pre-Tax Income": {"2020-01-31": "682.00000", "2019-01-31": "733.00000", "2018-01-31": "790.00000", "2017-01-31": "684.00000", "2016-01-31": "976.00000", "2015-01-31": "1185.00000", "2014-01-31": "1189.00000", "2013-01-31": "1185.00000", "2012-01-31": "1119.00000", "2011-01-31": "991.00000", "2010-01-31": "696.00000", "2009-01-31": "648.00000", "2008-01-31": "1173.00000", "2007-01-31": "1106.00000", "2006-01-31": "885.00000", "2005-01-31": "647.28100"}, "Income Taxes": {"2020-01-31": "186.00000", "2019-01-31": "169.00000", "2018-01-31": "353.00000", "2017-01-31": "330.00000", "2016-01-31": "376.00000", "2015-01-31": "465.00000", "2014-01-31": "455.00000", "2013-01-31": "450.00000", "2012-01-31": "436.00000", "2011-01-31": "378.00000", "2010-01-31": "255.00000", "2009-01-31": "247.00000", "2008-01-31": "458.00000", "2007-01-31": "428.00000", "2006-01-31": "334.00000", "2005-01-31": "253.83100"}, "Income After Taxes": {"2020-01-31": "496.00000", "2019-01-31": "564.00000", "2018-01-31": "437.00000", "2017-01-31": "354.00000", "2016-01-31": "600.00000", "2015-01-31": "720.00000", "2014-01-31": "734.00000", "2013-01-31": "735.00000", "2012-01-31": "683.00000", "2011-01-31": "613.00000", "2010-01-31": "441.00000", "2009-01-31": "401.00000", "2008-01-31": "715.00000", "2007-01-31": "678.00000", "2006-01-31": "551.00000", "2005-01-31": "393.45000"}, "Other Income": {"2020-01-31": "", "2019-01-31": "", "2018-01-31": "", "2017-01-31": "", "2016-01-31": "", "2015-01-31": "", "2014-01-31": "", "2013-01-31": "", "2012-01-31": "", "2011-01-31": "", "2010-01-31": "", "2009-01-31": "", "2008-01-31": "", "2007-01-31": "", "2006-01-31": "", "2005-01-31": ""}, "Income From Continuous Operations": {"2020-01-31": "496.00000", "2019-01-31": "564.00000", "2018-01-31": "437.00000", "2017-01-31": "354.00000", "2016-01-31": "600.00000", "2015-01-31": "720.00000", "2014-01-31": "734.00000", "2013-01-31": "735.00000", "2012-01-31": "683.00000", "2011-01-31": "613.00000", "2010-01-31": "441.00000", "2009-01-31": "401.00000", "2008-01-31": "715.00000", "2007-01-31": "678.00000", "2006-01-31": "551.00000", "2005-01-31": "393.45000"}, "Income From Discontinued Operations": {"2020-01-31": "", "2019-01-31": "", "2018-01-31": "", "2017-01-31": "", "2016-01-31": "", "2015-01-31": "", "2014-01-31": "", "2013-01-31": "", "2012-01-31": "", "2011-01-31": "", "2010-01-31": "", "2009-01-31": "", "2008-01-31": "", "2007-01-31": "", "2006-01-31": "", "2005-01-31": ""}, "Net Income": {"2020-01-31": "496.00000", "2019-01-31": "564.00000", "2018-01-31": "437.00000", "2017-01-31": "354.00000", "2016-01-31": "600.00000", "2015-01-31": "720.00000", "2014-01-31": "734.00000", "2013-01-31": "735.00000", "2012-01-31": "683.00000", "2011-01-31": "613.00000", "2010-01-31": "441.00000", "2009-01-31": "401.00000", "2008-01-31": "715.00000", "2007-01-31": "678.00000", "2006-01-31": "551.00000", "2005-01-31": "393.45000"}, "EBITDA": {"2020-01-31": "1638.00000", "2019-01-31": "1431.00000", "2018-01-31": "1510.00000", "2017-01-31": "1571.00000", "2016-01-31": "1613.00000", "2015-01-31": "1755.00000", "2014-01-31": "1746.00000", "2013-01-31": "1711.00000", "2012-01-31": "1574.00000", "2011-01-31": "1391.00000", "2010-01-31": "1105.00000", "2009-01-31": "1060.00000", "2008-01-31": "1428.00000", "2007-01-31": "1264.00000", "2006-01-31": "977.00000", "2005-01-31": "785.15810"}, "EBIT": {"2020-01-31": "784.00000", "2019-01-31": "837.00000", "2018-01-31": "926.00000", "2017-01-31": "805.00000", "2016-01-31": "1101.00000", "2015-01-31": "1323.00000", "2014-01-31": "1350.00000", "2013-01-31": "1345.00000", "2012-01-31": "1249.00000", "2011-01-31": "1118.00000", "2010-01-31": "834.00000", "2009-01-31": "779.00000", "2008-01-31": "1195.00000", "2007-01-31": "1015.00000", "2006-01-31": "734.00000", "2005-01-31": "551.76710"}, "Basic Shares Outstanding": {"2020-01-31": "155.20000", "2019-01-31": "167.30000", "2018-01-31": "166.80000", "2017-01-31": "173.20000", "2016-01-31": "186.30000", "2015-01-31": "190.00000", "2014-01-31": "194.50000", "2013-01-31": "203.00000", "2012-01-31": "213.50000", "2011-01-31": "218.80000", "2010-01-31": "216.80000", "2009-01-31": "216.60000", "2008-01-31": "244.80000", "2007-01-31": "260.70000", "2006-01-31": "272.00000", "2005-01-31": "278.99300"}, "Shares Outstanding": {"2020-01-31": "156.10000", "2019-01-31": "170.00000", "2018-01-31": "168.90000", "2017-01-31": "175.60000", "2016-01-31": "190.10000", "2015-01-31": "193.60000", "2014-01-31": "197.70000", "2013-01-31": "206.70000", "2012-01-31": "217.70000", "2011-01-31": "222.60000", "2010-01-31": "219.70000", "2009-01-31": "219.20000", "2008-01-31": "248.80000", "2007-01-31": "265.70000", "2006-01-31": "278.00000", "2005-01-31": "284.53300"}, "Basic EPS": {"2020-01-31": "3.20000", "2019-01-31": "3.37000", "2018-01-31": "2.62000", "2017-01-31": "2.05000", "2016-01-31": "3.22000", "2015-01-31": "3.79000", "2014-01-31": "3.77000", "2013-01-31": "3.62000", "2012-01-31": "3.20000", "2011-01-31": "2.80000", "2010-01-31": "2.03000", "2009-01-31": "1.85000", "2008-01-31": "2.92000", "2007-01-31": "2.60000", "2006-01-31": "2.03000", "2005-01-31": "1.41000"}, "EPS - Earnings Per Share": {"2020-01-31": "3.18000", "2019-01-31": "3.32000", "2018-01-31": "2.59000", "2017-01-31": "2.02000", "2016-01-31": "3.15000", "2015-01-31": "3.72000", "2014-01-31": "3.71000", "2013-01-31": "3.56000", "2012-01-31": "3.14000", "2011-01-31": "2.75000", "2010-01-31": "2.01000", "2009-01-31": "1.83000", "2008-01-31": "2.88000", "2007-01-31": "2.55000", "2006-01-31": "1.98000", "2005-01-31": "1.38000"}}, "income statement, quarterly": {"Revenue": {"2020-10-31": "3089.00000", "2020-07-31": "1862.00000", "2020-04-30": "2119.00000", "2020-01-31": "4537.00000", "2019-10-31": "3672.00000", "2019-07-31": "3872.00000", "2019-04-30": "3443.00000", "2019-01-31": "4484.00000", "2018-10-31": "3748.00000", "2018-07-31": "4067.00000", "2018-04-30": "3561.00000", "2018-01-31": "4702.00000", "2017-10-31": "3629.00000", "2017-07-31": "3793.00000", "2017-04-30": "3354.00000", "2017-01-31": "4315.00000", "2016-10-31": "3542.00000", "2016-07-31": "3651.00000", "2016-04-30": "3249.00000", "2016-01-31": "4193.00000", "2015-10-31": "3328.00000", "2015-07-31": "3701.00000", "2015-04-30": "3215.00000", "2015-01-31": "4043.00000", "2014-10-31": "3140.00000", "2014-07-31": "3392.00000", "2014-04-30": "2931.00000", "2014-01-31": "3711.00000", "2013-10-31": "2884.00000", "2013-07-31": "3196.00000", "2013-04-30": "2749.00000", "2013-01-31": "3698.00000", "2012-10-31": "2805.00000", "2012-07-31": "3006.00000", "2012-04-30": "2625.00000", "2012-01-31": "3249.00000", "2011-10-31": "2478.00000", "2011-07-31": "2810.00000", "2011-04-30": "2323.00000", "2011-01-31": "2916.00000", "2010-10-31": "2182.00000", "2010-07-31": "2515.00000", "2010-04-30": "2087.00000", "2010-01-31": "2640.00000", "2009-10-31": "1963.00000", "2009-07-31": "2232.00000", "2009-04-30": "1792.00000", "2009-01-31": "2386.00000", "2008-10-31": "1879.00000", "2008-07-31": "2359.00000", "2008-04-30": "1949.00000", "2008-01-31": "2766.00000", "2007-10-31": "1970.00000", "2007-07-31": "2390.00000", "2007-04-30": "1954.00000", "2007-01-31": "2736.20600", "2006-10-31": "1872.10300", "2006-07-31": "2270.46800", "2006-04-30": "1787.22300", "2006-01-31": "2295.95800", "2005-10-31": "1666.13000", "2005-07-31": "2106.43800", "2005-04-30": "1654.47400", "2005-01-31": "2100.34400"}, "Cost Of Goods Sold": {"2020-10-31": "2019.00000", "2020-07-31": "1406.00000", "2020-04-30": "1810.00000", "2020-01-31": "2884.00000", "2019-10-31": "2344.00000", "2019-07-31": "2476.00000", "2019-04-30": "2228.00000", "2019-01-31": "2843.00000", "2018-10-31": "2435.00000", "2018-07-31": "2589.00000", "2018-04-30": "2288.00000", "2018-01-31": "2969.00000", "2017-10-31": "2315.00000", "2017-07-31": "2451.00000", "2017-04-30": "2155.00000", "2017-01-31": "2720.00000", "2016-10-31": "2261.00000", "2016-07-31": "2359.00000", "2016-04-30": "2100.00000", "2016-01-31": "2700.00000", "2015-10-31": "2142.00000", "2015-07-31": "2327.00000", "2015-04-30": "1999.00000", "2015-01-31": "2493.00000", "2014-10-31": "1961.00000", "2014-07-31": "2130.00000", "2014-04-30": "1822.00000", "2014-01-31": "2269.00000", "2013-10-31": "1791.00000", "2013-07-31": "2004.00000", "2013-04-30": "1673.00000", "2013-01-31": "2239.00000", "2012-10-31": "1730.00000", "2012-07-31": "1879.00000", "2012-04-30": "1584.00000", "2012-01-31": "1973.00000", "2011-10-31": "1511.00000", "2011-07-31": "1723.00000", "2011-04-30": "1385.00000", "2011-01-31": "1758.00000", "2010-10-31": "1331.00000", "2010-07-31": "1565.00000", "2010-04-30": "1243.00000", "2010-01-31": "1593.00000", "2009-10-31": "1210.00000", "2009-07-31": "1418.00000", "2009-04-30": "1107.00000", "2009-01-31": "1565.00000", "2008-10-31": "1185.00000", "2008-07-31": "1488.00000", "2008-04-30": "1179.00000", "2008-01-31": "1569.00000", "2007-10-31": "1228.00000", "2007-07-31": "1514.00000", "2007-04-30": "1215.00000", "2007-01-31": "1624.24100", "2006-10-31": "1160.12300", "2006-07-31": "1446.63300", "2006-04-30": "1123.00300", "2006-01-31": "1435.86800", "2005-10-31": "1058.45200", "2005-07-31": "1347.51500", "2005-04-30": "1046.16500", "2005-01-31": "1330.65600"}, "Gross Profit": {"2020-10-31": "1070.00000", "2020-07-31": "456.00000", "2020-04-30": "309.00000", "2020-01-31": "1653.00000", "2019-10-31": "1328.00000", "2019-07-31": "1396.00000", "2019-04-30": "1215.00000", "2019-01-31": "1641.00000", "2018-10-31": "1313.00000", "2018-07-31": "1478.00000", "2018-04-30": "1273.00000", "2018-01-31": "1733.00000", "2017-10-31": "1314.00000", "2017-07-31": "1342.00000", "2017-04-30": "1199.00000", "2017-01-31": "1595.00000", "2016-10-31": "1281.00000", "2016-07-31": "1292.00000", "2016-04-30": "1149.00000", "2016-01-31": "1493.00000", "2015-10-31": "1186.00000", "2015-07-31": "1374.00000", "2015-04-30": "1216.00000", "2015-01-31": "1550.00000", "2014-10-31": "1179.00000", "2014-07-31": "1262.00000", "2014-04-30": "1109.00000", "2014-01-31": "1442.00000", "2013-10-31": "1093.00000", "2013-07-31": "1192.00000", "2013-04-30": "1076.00000", "2013-01-31": "1459.00000", "2012-10-31": "1075.00000", "2012-07-31": "1127.00000", "2012-04-30": "1041.00000", "2012-01-31": "1276.00000", "2011-10-31": "967.00000", "2011-07-31": "1087.00000", "2011-04-30": "938.00000", "2011-01-31": "1158.00000", "2010-10-31": "851.00000", "2010-07-31": "950.00000", "2010-04-30": "844.00000", "2010-01-31": "1047.00000", "2009-10-31": "753.00000", "2009-07-31": "814.00000", "2009-04-30": "685.00000", "2009-01-31": "821.00000", "2008-10-31": "694.00000", "2008-07-31": "871.00000", "2008-04-30": "770.00000", "2008-01-31": "1197.00000", "2007-10-31": "742.00000", "2007-07-31": "876.00000", "2007-04-30": "739.00000", "2007-01-31": "1111.96500", "2006-10-31": "711.98000", "2006-07-31": "823.83500", "2006-04-30": "664.22000", "2006-01-31": "860.09030", "2005-10-31": "607.67800", "2005-07-31": "758.92300", "2005-04-30": "608.30900", "2005-01-31": "769.68710"}, "Research And Development Expenses": {"2020-10-31": "", "2020-07-31": "", "2020-04-30": "", "2020-01-31": "", "2019-10-31": "", "2019-07-31": "", "2019-04-30": "", "2019-01-31": "", "2018-10-31": "", "2018-07-31": "", "2018-04-30": "", "2018-01-31": "", "2017-10-31": "", "2017-07-31": "", "2017-04-30": "", "2017-01-31": "", "2016-10-31": "", "2016-07-31": "", "2016-04-30": "", "2016-01-31": "", "2015-10-31": "", "2015-07-31": "", "2015-04-30": "", "2015-01-31": "", "2014-10-31": "", "2014-07-31": "", "2014-04-30": "", "2014-01-31": "", "2013-10-31": "", "2013-07-31": "", "2013-04-30": "", "2013-01-31": "", "2012-10-31": "", "2012-07-31": "", "2012-04-30": "", "2012-01-31": "", "2011-10-31": "", "2011-07-31": "", "2011-04-30": "", "2011-01-31": "", "2010-10-31": "", "2010-07-31": "", "2010-04-30": "", "2010-01-31": "", "2009-10-31": "", "2009-07-31": "", "2009-04-30": "", "2009-01-31": "", "2008-10-31": "", "2008-07-31": "", "2008-04-30": "", "2008-01-31": "", "2007-10-31": "", "2007-07-31": "", "2007-04-30": "", "2007-01-31": "", "2006-10-31": "", "2006-07-31": "", "2006-04-30": "", "2006-01-31": "", "2005-10-31": "", "2005-07-31": "", "2005-04-30": "", "2005-01-31": ""}, "SG&A Expenses": {"2020-10-31": "964.00000", "2020-07-31": "826.00000", "2020-04-30": "1122.00000", "2020-01-31": "1355.00000", "2019-10-31": "1135.00000", "2019-07-31": "1180.00000", "2019-04-30": "1138.00000", "2019-01-31": "1308.00000", "2018-10-31": "1208.00000", "2018-07-31": "1232.00000", "2018-04-30": "1120.00000", "2018-01-31": "1383.00000", "2017-10-31": "1106.00000", "2017-07-31": "1125.00000", "2017-04-30": "1048.00000", "2017-01-31": "1172.00000", "2016-10-31": "1029.00000", "2016-07-31": "1071.00000", "2016-04-30": "1043.00000", "2016-01-31": "1169.00000", "2015-10-31": "1031.00000", "2015-07-31": "997.00000", "2015-04-30": "971.00000", "2015-01-31": "1085.00000", "2014-10-31": "917.00000", "2014-07-31": "931.00000", "2014-04-30": "844.00000", "2014-01-31": "955.00000", "2013-10-31": "840.00000", "2013-07-31": "857.00000", "2013-04-30": "801.00000", "2013-01-31": "961.00000", "2012-10-31": "798.00000", "2012-07-31": "837.00000", "2012-04-30": "761.00000", "2012-01-31": "859.00000", "2011-10-31": "727.00000", "2011-07-31": "767.00000", "2011-04-30": "666.00000", "2011-01-31": "752.00000", "2010-10-31": "630.00000", "2010-07-31": "678.00000", "2010-04-30": "625.00000", "2010-01-31": "737.00000", "2009-10-31": "581.00000", "2009-07-31": "608.00000", "2009-04-30": "539.00000", "2009-01-31": "665.00000", "2008-10-31": "567.00000", "2008-07-31": "602.00000", "2008-04-30": "543.00000", "2008-01-31": "636.00000", "2007-10-31": "553.00000", "2007-07-31": "636.00000", "2007-04-30": "534.00000", "2007-01-31": "685.01810", "2006-10-31": "538.21000", "2006-07-31": "579.55200", "2006-04-30": "494.22000", "2006-01-31": "602.61390", "2005-10-31": "481.76800", "2005-07-31": "551.19600", "2005-04-30": "465.42200", "2005-01-31": "565.49700"}, "Other Operating Income Or Expenses": {"2020-10-31": "", "2020-07-31": "", "2020-04-30": "", "2020-01-31": "", "2019-10-31": "", "2019-07-31": "", "2019-04-30": "", "2019-01-31": "", "2018-10-31": "", "2018-07-31": "", "2018-04-30": "", "2018-01-31": "", "2017-10-31": "", "2017-07-31": "", "2017-04-30": "", "2017-01-31": "", "2016-10-31": "-197.00000", "2016-07-31": "", "2016-04-30": "", "2016-01-31": "", "2015-10-31": "", "2015-07-31": "", "2015-04-30": "", "2015-01-31": "", "2014-10-31": "", "2014-07-31": "", "2014-04-30": "", "2014-01-31": "", "2013-10-31": "", "2013-07-31": "", "2013-04-30": "", "2013-01-31": "", "2012-10-31": "", "2012-07-31": "", "2012-04-30": "", "2012-01-31": "", "2011-10-31": "", "2011-07-31": "", "2011-04-30": "", "2011-01-31": "", "2010-10-31": "", "2010-07-31": "", "2010-04-30": "", "2010-01-31": "", "2009-10-31": "", "2009-07-31": "", "2009-04-30": "", "2009-01-31": "", "2008-10-31": "", "2008-07-31": "", "2008-04-30": "", "2008-01-31": "", "2007-10-31": "", "2007-07-31": "", "2007-04-30": "", "2007-01-31": "", "2006-10-31": "", "2006-07-31": "", "2006-04-30": "", "2006-01-31": "", "2005-10-31": "", "2005-07-31": "", "2005-04-30": "", "2005-01-31": ""}, "Operating Expenses": {"2020-10-31": "2983.00000", "2020-07-31": "2232.00000", "2020-04-30": "2932.00000", "2020-01-31": "4239.00000", "2019-10-31": "3479.00000", "2019-07-31": "3656.00000", "2019-04-30": "3366.00000", "2019-01-31": "4151.00000", "2018-10-31": "3643.00000", "2018-07-31": "3821.00000", "2018-04-30": "3408.00000", "2018-01-31": "4352.00000", "2017-10-31": "3421.00000", "2017-07-31": "3576.00000", "2017-04-30": "3203.00000", "2017-01-31": "3892.00000", "2016-10-31": "3487.00000", "2016-07-31": "3430.00000", "2016-04-30": "3143.00000", "2016-01-31": "3869.00000", "2015-10-31": "3173.00000", "2015-07-31": "3324.00000", "2015-04-30": "2970.00000", "2015-01-31": "3578.00000", "2014-10-31": "2878.00000", "2014-07-31": "3061.00000", "2014-04-30": "2666.00000", "2014-01-31": "3224.00000", "2013-10-31": "2631.00000", "2013-07-31": "2861.00000", "2013-04-30": "2474.00000", "2013-01-31": "3200.00000", "2012-10-31": "2528.00000", "2012-07-31": "2716.00000", "2012-04-30": "2345.00000", "2012-01-31": "2832.00000", "2011-10-31": "2238.00000", "2011-07-31": "2490.00000", "2011-04-30": "2051.00000", "2011-01-31": "2510.00000", "2010-10-31": "1961.00000", "2010-07-31": "2243.00000", "2010-04-30": "1868.00000", "2010-01-31": "2330.00000", "2009-10-31": "1791.00000", "2009-07-31": "2026.00000", "2009-04-30": "1646.00000", "2009-01-31": "2230.00000", "2008-10-31": "1752.00000", "2008-07-31": "2090.00000", "2008-04-30": "1722.00000", "2008-01-31": "2205.00000", "2007-10-31": "1781.00000", "2007-07-31": "2150.00000", "2007-04-30": "1749.00000", "2007-01-31": "2309.25900", "2006-10-31": "1698.33300", "2006-07-31": "2026.18500", "2006-04-30": "1617.22300", "2006-01-31": "2038.48200", "2005-10-31": "1540.22000", "2005-07-31": "1898.71100", "2005-04-30": "1511.58700", "2005-01-31": "1896.15300"}, "Operating Income": {"2020-10-31": "106.00000", "2020-07-31": "-370.00000", "2020-04-30": "-813.00000", "2020-01-31": "298.00000", "2019-10-31": "193.00000", "2019-07-31": "216.00000", "2019-04-30": "77.00000", "2019-01-31": "333.00000", "2018-10-31": "105.00000", "2018-07-31": "246.00000", "2018-04-30": "153.00000", "2018-01-31": "350.00000", "2017-10-31": "208.00000", "2017-07-31": "217.00000", "2017-04-30": "151.00000", "2017-01-31": "423.00000", "2016-10-31": "55.00000", "2016-07-31": "221.00000", "2016-04-30": "106.00000", "2016-01-31": "324.00000", "2015-10-31": "155.00000", "2015-07-31": "377.00000", "2015-04-30": "245.00000", "2015-01-31": "465.00000", "2014-10-31": "262.00000", "2014-07-31": "331.00000", "2014-04-30": "265.00000", "2014-01-31": "487.00000", "2013-10-31": "253.00000", "2013-07-31": "335.00000", "2013-04-30": "275.00000", "2013-01-31": "498.00000", "2012-10-31": "277.00000", "2012-07-31": "290.00000", "2012-04-30": "280.00000", "2012-01-31": "417.00000", "2011-10-31": "240.00000", "2011-07-31": "320.00000", "2011-04-30": "272.00000", "2011-01-31": "406.00000", "2010-10-31": "221.00000", "2010-07-31": "272.00000", "2010-04-30": "219.00000", "2010-01-31": "310.00000", "2009-10-31": "172.00000", "2009-07-31": "206.00000", "2009-04-30": "146.00000", "2009-01-31": "156.00000", "2008-10-31": "127.00000", "2008-07-31": "269.00000", "2008-04-30": "227.00000", "2008-01-31": "561.00000", "2007-10-31": "189.00000", "2007-07-31": "240.00000", "2007-04-30": "205.00000", "2007-01-31": "426.94680", "2006-10-31": "173.77000", "2006-07-31": "244.28300", "2006-04-30": "170.00000", "2006-01-31": "257.47570", "2005-10-31": "125.91000", "2005-07-31": "207.72710", "2005-04-30": "142.88700", "2005-01-31": "204.19020"}, "Total Non-Operating Income/Expense": {"2020-10-31": "-48.00000", "2020-07-31": "-51.00000", "2020-04-30": "-34.00000", "2020-01-31": "-35.00000", "2019-10-31": "-20.00000", "2019-07-31": "-23.00000", "2019-04-30": "-24.00000", "2019-01-31": "-23.00000", "2018-10-31": "-25.00000", "2018-07-31": "-28.00000", "2018-04-30": "-28.00000", "2018-01-31": "-31.00000", "2017-10-31": "-28.00000", "2017-07-31": "-29.00000", "2017-04-30": "-48.00000", "2017-01-31": "-30.00000", "2016-10-31": "-30.00000", "2016-07-31": "-30.00000", "2016-04-30": "-31.00000", "2016-01-31": "-30.00000", "2015-10-31": "-30.00000", "2015-07-31": "-32.00000", "2015-04-30": "-33.00000", "2015-01-31": "-34.00000", "2014-10-31": "-34.00000", "2014-07-31": "-35.00000", "2014-04-30": "-35.00000", "2014-01-31": "-50.00000", "2013-10-31": "-35.00000", "2013-07-31": "-37.00000", "2013-04-30": "-39.00000", "2013-01-31": "-42.00000", "2012-10-31": "-38.00000", "2012-07-31": "-40.00000", "2012-04-30": "-40.00000", "2012-01-31": "-38.00000", "2011-10-31": "-31.00000", "2011-07-31": "-30.00000", "2011-04-30": "-31.00000", "2011-01-31": "-33.00000", "2010-10-31": "-31.00000", "2010-07-31": "-32.00000", "2010-04-30": "-31.00000", "2010-01-31": "-33.00000", "2009-10-31": "-38.00000", "2009-07-31": "-36.00000", "2009-04-30": "-31.00000", "2009-01-31": "-33.00000", "2008-10-31": "-33.00000", "2008-07-31": "-34.00000", "2008-04-30": "-31.00000", "2008-01-31": "-207.00000", "2007-10-31": "83.00000", "2007-07-31": "53.00000", "2007-04-30": "49.00000", "2007-01-31": "-47.55500", "2006-10-31": "47.40000", "2006-07-31": "48.06800", "2006-04-30": "43.08700", "2006-01-31": "49.73900", "2005-10-31": "37.10200", "2005-07-31": "34.06600", "2005-04-30": "30.09300", "2005-01-31": "32.28500"}, "Pre-Tax Income": {"2020-10-31": "58.00000", "2020-07-31": "-421.00000", "2020-04-30": "-847.00000", "2020-01-31": "263.00000", "2019-10-31": "173.00000", "2019-07-31": "193.00000", "2019-04-30": "53.00000", "2019-01-31": "310.00000", "2018-10-31": "80.00000", "2018-07-31": "218.00000", "2018-04-30": "125.00000", "2018-01-31": "319.00000", "2017-10-31": "180.00000", "2017-07-31": "188.00000", "2017-04-30": "103.00000", "2017-01-31": "393.00000", "2016-10-31": "25.00000", "2016-07-31": "191.00000", "2016-04-30": "75.00000", "2016-01-31": "294.00000", "2015-10-31": "125.00000", "2015-07-31": "345.00000", "2015-04-30": "212.00000", "2015-01-31": "431.00000", "2014-10-31": "228.00000", "2014-07-31": "296.00000", "2014-04-30": "230.00000", "2014-01-31": "437.00000", "2013-10-31": "218.00000", "2013-07-31": "298.00000", "2013-04-30": "236.00000", "2013-01-31": "456.00000", "2012-10-31": "239.00000", "2012-07-31": "250.00000", "2012-04-30": "240.00000", "2012-01-31": "379.00000", "2011-10-31": "209.00000", "2011-07-31": "290.00000", "2011-04-30": "241.00000", "2011-01-31": "373.00000", "2010-10-31": "190.00000", "2010-07-31": "240.00000", "2010-04-30": "188.00000", "2010-01-31": "277.00000", "2009-10-31": "134.00000", "2009-07-31": "170.00000", "2009-04-30": "115.00000", "2009-01-31": "123.00000", "2008-10-31": "94.00000", "2008-07-31": "235.00000", "2008-04-30": "196.00000", "2008-01-31": "354.00000", "2007-10-31": "272.00000", "2007-07-31": "293.00000", "2007-04-30": "254.00000", "2007-01-31": "379.39200", "2006-10-31": "221.17000", "2006-07-31": "292.35100", "2006-04-30": "213.08700", "2006-01-31": "307.21500", "2005-10-31": "163.01200", "2005-07-31": "241.79300", "2005-04-30": "172.98000", "2005-01-31": "236.47500"}, "Income Taxes": {"2020-10-31": "5.00000", "2020-07-31": "-166.00000", "2020-04-30": "-326.00000", "2020-01-31": "71.00000", "2019-10-31": "47.00000", "2019-07-31": "52.00000", "2019-04-30": "16.00000", "2019-01-31": "62.00000", "2018-10-31": "13.00000", "2018-07-31": "56.00000", "2018-04-30": "38.00000", "2018-01-31": "169.00000", "2017-10-31": "66.00000", "2017-07-31": "78.00000", "2017-04-30": "40.00000", "2017-01-31": "192.00000", "2016-10-31": "35.00000", "2016-07-31": "74.00000", "2016-04-30": "29.00000", "2016-01-31": "114.00000", "2015-10-31": "44.00000", "2015-07-31": "134.00000", "2015-04-30": "84.00000", "2015-01-31": "176.00000", "2014-10-31": "86.00000", "2014-07-31": "113.00000", "2014-04-30": "90.00000", "2014-01-31": "169.00000", "2013-10-31": "81.00000", "2013-07-31": "114.00000", "2013-04-30": "91.00000", "2013-01-31": "172.00000", "2012-10-31": "93.00000", "2012-07-31": "94.00000", "2012-04-30": "91.00000", "2012-01-31": "143.00000", "2011-10-31": "82.00000", "2011-07-31": "115.00000", "2011-04-30": "96.00000", "2011-01-31": "141.00000", "2010-10-31": "71.00000", "2010-07-31": "94.00000", "2010-04-30": "72.00000", "2010-01-31": "105.00000", "2009-10-31": "51.00000", "2009-07-31": "65.00000", "2009-04-30": "34.00000", "2009-01-31": "55.00000", "2008-10-31": "23.00000", "2008-07-31": "92.00000", "2008-04-30": "77.00000", "2008-01-31": "142.00000", "2007-10-31": "106.00000", "2007-07-31": "113.00000", "2007-04-30": "97.00000", "2007-01-31": "147.05000", "2006-10-31": "85.49700", "2006-07-31": "113.59700", "2006-04-30": "81.85600", "2006-01-31": "117.12400", "2005-10-31": "55.55900", "2005-07-31": "92.87500", "2005-04-30": "68.44200", "2005-01-31": "96.49500"}, "Income After Taxes": {"2020-10-31": "53.00000", "2020-07-31": "-255.00000", "2020-04-30": "-521.00000", "2020-01-31": "192.00000", "2019-10-31": "126.00000", "2019-07-31": "141.00000", "2019-04-30": "37.00000", "2019-01-31": "248.00000", "2018-10-31": "67.00000", "2018-07-31": "162.00000", "2018-04-30": "87.00000", "2018-01-31": "150.00000", "2017-10-31": "114.00000", "2017-07-31": "110.00000", "2017-04-30": "63.00000", "2017-01-31": "201.00000", "2016-10-31": "-10.00000", "2016-07-31": "117.00000", "2016-04-30": "46.00000", "2016-01-31": "180.00000", "2015-10-31": "81.00000", "2015-07-31": "211.00000", "2015-04-30": "128.00000", "2015-01-31": "255.00000", "2014-10-31": "142.00000", "2014-07-31": "183.00000", "2014-04-30": "140.00000", "2014-01-31": "268.00000", "2013-10-31": "137.00000", "2013-07-31": "184.00000", "2013-04-30": "145.00000", "2013-01-31": "284.00000", "2012-10-31": "146.00000", "2012-07-31": "156.00000", "2012-04-30": "149.00000", "2012-01-31": "236.00000", "2011-10-31": "127.00000", "2011-07-31": "175.00000", "2011-04-30": "145.00000", "2011-01-31": "232.00000", "2010-10-31": "119.00000", "2010-07-31": "146.00000", "2010-04-30": "116.00000", "2010-01-31": "172.00000", "2009-10-31": "83.00000", "2009-07-31": "105.00000", "2009-04-30": "81.00000", "2009-01-31": "68.00000", "2008-10-31": "71.00000", "2008-07-31": "143.00000", "2008-04-30": "119.00000", "2008-01-31": "212.00000", "2007-10-31": "166.00000", "2007-07-31": "180.00000", "2007-04-30": "157.00000", "2007-01-31": "232.34200", "2006-10-31": "135.67300", "2006-07-31": "178.75400", "2006-04-30": "131.23100", "2006-01-31": "190.09100", "2005-10-31": "107.45300", "2005-07-31": "148.91800", "2005-04-30": "104.53800", "2005-01-31": "139.98000"}, "Other Income": {"2020-10-31": "", "2020-07-31": "", "2020-04-30": "", "2020-01-31": "", "2019-10-31": "", "2019-07-31": "", "2019-04-30": "", "2019-01-31": "", "2018-10-31": "", "2018-07-31": "", "2018-04-30": "", "2018-01-31": "", "2017-10-31": "", "2017-07-31": "", "2017-04-30": "", "2017-01-31": "", "2016-10-31": "", "2016-07-31": "", "2016-04-30": "", "2016-01-31": "", "2015-10-31": "", "2015-07-31": "", "2015-04-30": "", "2015-01-31": "", "2014-10-31": "", "2014-07-31": "", "2014-04-30": "", "2014-01-31": "", "2013-10-31": "", "2013-07-31": "", "2013-04-30": "", "2013-01-31": "", "2012-10-31": "", "2012-07-31": "", "2012-04-30": "", "2012-01-31": "", "2011-10-31": "", "2011-07-31": "", "2011-04-30": "", "2011-01-31": "", "2010-10-31": "", "2010-07-31": "", "2010-04-30": "", "2010-01-31": "", "2009-10-31": "", "2009-07-31": "", "2009-04-30": "", "2009-01-31": "", "2008-10-31": "", "2008-07-31": "", "2008-04-30": "", "2008-01-31": "", "2007-10-31": "", "2007-07-31": "", "2007-04-30": "", "2007-01-31": "", "2006-10-31": "", "2006-07-31": "", "2006-04-30": "", "2006-01-31": "", "2005-10-31": "", "2005-07-31": "", "2005-04-30": "", "2005-01-31": ""}, "Income From Continuous Operations": {"2020-10-31": "53.00000", "2020-07-31": "-255.00000", "2020-04-30": "-521.00000", "2020-01-31": "192.00000", "2019-10-31": "126.00000", "2019-07-31": "141.00000", "2019-04-30": "37.00000", "2019-01-31": "248.00000", "2018-10-31": "67.00000", "2018-07-31": "162.00000", "2018-04-30": "87.00000", "2018-01-31": "150.00000", "2017-10-31": "114.00000", "2017-07-31": "110.00000", "2017-04-30": "63.00000", "2017-01-31": "201.00000", "2016-10-31": "-10.00000", "2016-07-31": "117.00000", "2016-04-30": "46.00000", "2016-01-31": "180.00000", "2015-10-31": "81.00000", "2015-07-31": "211.00000", "2015-04-30": "128.00000", "2015-01-31": "255.00000", "2014-10-31": "142.00000", "2014-07-31": "183.00000", "2014-04-30": "140.00000", "2014-01-31": "268.00000", "2013-10-31": "137.00000", "2013-07-31": "184.00000", "2013-04-30": "145.00000", "2013-01-31": "284.00000", "2012-10-31": "146.00000", "2012-07-31": "156.00000", "2012-04-30": "149.00000", "2012-01-31": "236.00000", "2011-10-31": "127.00000", "2011-07-31": "175.00000", "2011-04-30": "145.00000", "2011-01-31": "232.00000", "2010-10-31": "119.00000", "2010-07-31": "146.00000", "2010-04-30": "116.00000", "2010-01-31": "172.00000", "2009-10-31": "83.00000", "2009-07-31": "105.00000", "2009-04-30": "81.00000", "2009-01-31": "68.00000", "2008-10-31": "71.00000", "2008-07-31": "143.00000", "2008-04-30": "119.00000", "2008-01-31": "212.00000", "2007-10-31": "166.00000", "2007-07-31": "180.00000", "2007-04-30": "157.00000", "2007-01-31": "232.34200", "2006-10-31": "135.67300", "2006-07-31": "178.75400", "2006-04-30": "131.23100", "2006-01-31": "190.09100", "2005-10-31": "107.45300", "2005-07-31": "148.91800", "2005-04-30": "104.53800", "2005-01-31": "139.98000"}, "Income From Discontinued Operations": {"2020-10-31": "", "2020-07-31": "", "2020-04-30": "", "2020-01-31": "", "2019-10-31": "", "2019-07-31": "", "2019-04-30": "", "2019-01-31": "", "2018-10-31": "", "2018-07-31": "", "2018-04-30": "", "2018-01-31": "", "2017-10-31": "", "2017-07-31": "", "2017-04-30": "", "2017-01-31": "", "2016-10-31": "", "2016-07-31": "", "2016-04-30": "", "2016-01-31": "", "2015-10-31": "", "2015-07-31": "", "2015-04-30": "", "2015-01-31": "", "2014-10-31": "", "2014-07-31": "", "2014-04-30": "", "2014-01-31": "", "2013-10-31": "", "2013-07-31": "", "2013-04-30": "", "2013-01-31": "", "2012-10-31": "", "2012-07-31": "", "2012-04-30": "", "2012-01-31": "", "2011-10-31": "", "2011-07-31": "", "2011-04-30": "", "2011-01-31": "", "2010-10-31": "", "2010-07-31": "", "2010-04-30": "", "2010-01-31": "", "2009-10-31": "", "2009-07-31": "", "2009-04-30": "", "2009-01-31": "", "2008-10-31": "", "2008-07-31": "", "2008-04-30": "", "2008-01-31": "", "2007-10-31": "", "2007-07-31": "", "2007-04-30": "", "2007-01-31": "", "2006-10-31": "", "2006-07-31": "", "2006-04-30": "", "2006-01-31": "", "2005-10-31": "", "2005-07-31": "", "2005-04-30": "", "2005-01-31": ""}, "Net Income": {"2020-10-31": "53.00000", "2020-07-31": "-255.00000", "2020-04-30": "-521.00000", "2020-01-31": "192.00000", "2019-10-31": "126.00000", "2019-07-31": "141.00000", "2019-04-30": "37.00000", "2019-01-31": "248.00000", "2018-10-31": "67.00000", "2018-07-31": "162.00000", "2018-04-30": "87.00000", "2018-01-31": "150.00000", "2017-10-31": "114.00000", "2017-07-31": "110.00000", "2017-04-30": "63.00000", "2017-01-31": "201.00000", "2016-10-31": "-10.00000", "2016-07-31": "117.00000", "2016-04-30": "46.00000", "2016-01-31": "180.00000", "2015-10-31": "81.00000", "2015-07-31": "211.00000", "2015-04-30": "128.00000", "2015-01-31": "255.00000", "2014-10-31": "142.00000", "2014-07-31": "183.00000", "2014-04-30": "140.00000", "2014-01-31": "268.00000", "2013-10-31": "137.00000", "2013-07-31": "184.00000", "2013-04-30": "145.00000", "2013-01-31": "284.00000", "2012-10-31": "146.00000", "2012-07-31": "156.00000", "2012-04-30": "149.00000", "2012-01-31": "236.00000", "2011-10-31": "127.00000", "2011-07-31": "175.00000", "2011-04-30": "145.00000", "2011-01-31": "232.00000", "2010-10-31": "119.00000", "2010-07-31": "146.00000", "2010-04-30": "116.00000", "2010-01-31": "172.00000", "2009-10-31": "83.00000", "2009-07-31": "105.00000", "2009-04-30": "81.00000", "2009-01-31": "68.00000", "2008-10-31": "71.00000", "2008-07-31": "143.00000", "2008-04-30": "119.00000", "2008-01-31": "212.00000", "2007-10-31": "166.00000", "2007-07-31": "180.00000", "2007-04-30": "157.00000", "2007-01-31": "232.34200", "2006-10-31": "135.67300", "2006-07-31": "178.75400", "2006-04-30": "131.23100", "2006-01-31": "190.09100", "2005-10-31": "107.45300", "2005-07-31": "148.91800", "2005-04-30": "104.53800", "2005-01-31": "139.98000"}, "EBITDA": {"2020-10-31": "449.00000", "2020-07-31": "-154.00000", "2020-04-30": "-591.00000", "2020-01-31": "538.00000", "2019-10-31": "393.00000", "2019-07-31": "422.00000", "2019-04-30": "285.00000", "2019-01-31": "478.00000", "2018-10-31": "250.00000", "2018-07-31": "399.00000", "2018-04-30": "304.00000", "2018-01-31": "517.00000", "2017-10-31": "353.00000", "2017-07-31": "354.00000", "2017-04-30": "286.00000", "2017-01-31": "571.00000", "2016-10-31": "389.00000", "2016-07-31": "367.00000", "2016-04-30": "244.00000", "2016-01-31": "519.00000", "2015-10-31": "290.00000", "2015-07-31": "444.00000", "2015-04-30": "360.00000", "2015-01-31": "577.00000", "2014-10-31": "378.00000", "2014-07-31": "435.00000", "2014-04-30": "365.00000", "2014-01-31": "591.00000", "2013-10-31": "357.00000", "2013-07-31": "430.00000", "2013-04-30": "368.00000", "2013-01-31": "597.00000", "2012-10-31": "369.00000", "2012-07-31": "382.00000", "2012-04-30": "363.00000", "2012-01-31": "510.00000", "2011-10-31": "321.00000", "2011-07-31": "399.00000", "2011-04-30": "344.00000", "2011-01-31": "475.00000", "2010-10-31": "290.00000", "2010-07-31": "343.00000", "2010-04-30": "283.00000", "2010-01-31": "378.00000", "2009-10-31": "241.00000", "2009-07-31": "273.00000", "2009-04-30": "213.00000", "2009-01-31": "245.00000", "2008-10-31": "193.00000", "2008-07-31": "333.00000", "2008-04-30": "289.00000", "2008-01-31": "621.00000", "2007-10-31": "246.00000", "2007-07-31": "315.00000", "2007-04-30": "246.00000", "2007-01-31": "495.38580", "2006-10-31": "231.97900", "2006-07-31": "304.88700", "2006-04-30": "231.74800", "2006-01-31": "320.31070", "2005-10-31": "184.30300", "2005-07-31": "267.19810", "2005-04-30": "205.18800", "2005-01-31": "266.04220"}, "EBIT": {"2020-10-31": "106.00000", "2020-07-31": "-370.00000", "2020-04-30": "-813.00000", "2020-01-31": "298.00000", "2019-10-31": "193.00000", "2019-07-31": "216.00000", "2019-04-30": "77.00000", "2019-01-31": "333.00000", "2018-10-31": "105.00000", "2018-07-31": "246.00000", "2018-04-30": "153.00000", "2018-01-31": "350.00000", "2017-10-31": "208.00000", "2017-07-31": "217.00000", "2017-04-30": "151.00000", "2017-01-31": "423.00000", "2016-10-31": "55.00000", "2016-07-31": "221.00000", "2016-04-30": "106.00000", "2016-01-31": "324.00000", "2015-10-31": "155.00000", "2015-07-31": "377.00000", "2015-04-30": "245.00000", "2015-01-31": "465.00000", "2014-10-31": "262.00000", "2014-07-31": "331.00000", "2014-04-30": "265.00000", "2014-01-31": "487.00000", "2013-10-31": "253.00000", "2013-07-31": "335.00000", "2013-04-30": "275.00000", "2013-01-31": "498.00000", "2012-10-31": "277.00000", "2012-07-31": "290.00000", "2012-04-30": "280.00000", "2012-01-31": "417.00000", "2011-10-31": "240.00000", "2011-07-31": "320.00000", "2011-04-30": "272.00000", "2011-01-31": "406.00000", "2010-10-31": "221.00000", "2010-07-31": "272.00000", "2010-04-30": "219.00000", "2010-01-31": "310.00000", "2009-10-31": "172.00000", "2009-07-31": "206.00000", "2009-04-30": "146.00000", "2009-01-31": "156.00000", "2008-10-31": "127.00000", "2008-07-31": "269.00000", "2008-04-30": "227.00000", "2008-01-31": "561.00000", "2007-10-31": "189.00000", "2007-07-31": "240.00000", "2007-04-30": "205.00000", "2007-01-31": "426.94700", "2006-10-31": "173.77000", "2006-07-31": "244.28300", "2006-04-30": "170.00000", "2006-01-31": "257.47600", "2005-10-31": "125.91000", "2005-07-31": "207.72710", "2005-04-30": "142.88700", "2005-01-31": "204.19020"}, "Basic Shares Outstanding": {"2020-10-31": "157.50000", "2020-07-31": "157.20000", "2020-04-30": "156.40000", "2020-01-31": "155.20000", "2019-10-31": "155.20000", "2019-07-31": "155.00000", "2019-04-30": "155.00000", "2019-01-31": "167.30000", "2018-10-31": "168.80000", "2018-07-31": "167.80000", "2018-04-30": "167.80000", "2018-01-31": "166.80000", "2017-10-31": "166.60000", "2017-07-31": "166.40000", "2017-04-30": "167.30000", "2017-01-31": "173.20000", "2016-10-31": "173.40000", "2016-07-31": "173.50000", "2016-04-30": "173.10000", "2016-01-31": "186.30000", "2015-10-31": "187.20000", "2015-07-31": "189.40000", "2015-04-30": "190.60000", "2015-01-31": "190.00000", "2014-10-31": "190.70000", "2014-07-31": "189.60000", "2014-04-30": "189.80000", "2014-01-31": "194.50000", "2013-10-31": "194.30000", "2013-07-31": "195.50000", "2013-04-30": "195.60000", "2013-01-31": "203.00000", "2012-10-31": "200.90000", "2012-07-31": "205.20000", "2012-04-30": "207.30000", "2012-01-31": "213.50000", "2011-10-31": "210.90000", "2011-07-31": "215.90000", "2011-04-30": "219.00000", "2011-01-31": "218.80000", "2010-10-31": "219.00000", "2010-07-31": "219.20000", "2010-04-30": "218.40000", "2010-01-31": "216.80000", "2009-10-31": "217.10000", "2009-07-31": "216.50000", "2009-04-30": "215.90000", "2009-01-31": "216.60000", "2008-10-31": "215.60000", "2008-07-31": "216.50000", "2008-04-30": "218.60000", "2008-01-31": "244.80000", "2007-10-31": "241.50000", "2007-07-31": "251.00000", "2007-04-30": "257.90000", "2007-01-31": "260.70000", "2006-10-31": "256.75700", "2006-07-31": "261.51200", "2006-04-30": "267.49000", "2006-01-31": "272.00000", "2005-10-31": "271.59900", "2005-07-31": "273.37900", "2005-04-30": "273.07000", "2005-01-31": "278.99300"}, "Shares Outstanding": {"2020-10-31": "158.20000", "2020-07-31": "157.20000", "2020-04-30": "156.40000", "2020-01-31": "156.10000", "2019-10-31": "155.80000", "2019-07-31": "155.60000", "2019-04-30": "156.20000", "2019-01-31": "170.00000", "2018-10-31": "172.40000", "2018-07-31": "170.30000", "2018-04-30": "170.20000", "2018-01-31": "168.90000", "2017-10-31": "168.80000", "2017-07-31": "168.50000", "2017-04-30": "169.10000", "2017-01-31": "175.60000", "2016-10-31": "173.40000", "2016-07-31": "174.80000", "2016-04-30": "175.70000", "2016-01-31": "190.10000", "2015-10-31": "191.30000", "2015-07-31": "193.50000", "2015-04-30": "194.90000", "2015-01-31": "193.60000", "2014-10-31": "194.70000", "2014-07-31": "192.70000", "2014-04-30": "192.70000", "2014-01-31": "197.70000", "2013-10-31": "197.30000", "2013-07-31": "198.80000", "2013-04-30": "199.00000", "2013-01-31": "206.70000", "2012-10-31": "204.70000", "2012-07-31": "208.70000", "2012-04-30": "211.40000", "2012-01-31": "217.70000", "2011-10-31": "215.00000", "2011-07-31": "220.30000", "2011-04-30": "223.30000", "2011-01-31": "222.60000", "2010-10-31": "222.50000", "2010-07-31": "222.80000", "2010-04-30": "222.40000", "2010-01-31": "219.70000", "2009-10-31": "220.70000", "2009-07-31": "218.80000", "2009-04-30": "217.40000", "2009-01-31": "219.20000", "2008-10-31": "218.10000", "2008-07-31": "219.50000", "2008-04-30": "221.70000", "2008-01-31": "248.80000", "2007-10-31": "245.30000", "2007-07-31": "255.40000", "2007-04-30": "262.70000", "2007-01-31": "265.70000", "2006-10-31": "261.61600", "2006-07-31": "266.22600", "2006-04-30": "272.83100", "2006-01-31": "278.00000", "2005-10-31": "277.29300", "2005-07-31": "279.16900", "2005-04-30": "278.39500", "2005-01-31": "284.53300"}, "Basic EPS": {"2020-10-31": "0.34000", "2020-07-31": "-1.62000", "2020-04-30": "-3.33000", "2020-01-31": "1.24000", "2019-10-31": "0.81000", "2019-07-31": "0.91000", "2019-04-30": "0.24000", "2019-01-31": "1.48000", "2018-10-31": "0.40000", "2018-07-31": "0.97000", "2018-04-30": "0.52000", "2018-01-31": "0.90000", "2017-10-31": "0.68000", "2017-07-31": "0.66000", "2017-04-30": "0.38000", "2017-01-31": "1.17000", "2016-10-31": "-0.06000", "2016-07-31": "0.67000", "2016-04-30": "0.27000", "2016-01-31": "1.01000", "2015-10-31": "0.43000", "2015-07-31": "1.11000", "2015-04-30": "0.67000", "2015-01-31": "1.34000", "2014-10-31": "0.74000", "2014-07-31": "0.97000", "2014-04-30": "0.74000", "2014-01-31": "1.39000", "2013-10-31": "0.70000", "2013-07-31": "0.94000", "2013-04-30": "0.74000", "2013-01-31": "1.41000", "2012-10-31": "0.73000", "2012-07-31": "0.76000", "2012-04-30": "0.72000", "2012-01-31": "1.13000", "2011-10-31": "0.60000", "2011-07-31": "0.81000", "2011-04-30": "0.66000", "2011-01-31": "1.06000", "2010-10-31": "0.54000", "2010-07-31": "0.67000", "2010-04-30": "0.53000", "2010-01-31": "0.78000", "2009-10-31": "0.38000", "2009-07-31": "0.49000", "2009-04-30": "0.38000", "2009-01-31": "0.32000", "2008-10-31": "0.33000", "2008-07-31": "0.66000", "2008-04-30": "0.54000", "2008-01-31": "0.90000", "2007-10-31": "0.69000", "2007-07-31": "0.72000", "2007-04-30": "0.61000", "2007-01-31": "0.90000", "2006-10-31": "0.53000", "2006-07-31": "0.68000", "2006-04-30": "0.49000", "2006-01-31": "0.71000", "2005-10-31": "0.40000", "2005-07-31": "0.54000", "2005-04-30": "0.38000", "2005-01-31": "0.50500"}, "EPS - Earnings Per Share": {"2020-10-31": "0.34000", "2020-07-31": "-1.62000", "2020-04-30": "-3.33000", "2020-01-31": "1.24000", "2019-10-31": "0.81000", "2019-07-31": "0.90000", "2019-04-30": "0.23000", "2019-01-31": "1.47000", "2018-10-31": "0.39000", "2018-07-31": "0.95000", "2018-04-30": "0.51000", "2018-01-31": "0.90000", "2017-10-31": "0.67000", "2017-07-31": "0.65000", "2017-04-30": "0.37000", "2017-01-31": "1.15000", "2016-10-31": "-0.06000", "2016-07-31": "0.67000", "2016-04-30": "0.26000", "2016-01-31": "0.98000", "2015-10-31": "0.42000", "2015-07-31": "1.09000", "2015-04-30": "0.66000", "2015-01-31": "1.32000", "2014-10-31": "0.73000", "2014-07-31": "0.95000", "2014-04-30": "0.72000", "2014-01-31": "1.36000", "2013-10-31": "0.69000", "2013-07-31": "0.93000", "2013-04-30": "0.73000", "2013-01-31": "1.40000", "2012-10-31": "0.71000", "2012-07-31": "0.75000", "2012-04-30": "0.70000", "2012-01-31": "1.10000", "2011-10-31": "0.59000", "2011-07-31": "0.80000", "2011-04-30": "0.65000", "2011-01-31": "1.04000", "2010-10-31": "0.53000", "2010-07-31": "0.66000", "2010-04-30": "0.52000", "2010-01-31": "0.78000", "2009-10-31": "0.38000", "2009-07-31": "0.48000", "2009-04-30": "0.37000", "2009-01-31": "0.31000", "2008-10-31": "0.33000", "2008-07-31": "0.65000", "2008-04-30": "0.54000", "2008-01-31": "0.89000", "2007-10-31": "0.68000", "2007-07-31": "0.71000", "2007-04-30": "0.60000", "2007-01-31": "0.88000", "2006-10-31": "0.52000", "2006-07-31": "0.67000", "2006-04-30": "0.48000", "2006-01-31": "0.68000", "2005-10-31": "0.39000", "2005-07-31": "0.53000", "2005-04-30": "0.38000", "2005-01-31": "0.50000"}}, "balance sheet": {"Cash On Hand": {"2020-01-31": "853.00000", "2019-01-31": "957.00000", "2018-01-31": "1181.00000", "2017-01-31": "1007.00000", "2016-01-31": "595.00000", "2015-01-31": "827.00000", "2014-01-31": "1194.00000", "2013-01-31": "1285.00000", "2012-01-31": "1877.00000", "2011-01-31": "1506.00000", "2010-01-31": "795.00000", "2009-01-31": "72.00000", "2008-01-31": "358.00000", "2007-01-31": "831.00000", "2006-01-31": "1077.79200", "2005-01-31": "824.86400"}, "Receivables": {"2020-01-31": "179.00000", "2019-01-31": "148.00000", "2018-01-31": "145.00000", "2017-01-31": "199.00000", "2016-01-31": "196.00000", "2015-01-31": "2306.00000", "2014-01-31": "2177.00000", "2013-01-31": "2129.00000", "2012-01-31": "2033.00000", "2011-01-31": "2026.00000", "2010-01-31": "2035.00000", "2009-01-31": "1942.00000", "2008-01-31": "1788.00000", "2007-01-31": "684.00000", "2006-01-31": "639.55800", "2005-01-31": "645.66300"}, "Inventory": {"2020-01-31": "1920.00000", "2019-01-31": "1978.00000", "2018-01-31": "2027.00000", "2017-01-31": "1896.00000", "2016-01-31": "1945.00000", "2015-01-31": "1733.00000", "2014-01-31": "1531.00000", "2013-01-31": "1360.00000", "2012-01-31": "1148.00000", "2011-01-31": "977.00000", "2010-01-31": "898.00000", "2009-01-31": "900.00000", "2008-01-31": "956.00000", "2007-01-31": "997.00000", "2006-01-31": "955.97800", "2005-01-31": "917.18200"}, "Pre-Paid Expenses": {"2020-01-31": "278.00000", "2019-01-31": "291.00000", "2018-01-31": "150.00000", "2017-01-31": "140.00000", "2016-01-31": "278.00000", "2015-01-31": "102.00000", "2014-01-31": "87.00000", "2013-01-31": "80.00000", "2012-01-31": "282.00000", "2011-01-31": "79.00000", "2010-01-31": "88.00000", "2009-01-31": "93.00000", "2008-01-31": "78.00000", "2007-01-31": "61.00000", "2006-01-31": "55.35900", "2005-01-31": "53.18800"}, "Other Current Assets": {"2020-01-31": "", "2019-01-31": "", "2018-01-31": "", "2017-01-31": "", "2016-01-31": "", "2015-01-31": "", "2014-01-31": "", "2013-01-31": "", "2012-01-31": "", "2011-01-31": "", "2010-01-31": "", "2009-01-31": "", "2008-01-31": "", "2007-01-31": "", "2006-01-31": "", "2005-01-31": ""}, "Total Current Assets": {"2020-01-31": "3230.00000", "2019-01-31": "3374.00000", "2018-01-31": "3503.00000", "2017-01-31": "3242.00000", "2016-01-31": "3014.00000", "2015-01-31": "5224.00000", "2014-01-31": "5228.00000", "2013-01-31": "5081.00000", "2012-01-31": "5560.00000", "2011-01-31": "4824.00000", "2010-01-31": "4054.00000", "2009-01-31": "3217.00000", "2008-01-31": "3361.00000", "2007-01-31": "2742.00000", "2006-01-31": "2874.15700", "2005-01-31": "2572.44400"}, "Property, Plant, And Equipment": {"2020-01-31": "4179.00000", "2019-01-31": "3921.00000", "2018-01-31": "3939.00000", "2017-01-31": "3897.00000", "2016-01-31": "3735.00000", "2015-01-31": "3340.00000", "2014-01-31": "2949.00000", "2013-01-31": "2579.00000", "2012-01-31": "2469.00000", "2011-01-31": "2318.00000", "2010-01-31": "2242.00000", "2009-01-31": "2221.00000", "2008-01-31": "1983.00000", "2007-01-31": "1757.00000", "2006-01-31": "1773.87100", "2005-01-31": "1780.36600"}, "Long-Term Investments": {"2020-01-31": "", "2019-01-31": "", "2018-01-31": "", "2017-01-31": "", "2016-01-31": "", "2015-01-31": "", "2014-01-31": "", "2013-01-31": "", "2012-01-31": "", "2011-01-31": "", "2010-01-31": "", "2009-01-31": "", "2008-01-31": "", "2007-01-31": "", "2006-01-31": "", "2005-01-31": ""}, "Goodwill And Intangible Assets": {"2020-01-31": "249.00000", "2019-01-31": "249.00000", "2018-01-31": "238.00000", "2017-01-31": "238.00000", "2016-01-31": "435.00000", "2015-01-31": "435.00000", "2014-01-31": "175.00000", "2013-01-31": "175.00000", "2012-01-31": "175.00000", "2011-01-31": "53.00000", "2010-01-31": "53.00000", "2009-01-31": "53.00000", "2008-01-31": "53.00000", "2007-01-31": "136.00000", "2006-01-31": "135.71400", "2005-01-31": "135.71400"}, "Other Long-Term Assets": {"2020-01-31": "305.00000", "2019-01-31": "342.00000", "2018-01-31": "435.00000", "2017-01-31": "481.00000", "2016-01-31": "514.00000", "2015-01-31": "246.00000", "2014-01-31": "222.00000", "2013-01-31": "254.00000", "2012-01-31": "287.00000", "2011-01-31": "267.00000", "2010-01-31": "230.00000", "2009-01-31": "170.00000", "2008-01-31": "203.00000", "2007-01-31": "187.00000", "2006-01-31": "137.60700", "2005-01-31": "116.86600"}, "Total Long-Term Assets": {"2020-01-31": "6507.00000", "2019-01-31": "4512.00000", "2018-01-31": "4612.00000", "2017-01-31": "4616.00000", "2016-01-31": "4684.00000", "2015-01-31": "4021.00000", "2014-01-31": "3346.00000", "2013-01-31": "3008.00000", "2012-01-31": "2931.00000", "2011-01-31": "2638.00000", "2010-01-31": "2525.00000", "2009-01-31": "2444.00000", "2008-01-31": "2239.00000", "2007-01-31": "2080.00000", "2006-01-31": "2047.19200", "2005-01-31": "2032.94600"}, "Total Assets": {"2020-01-31": "9737.00000", "2019-01-31": "7886.00000", "2018-01-31": "8115.00000", "2017-01-31": "7858.00000", "2016-01-31": "7698.00000", "2015-01-31": "9245.00000", "2014-01-31": "8574.00000", "2013-01-31": "8089.00000", "2012-01-31": "8491.00000", "2011-01-31": "7462.00000", "2010-01-31": "6579.00000", "2009-01-31": "5661.00000", "2008-01-31": "5600.00000", "2007-01-31": "4822.00000", "2006-01-31": "4921.34900", "2005-01-31": "4605.39000"}, "Total Current Liabilities": {"2020-01-31": "3520.00000", "2019-01-31": "3381.00000", "2018-01-31": "3289.00000", "2017-01-31": "3029.00000", "2016-01-31": "2911.00000", "2015-01-31": "2800.00000", "2014-01-31": "2541.00000", "2013-01-31": "2226.00000", "2012-01-31": "2575.00000", "2011-01-31": "1879.00000", "2010-01-31": "2014.00000", "2009-01-31": "1601.00000", "2008-01-31": "1635.00000", "2007-01-31": "1433.00000", "2006-01-31": "1623.31200", "2005-01-31": "1341.15200"}, "Long Term Debt": {"2020-01-31": "2676.00000", "2019-01-31": "2677.00000", "2018-01-31": "2681.00000", "2017-01-31": "2763.00000", "2016-01-31": "2795.00000", "2015-01-31": "3123.00000", "2014-01-31": "3106.00000", "2013-01-31": "3124.00000", "2012-01-31": "3141.00000", "2011-01-31": "2775.00000", "2010-01-31": "2257.00000", "2009-01-31": "2214.00000", "2008-01-31": "2236.00000", "2007-01-31": "624.00000", "2006-01-31": "627.77600", "2005-01-31": "929.01000"}, "Other Non-Current Liabilities": {"2020-01-31": "683.00000", "2019-01-31": "498.00000", "2018-01-31": "673.00000", "2017-01-31": "675.00000", "2016-01-31": "581.00000", "2015-01-31": "372.00000", "2014-01-31": "349.00000", "2013-01-31": "341.00000", "2012-01-31": "319.00000", "2011-01-31": "292.00000", "2010-01-31": "267.00000", "2009-01-31": "201.00000", "2008-01-31": "245.00000", "2007-01-31": "240.00000", "2006-01-31": "213.19800", "2005-01-31": "179.14700"}, "Total Long Term Liabilities": {"2020-01-31": "5238.00000", "2019-01-31": "3632.00000", "2018-01-31": "3849.00000", "2017-01-31": "3959.00000", "2016-01-31": "3916.00000", "2015-01-31": "4005.00000", "2014-01-31": "3953.00000", "2013-01-31": "3950.00000", "2012-01-31": "3960.00000", "2011-01-31": "3562.00000", "2010-01-31": "2993.00000", "2009-01-31": "2850.00000", "2008-01-31": "2850.00000", "2007-01-31": "1220.00000", "2006-01-31": "1205.35600", "2005-01-31": "1475.24400"}, "Total Liabilities": {"2020-01-31": "8758.00000", "2019-01-31": "7013.00000", "2018-01-31": "7138.00000", "2017-01-31": "6988.00000", "2016-01-31": "6827.00000", "2015-01-31": "6805.00000", "2014-01-31": "6494.00000", "2013-01-31": "6176.00000", "2012-01-31": "6535.00000", "2011-01-31": "5441.00000", "2010-01-31": "5007.00000", "2009-01-31": "4451.00000", "2008-01-31": "4485.00000", "2007-01-31": "2653.00000", "2006-01-31": "2828.66800", "2005-01-31": "2816.39600"}, "Common Stock Net": {"2020-01-31": "3129.00000", "2019-01-31": "3048.00000", "2018-01-31": "2816.00000", "2017-01-31": "2707.00000", "2016-01-31": "2539.00000", "2015-01-31": "2338.00000", "2014-01-31": "1827.00000", "2013-01-31": "1645.00000", "2012-01-31": "1484.00000", "2011-01-31": "1168.00000", "2010-01-31": "1066.00000", "2009-01-31": "997.00000", "2008-01-31": "936.00000", "2007-01-31": "827.00000", "2006-01-31": "685.93400", "2005-01-31": "552.65500"}, "Retained Earnings (Accumulated Deficit)": {"2020-01-31": "-2082.00000", "2019-01-31": "-2138.00000", "2018-01-31": "-1810.00000", "2017-01-31": "-1794.00000", "2016-01-31": "-1610.00000", "2015-01-31": "166.00000", "2014-01-31": "292.00000", "2013-01-31": "315.00000", "2012-01-31": "517.00000", "2011-01-31": "882.00000", "2010-01-31": "525.00000", "2009-01-31": "223.00000", "2008-01-31": "201.00000", "2007-01-31": "1351.00000", "2006-01-31": "1404.36600", "2005-01-31": "1227.30300"}, "Comprehensive Income": {"2020-01-31": "-68.00000", "2019-01-31": "-37.00000", "2018-01-31": "-29.00000", "2017-01-31": "-43.00000", "2016-01-31": "-58.00000", "2015-01-31": "-64.00000", "2014-01-31": "-39.00000", "2013-01-31": "-47.00000", "2012-01-31": "-45.00000", "2011-01-31": "-29.00000", "2010-01-31": "-19.00000", "2009-01-31": "-10.00000", "2008-01-31": "-22.00000", "2007-01-31": "-9.00000", "2006-01-31": "2.70800", "2005-01-31": "9.33500"}, "Other Share Holders Equity": {"2020-01-31": "", "2019-01-31": "", "2018-01-31": "", "2017-01-31": "", "2016-01-31": "", "2015-01-31": "", "2014-01-31": "", "2013-01-31": "", "2012-01-31": "", "2011-01-31": "", "2010-01-31": "", "2009-01-31": "", "2008-01-31": "", "2007-01-31": "", "2006-01-31": "", "2005-01-31": ""}, "Share Holder Equity": {"2020-01-31": "979.00000", "2019-01-31": "873.00000", "2018-01-31": "977.00000", "2017-01-31": "870.00000", "2016-01-31": "871.00000", "2015-01-31": "2440.00000", "2014-01-31": "2080.00000", "2013-01-31": "1913.00000", "2012-01-31": "1956.00000", "2011-01-31": "2021.00000", "2010-01-31": "1572.00000", "2009-01-31": "1210.00000", "2008-01-31": "1115.00000", "2007-01-31": "2169.00000", "2006-01-31": "2092.68100", "2005-01-31": "1788.99400"}, "Total Liabilities And Share Holders Equity": {"2020-01-31": "9737.00000", "2019-01-31": "7886.00000", "2018-01-31": "8115.00000", "2017-01-31": "7858.00000", "2016-01-31": "7698.00000", "2015-01-31": "9245.00000", "2014-01-31": "8574.00000", "2013-01-31": "8089.00000", "2012-01-31": "8491.00000", "2011-01-31": "7462.00000", "2010-01-31": "6579.00000", "2009-01-31": "5661.00000", "2008-01-31": "5600.00000", "2007-01-31": "4822.00000", "2006-01-31": "4921.34900", "2005-01-31": "4605.39000"}}, "balance sheet, quarterly": {"Cash On Hand": {"2020-10-31": "889.00000", "2020-07-31": "991.00000", "2020-04-30": "1355.00000", "2020-01-31": "853.00000", "2019-10-31": "487.00000", "2019-07-31": "956.00000", "2019-04-30": "448.00000", "2019-01-31": "957.00000", "2018-10-31": "1127.00000", "2018-07-31": "1343.00000", "2018-04-30": "966.00000", "2018-01-31": "1181.00000", "2017-10-31": "672.00000", "2017-07-31": "919.00000", "2017-04-30": "653.00000", "2017-01-31": "1007.00000", "2016-10-31": "531.00000", "2016-07-31": "892.00000", "2016-04-30": "470.00000", "2016-01-31": "595.00000", "2015-10-31": "821.00000", "2015-07-31": "423.00000", "2015-04-30": "769.00000", "2015-01-31": "827.00000", "2014-10-31": "433.00000", "2014-07-31": "772.00000", "2014-04-30": "1015.00000", "2014-01-31": "1194.00000", "2013-10-31": "947.00000", "2013-07-31": "1128.00000", "2013-04-30": "1190.00000", "2013-01-31": "1285.00000", "2012-10-31": "1158.00000", "2012-07-31": "1258.00000", "2012-04-30": "1647.00000", "2012-01-31": "1877.00000", "2011-10-31": "1457.00000", "2011-07-31": "1090.00000", "2011-04-30": "1433.00000", "2011-01-31": "1506.00000", "2010-10-31": "1046.00000", "2010-07-31": "1137.00000", "2010-04-30": "1040.00000", "2010-01-31": "795.00000", "2009-10-31": "484.00000", "2009-07-31": "519.00000", "2009-04-30": "78.00000", "2009-01-31": "72.00000", "2008-10-31": "68.00000", "2008-07-31": "92.00000", "2008-04-30": "119.00000", "2008-01-31": "358.00000", "2007-10-31": "108.00000", "2007-07-31": "179.00000", "2007-04-30": "745.00000", "2007-01-31": "831.00000", "2006-10-31": "522.37100", "2006-07-31": "784.49800", "2006-04-30": "857.18000", "2006-01-31": "1077.79200", "2005-10-31": "749.70200", "2005-07-31": "1012.47100", "2005-04-30": "796.74700", "2005-01-31": "824.86400"}, "Receivables": {"2020-10-31": "256.00000", "2020-07-31": "146.00000", "2020-04-30": "154.00000", "2020-01-31": "179.00000", "2019-10-31": "234.00000", "2019-07-31": "211.00000", "2019-04-30": "233.00000", "2019-01-31": "148.00000", "2018-10-31": "190.00000", "2018-07-31": "200.00000", "2018-04-30": "186.00000", "2018-01-31": "145.00000", "2017-10-31": "211.00000", "2017-07-31": "320.00000", "2017-04-30": "209.00000", "2017-01-31": "199.00000", "2016-10-31": "216.00000", "2016-07-31": "263.00000", "2016-04-30": "224.00000", "2016-01-31": "196.00000", "2015-10-31": "215.00000", "2015-07-31": "2632.00000", "2015-04-30": "2266.00000", "2015-01-31": "2306.00000", "2014-10-31": "2253.00000", "2014-07-31": "2454.00000", "2014-04-30": "2167.00000", "2014-01-31": "2177.00000", "2013-10-31": "2146.00000", "2013-07-31": "2369.00000", "2013-04-30": "2087.00000", "2013-01-31": "2129.00000", "2012-10-31": "2088.00000", "2012-07-31": "2297.00000", "2012-04-30": "2008.00000", "2012-01-31": "2033.00000", "2011-10-31": "1995.00000", "2011-07-31": "2204.00000", "2011-04-30": "1969.00000", "2011-01-31": "2026.00000", "2010-10-31": "2015.00000", "2010-07-31": "2153.00000", "2010-04-30": "1964.00000", "2010-01-31": "2035.00000", "2009-10-31": "2016.00000", "2009-07-31": "2102.00000", "2009-04-30": "1921.00000", "2009-01-31": "1942.00000", "2008-10-31": "1918.00000", "2008-07-31": "2045.00000", "2008-04-30": "1806.00000", "2008-01-31": "1788.00000", "2007-10-31": "1734.00000", "2007-07-31": "1803.00000", "2007-04-30": "1602.00000", "2007-01-31": "684.00000", "2006-10-31": "667.74800", "2006-07-31": "702.53600", "2006-04-30": "619.09500", "2006-01-31": "639.55800", "2005-10-31": "626.86400", "2005-07-31": "701.88200", "2005-04-30": "629.78800", "2005-01-31": "645.66300"}, "Inventory": {"2020-10-31": "1860.00000", "2020-07-31": "1466.00000", "2020-04-30": "1489.00000", "2020-01-31": "1920.00000", "2019-10-31": "2542.00000", "2019-07-31": "1932.00000", "2019-04-30": "2006.00000", "2019-01-31": "1978.00000", "2018-10-31": "2614.00000", "2018-07-31": "2065.00000", "2018-04-30": "2120.00000", "2018-01-31": "2027.00000", "2017-10-31": "2434.00000", "2017-07-31": "2077.00000", "2017-04-30": "2160.00000", "2017-01-31": "1896.00000", "2016-10-31": "2411.00000", "2016-07-31": "2032.00000", "2016-04-30": "2125.00000", "2016-01-31": "1945.00000", "2015-10-31": "2402.00000", "2015-07-31": "2004.00000", "2015-04-30": "2017.00000", "2015-01-31": "1733.00000", "2014-10-31": "2228.00000", "2014-07-31": "1805.00000", "2014-04-30": "1698.00000", "2014-01-31": "1531.00000", "2013-10-31": "1795.00000", "2013-07-31": "1464.00000", "2013-04-30": "1485.00000", "2013-01-31": "1360.00000", "2012-10-31": "1650.00000", "2012-07-31": "1394.00000", "2012-04-30": "1372.00000", "2012-01-31": "1148.00000", "2011-10-31": "1507.00000", "2011-07-31": "1152.00000", "2011-04-30": "1149.00000", "2011-01-31": "977.00000", "2010-10-31": "1307.00000", "2010-07-31": "1055.00000", "2010-04-30": "1067.00000", "2010-01-31": "898.00000", "2009-10-31": "1193.00000", "2009-07-31": "929.00000", "2009-04-30": "1004.00000", "2009-01-31": "900.00000", "2008-10-31": "1278.00000", "2008-07-31": "1000.00000", "2008-04-30": "1079.00000", "2008-01-31": "956.00000", "2007-10-31": "1242.00000", "2007-07-31": "1053.00000", "2007-04-30": "1105.00000", "2007-01-31": "997.00000", "2006-10-31": "1228.23000", "2006-07-31": "985.66700", "2006-04-30": "1078.75000", "2006-01-31": "955.97800", "2005-10-31": "1166.47100", "2005-07-31": "989.36500", "2005-04-30": "1016.64000", "2005-01-31": "917.18200"}, "Pre-Paid Expenses": {"2020-10-31": "902.00000", "2020-07-31": "802.00000", "2020-04-30": "669.00000", "2020-01-31": "278.00000", "2019-10-31": "310.00000", "2019-07-31": "384.00000", "2019-04-30": "271.00000", "2019-01-31": "291.00000", "2018-10-31": "366.00000", "2018-07-31": "439.00000", "2018-04-30": "291.00000", "2018-01-31": "150.00000", "2017-10-31": "162.00000", "2017-07-31": "157.00000", "2017-04-30": "147.00000", "2017-01-31": "140.00000", "2016-10-31": "227.00000", "2016-07-31": "163.00000", "2016-04-30": "173.00000", "2016-01-31": "278.00000", "2015-10-31": "202.00000", "2015-07-31": "117.00000", "2015-04-30": "110.00000", "2015-01-31": "102.00000", "2014-10-31": "170.00000", "2014-07-31": "96.00000", "2014-04-30": "89.00000", "2014-01-31": "87.00000", "2013-10-31": "122.00000", "2013-07-31": "89.00000", "2013-04-30": "84.00000", "2013-01-31": "80.00000", "2012-10-31": "115.00000", "2012-07-31": "85.00000", "2012-04-30": "79.00000", "2012-01-31": "282.00000", "2011-10-31": "147.00000", "2011-07-31": "89.00000", "2011-04-30": "80.00000", "2011-01-31": "79.00000", "2010-10-31": "120.00000", "2010-07-31": "75.00000", "2010-04-30": "84.00000", "2010-01-31": "88.00000", "2009-10-31": "84.00000", "2009-07-31": "67.00000", "2009-04-30": "70.00000", "2009-01-31": "93.00000", "2008-10-31": "100.00000", "2008-07-31": "65.00000", "2008-04-30": "75.00000", "2008-01-31": "78.00000", "2007-10-31": "69.00000", "2007-07-31": "66.00000", "2007-04-30": "60.00000", "2007-01-31": "61.00000", "2006-10-31": "65.71100", "2006-07-31": "60.44500", "2006-04-30": "56.98200", "2006-01-31": "55.35900", "2005-10-31": "53.45100", "2005-07-31": "50.10100", "2005-04-30": "53.93400", "2005-01-31": "53.18800"}, "Other Current Assets": {"2020-10-31": "", "2020-07-31": "", "2020-04-30": "", "2020-01-31": "", "2019-10-31": "", "2019-07-31": "", "2019-04-30": "", "2019-01-31": "", "2018-10-31": "", "2018-07-31": "", "2018-04-30": "", "2018-01-31": "", "2017-10-31": "", "2017-07-31": "", "2017-04-30": "", "2017-01-31": "", "2016-10-31": "", "2016-07-31": "", "2016-04-30": "", "2016-01-31": "", "2015-10-31": "", "2015-07-31": "", "2015-04-30": "", "2015-01-31": "", "2014-10-31": "", "2014-07-31": "", "2014-04-30": "", "2014-01-31": "", "2013-10-31": "", "2013-07-31": "", "2013-04-30": "", "2013-01-31": "", "2012-10-31": "", "2012-07-31": "", "2012-04-30": "", "2012-01-31": "", "2011-10-31": "", "2011-07-31": "", "2011-04-30": "", "2011-01-31": "", "2010-10-31": "", "2010-07-31": "", "2010-04-30": "", "2010-01-31": "", "2009-10-31": "", "2009-07-31": "", "2009-04-30": "", "2009-01-31": "", "2008-10-31": "", "2008-07-31": "", "2008-04-30": "", "2008-01-31": "", "2007-10-31": "", "2007-07-31": "229.00000", "2007-04-30": "", "2007-01-31": "", "2006-10-31": "", "2006-07-31": "212.17600", "2006-04-30": "", "2006-01-31": "", "2005-10-31": "", "2005-07-31": "", "2005-04-30": "", "2005-01-31": ""}, "Total Current Assets": {"2020-10-31": "3907.00000", "2020-07-31": "3405.00000", "2020-04-30": "3667.00000", "2020-01-31": "3230.00000", "2019-10-31": "3573.00000", "2019-07-31": "3483.00000", "2019-04-30": "2958.00000", "2019-01-31": "3374.00000", "2018-10-31": "4297.00000", "2018-07-31": "4047.00000", "2018-04-30": "3563.00000", "2018-01-31": "3503.00000", "2017-10-31": "3479.00000", "2017-07-31": "3473.00000", "2017-04-30": "3169.00000", "2017-01-31": "3242.00000", "2016-10-31": "3385.00000", "2016-07-31": "3350.00000", "2016-04-30": "2992.00000", "2016-01-31": "3014.00000", "2015-10-31": "3887.00000", "2015-07-31": "5432.00000", "2015-04-30": "5418.00000", "2015-01-31": "5224.00000", "2014-10-31": "5337.00000", "2014-07-31": "5387.00000", "2014-04-30": "5207.00000", "2014-01-31": "5228.00000", "2013-10-31": "5253.00000", "2013-07-31": "5294.00000", "2013-04-30": "5072.00000", "2013-01-31": "5081.00000", "2012-10-31": "5233.00000", "2012-07-31": "5267.00000", "2012-04-30": "5321.00000", "2012-01-31": "5560.00000", "2011-10-31": "5322.00000", "2011-07-31": "4763.00000", "2011-04-30": "4853.00000", "2011-01-31": "4824.00000", "2010-10-31": "4726.00000", "2010-07-31": "4665.00000", "2010-04-30": "4389.00000", "2010-01-31": "4054.00000", "2009-10-31": "4007.00000", "2009-07-31": "3851.00000", "2009-04-30": "3293.00000", "2009-01-31": "3217.00000", "2008-10-31": "3560.00000", "2008-07-31": "3398.00000", "2008-04-30": "3260.00000", "2008-01-31": "3361.00000", "2007-10-31": "3343.00000", "2007-07-31": "3508.00000", "2007-04-30": "3688.00000", "2007-01-31": "2742.00000", "2006-10-31": "2653.91800", "2006-07-31": "2910.62000", "2006-04-30": "2773.00800", "2006-01-31": "2874.15700", "2005-10-31": "2746.11000", "2005-07-31": "2894.56400", "2005-04-30": "2611.23600", "2005-01-31": "2572.44400"}, "Property, Plant, And Equipment": {"2020-10-31": "3770.00000", "2020-07-31": "3845.00000", "2020-04-30": "3974.00000", "2020-01-31": "4179.00000", "2019-10-31": "4146.00000", "2019-07-31": "4036.00000", "2019-04-30": "3963.00000", "2019-01-31": "3921.00000", "2018-10-31": "3858.00000", "2018-07-31": "3860.00000", "2018-04-30": "3887.00000", "2018-01-31": "3939.00000", "2017-10-31": "3940.00000", "2017-07-31": "3930.00000", "2017-04-30": "3872.00000", "2017-01-31": "3897.00000", "2016-10-31": "3865.00000", "2016-07-31": "3812.00000", "2016-04-30": "3789.00000", "2016-01-31": "3735.00000", "2015-10-31": "3742.00000", "2015-07-31": "3570.00000", "2015-04-30": "3445.00000", "2015-01-31": "3340.00000", "2014-10-31": "3223.00000", "2014-07-31": "3096.00000", "2014-04-30": "3011.00000", "2014-01-31": "2949.00000", "2013-10-31": "2880.00000", "2013-07-31": "2810.00000", "2013-04-30": "2624.00000", "2013-01-31": "2579.00000", "2012-10-31": "2551.00000", "2012-07-31": "2499.00000", "2012-04-30": "2472.00000", "2012-01-31": "2469.00000", "2011-10-31": "2471.00000", "2011-07-31": "2422.00000", "2011-04-30": "2361.00000", "2011-01-31": "2318.00000", "2010-10-31": "2300.00000", "2010-07-31": "2279.00000", "2010-04-30": "2262.00000", "2010-01-31": "2242.00000", "2009-10-31": "2239.00000", "2009-07-31": "2241.00000", "2009-04-30": "2231.00000", "2009-01-31": "2221.00000", "2008-10-31": "2215.00000", "2008-07-31": "2139.00000", "2008-04-30": "2061.00000", "2008-01-31": "1983.00000", "2007-10-31": "1910.00000", "2007-07-31": "1823.00000", "2007-04-30": "1790.00000", "2007-01-31": "1757.00000", "2006-10-31": "1748.39500", "2006-07-31": "1728.03400", "2006-04-30": "1748.39900", "2006-01-31": "1773.87100", "2005-10-31": "1778.57900", "2005-07-31": "1771.49200", "2005-04-30": "1763.76600", "2005-01-31": "1780.36600"}, "Long-Term Investments": {"2020-10-31": "", "2020-07-31": "", "2020-04-30": "", "2020-01-31": "", "2019-10-31": "", "2019-07-31": "", "2019-04-30": "", "2019-01-31": "", "2018-10-31": "", "2018-07-31": "", "2018-04-30": "", "2018-01-31": "", "2017-10-31": "", "2017-07-31": "", "2017-04-30": "", "2017-01-31": "", "2016-10-31": "", "2016-07-31": "", "2016-04-30": "", "2016-01-31": "", "2015-10-31": "", "2015-07-31": "", "2015-04-30": "", "2015-01-31": "", "2014-10-31": "", "2014-07-31": "", "2014-04-30": "", "2014-01-31": "", "2013-10-31": "", "2013-07-31": "", "2013-04-30": "", "2013-01-31": "", "2012-10-31": "", "2012-07-31": "", "2012-04-30": "", "2012-01-31": "", "2011-10-31": "", "2011-07-31": "", "2011-04-30": "", "2011-01-31": "", "2010-10-31": "", "2010-07-31": "", "2010-04-30": "", "2010-01-31": "", "2009-10-31": "", "2009-07-31": "", "2009-04-30": "", "2009-01-31": "", "2008-10-31": "", "2008-07-31": "", "2008-04-30": "", "2008-01-31": "", "2007-10-31": "", "2007-07-31": "", "2007-04-30": "", "2007-01-31": "", "2006-10-31": "", "2006-07-31": "", "2006-04-30": "", "2006-01-31": "", "2005-10-31": "", "2005-07-31": "", "2005-04-30": "", "2005-01-31": ""}, "Goodwill And Intangible Assets": {"2020-10-31": "249.00000", "2020-07-31": "249.00000", "2020-04-30": "249.00000", "2020-01-31": "249.00000", "2019-10-31": "249.00000", "2019-07-31": "249.00000", "2019-04-30": "249.00000", "2019-01-31": "249.00000", "2018-10-31": "249.00000", "2018-07-31": "249.00000", "2018-04-30": "249.00000", "2018-01-31": "238.00000", "2017-10-31": "238.00000", "2017-07-31": "238.00000", "2017-04-30": "238.00000", "2017-01-31": "238.00000", "2016-10-31": "238.00000", "2016-07-31": "435.00000", "2016-04-30": "435.00000", "2016-01-31": "435.00000", "2015-10-31": "447.00000", "2015-07-31": "447.00000", "2015-04-30": "447.00000", "2015-01-31": "435.00000", "2014-10-31": "436.00000", "2014-07-31": "175.00000", "2014-04-30": "175.00000", "2014-01-31": "175.00000", "2013-10-31": "175.00000", "2013-07-31": "175.00000", "2013-04-30": "175.00000", "2013-01-31": "175.00000", "2012-10-31": "175.00000", "2012-07-31": "175.00000", "2012-04-30": "175.00000", "2012-01-31": "175.00000", "2011-10-31": "200.00000", "2011-07-31": "200.00000", "2011-04-30": "200.00000", "2011-01-31": "53.00000", "2010-10-31": "53.00000", "2010-07-31": "53.00000", "2010-04-30": "53.00000", "2010-01-31": "53.00000", "2009-10-31": "53.00000", "2009-07-31": "53.00000", "2009-04-30": "53.00000", "2009-01-31": "53.00000", "2008-10-31": "53.00000", "2008-07-31": "53.00000", "2008-04-30": "53.00000", "2008-01-31": "53.00000", "2007-10-31": "53.00000", "2007-07-31": "53.00000", "2007-04-30": "135.00000", "2007-01-31": "136.00000", "2006-10-31": "135.71400", "2006-07-31": "24.17700", "2006-04-30": "135.71400", "2006-01-31": "135.71400", "2005-10-31": "135.71400", "2005-07-31": "135.71400", "2005-04-30": "135.71400", "2005-01-31": "135.71400"}, "Other Long-Term Assets": {"2020-10-31": "274.00000", "2020-07-31": "381.00000", "2020-04-30": "357.00000", "2020-01-31": "305.00000", "2019-10-31": "323.00000", "2019-07-31": "366.00000", "2019-04-30": "335.00000", "2019-01-31": "342.00000", "2018-10-31": "305.00000", "2018-07-31": "334.00000", "2018-04-30": "317.00000", "2018-01-31": "435.00000", "2017-10-31": "529.00000", "2017-07-31": "520.00000", "2017-04-30": "492.00000", "2017-01-31": "481.00000", "2016-10-31": "478.00000", "2016-07-31": "533.00000", "2016-04-30": "483.00000", "2016-01-31": "514.00000", "2015-10-31": "510.00000", "2015-07-31": "251.00000", "2015-04-30": "252.00000", "2015-01-31": "246.00000", "2014-10-31": "273.00000", "2014-07-31": "248.00000", "2014-04-30": "240.00000", "2014-01-31": "222.00000", "2013-10-31": "277.00000", "2013-07-31": "269.00000", "2013-04-30": "264.00000", "2013-01-31": "254.00000", "2012-10-31": "306.00000", "2012-07-31": "305.00000", "2012-04-30": "290.00000", "2012-01-31": "287.00000", "2011-10-31": "346.00000", "2011-07-31": "351.00000", "2011-04-30": "333.00000", "2011-01-31": "267.00000", "2010-10-31": "303.00000", "2010-07-31": "299.00000", "2010-04-30": "252.00000", "2010-01-31": "230.00000", "2009-10-31": "217.00000", "2009-07-31": "195.00000", "2009-04-30": "183.00000", "2009-01-31": "170.00000", "2008-10-31": "236.00000", "2008-07-31": "219.00000", "2008-04-30": "212.00000", "2008-01-31": "203.00000", "2007-10-31": "181.00000", "2007-07-31": "182.00000", "2007-04-30": "218.00000", "2007-01-31": "187.00000", "2006-10-31": "170.35500", "2006-07-31": "129.84600", "2006-04-30": "129.51800", "2006-01-31": "137.60700", "2005-10-31": "129.13000", "2005-07-31": "114.64300", "2005-04-30": "108.89100", "2005-01-31": "116.86600"}, "Total Long-Term Assets": {"2020-10-31": "5904.00000", "2020-07-31": "6130.00000", "2020-04-30": "6302.00000", "2020-01-31": "6507.00000", "2019-10-31": "6502.00000", "2019-07-31": "6452.00000", "2019-04-30": "6380.00000", "2019-01-31": "4512.00000", "2018-10-31": "4412.00000", "2018-07-31": "4443.00000", "2018-04-30": "4453.00000", "2018-01-31": "4612.00000", "2017-10-31": "4707.00000", "2017-07-31": "4688.00000", "2017-04-30": "4602.00000", "2017-01-31": "4616.00000", "2016-10-31": "4581.00000", "2016-07-31": "4780.00000", "2016-04-30": "4707.00000", "2016-01-31": "4684.00000", "2015-10-31": "4699.00000", "2015-07-31": "4268.00000", "2015-04-30": "4144.00000", "2015-01-31": "4021.00000", "2014-10-31": "3932.00000", "2014-07-31": "3519.00000", "2014-04-30": "3426.00000", "2014-01-31": "3346.00000", "2013-10-31": "3332.00000", "2013-07-31": "3254.00000", "2013-04-30": "3063.00000", "2013-01-31": "3008.00000", "2012-10-31": "3032.00000", "2012-07-31": "2979.00000", "2012-04-30": "2937.00000", "2012-01-31": "2931.00000", "2011-10-31": "3017.00000", "2011-07-31": "2973.00000", "2011-04-30": "2894.00000", "2011-01-31": "2638.00000", "2010-10-31": "2656.00000", "2010-07-31": "2631.00000", "2010-04-30": "2567.00000", "2010-01-31": "2525.00000", "2009-10-31": "2509.00000", "2009-07-31": "2489.00000", "2009-04-30": "2467.00000", "2009-01-31": "2444.00000", "2008-10-31": "2504.00000", "2008-07-31": "2411.00000", "2008-04-30": "2326.00000", "2008-01-31": "2239.00000", "2007-10-31": "2144.00000", "2007-07-31": "2058.00000", "2007-04-30": "2143.00000", "2007-01-31": "2080.00000", "2006-10-31": "2054.46400", "2006-07-31": "1882.05700", "2006-04-30": "2013.63100", "2006-01-31": "2047.19200", "2005-10-31": "2043.42300", "2005-07-31": "2021.84900", "2005-04-30": "2008.37100", "2005-01-31": "2032.94600"}, "Total Assets": {"2020-10-31": "9811.00000", "2020-07-31": "9535.00000", "2020-04-30": "9969.00000", "2020-01-31": "9737.00000", "2019-10-31": "10075.00000", "2019-07-31": "9935.00000", "2019-04-30": "9338.00000", "2019-01-31": "7886.00000", "2018-10-31": "8709.00000", "2018-07-31": "8490.00000", "2018-04-30": "8016.00000", "2018-01-31": "8115.00000", "2017-10-31": "8186.00000", "2017-07-31": "8161.00000", "2017-04-30": "7771.00000", "2017-01-31": "7858.00000", "2016-10-31": "7966.00000", "2016-07-31": "8130.00000", "2016-04-30": "7699.00000", "2016-01-31": "7698.00000", "2015-10-31": "8586.00000", "2015-07-31": "9700.00000", "2015-04-30": "9562.00000", "2015-01-31": "9245.00000", "2014-10-31": "9269.00000", "2014-07-31": "8906.00000", "2014-04-30": "8633.00000", "2014-01-31": "8574.00000", "2013-10-31": "8585.00000", "2013-07-31": "8548.00000", "2013-04-30": "8135.00000", "2013-01-31": "8089.00000", "2012-10-31": "8265.00000", "2012-07-31": "8246.00000", "2012-04-30": "8258.00000", "2012-01-31": "8491.00000", "2011-10-31": "8339.00000", "2011-07-31": "7736.00000", "2011-04-30": "7747.00000", "2011-01-31": "7462.00000", "2010-10-31": "7382.00000", "2010-07-31": "7296.00000", "2010-04-30": "6956.00000", "2010-01-31": "6579.00000", "2009-10-31": "6516.00000", "2009-07-31": "6340.00000", "2009-04-30": "5760.00000", "2009-01-31": "5661.00000", "2008-10-31": "6064.00000", "2008-07-31": "5809.00000", "2008-04-30": "5586.00000", "2008-01-31": "5600.00000", "2007-10-31": "5487.00000", "2007-07-31": "5566.00000", "2007-04-30": "5831.00000", "2007-01-31": "4822.00000", "2006-10-31": "4708.38200", "2006-07-31": "4792.67700", "2006-04-30": "4786.63900", "2006-01-31": "4921.34900", "2005-10-31": "4789.53300", "2005-07-31": "4916.41300", "2005-04-30": "4619.60700", "2005-01-31": "4605.39000"}, "Total Current Liabilities": {"2020-10-31": "4394.00000", "2020-07-31": "3642.00000", "2020-04-30": "3799.00000", "2020-01-31": "3520.00000", "2019-10-31": "3981.00000", "2019-07-31": "4425.00000", "2019-04-30": "3892.00000", "2019-01-31": "3381.00000", "2018-10-31": "3842.00000", "2018-07-31": "3668.00000", "2018-04-30": "3255.00000", "2018-01-31": "3289.00000", "2017-10-31": "3471.00000", "2017-07-31": "3451.00000", "2017-04-30": "3145.00000", "2017-01-31": "3029.00000", "2016-10-31": "3241.00000", "2016-07-31": "3321.00000", "2016-04-30": "2936.00000", "2016-01-31": "2911.00000", "2015-10-31": "3189.00000", "2015-07-31": "3456.00000", "2015-04-30": "2950.00000", "2015-01-31": "2800.00000", "2014-10-31": "3008.00000", "2014-07-31": "2838.00000", "2014-04-30": "2631.00000", "2014-01-31": "2541.00000", "2013-10-31": "3034.00000", "2013-07-31": "2961.00000", "2013-04-30": "2299.00000", "2013-01-31": "2226.00000", "2012-10-31": "2424.00000", "2012-07-31": "2446.00000", "2012-04-30": "2207.00000", "2012-01-31": "2575.00000", "2011-10-31": "2787.00000", "2011-07-31": "2581.00000", "2011-04-30": "2488.00000", "2011-01-31": "1879.00000", "2010-10-31": "1943.00000", "2010-07-31": "1946.00000", "2010-04-30": "1751.00000", "2010-01-31": "2014.00000", "2009-10-31": "2111.00000", "2009-07-31": "2032.00000", "2009-04-30": "1815.00000", "2009-01-31": "1601.00000", "2008-10-31": "2037.00000", "2008-07-31": "1803.00000", "2008-04-30": "1663.00000", "2008-01-31": "1635.00000", "2007-10-31": "1784.00000", "2007-07-31": "1561.00000", "2007-04-30": "1417.00000", "2007-01-31": "1433.00000", "2006-10-31": "1547.15100", "2006-07-31": "1756.17100", "2006-04-30": "1552.34300", "2006-01-31": "1623.31200", "2005-10-31": "1638.96300", "2005-07-31": "1418.85800", "2005-04-30": "1236.43300", "2005-01-31": "1341.15200"}, "Long Term Debt": {"2020-10-31": "2767.00000", "2020-07-31": "3266.00000", "2020-04-30": "3264.00000", "2020-01-31": "2676.00000", "2019-10-31": "2679.00000", "2019-07-31": "2178.00000", "2019-04-30": "2177.00000", "2019-01-31": "2677.00000", "2018-10-31": "2678.00000", "2018-07-31": "2680.00000", "2018-04-30": "2680.00000", "2018-01-31": "2681.00000", "2017-10-31": "2681.00000", "2017-07-31": "2729.00000", "2017-04-30": "2731.00000", "2017-01-31": "2763.00000", "2016-10-31": "2767.00000", "2016-07-31": "2772.00000", "2016-04-30": "2776.00000", "2016-01-31": "2795.00000", "2015-10-31": "2800.00000", "2015-07-31": "2808.00000", "2015-04-30": "3138.00000", "2015-01-31": "3123.00000", "2014-10-31": "3119.00000", "2014-07-31": "3111.00000", "2014-04-30": "3110.00000", "2014-01-31": "3106.00000", "2013-10-31": "2711.00000", "2013-07-31": "2715.00000", "2013-04-30": "3119.00000", "2013-01-31": "3124.00000", "2012-10-31": "3129.00000", "2012-07-31": "3133.00000", "2012-04-30": "3137.00000", "2012-01-31": "3141.00000", "2011-10-31": "2810.00000", "2011-07-31": "2296.00000", "2011-04-30": "2276.00000", "2011-01-31": "2775.00000", "2010-10-31": "2806.00000", "2010-07-31": "2794.00000", "2010-04-30": "2756.00000", "2010-01-31": "2257.00000", "2009-10-31": "2259.00000", "2009-07-31": "2260.00000", "2009-04-30": "2002.00000", "2009-01-31": "2214.00000", "2008-10-31": "2215.00000", "2008-07-31": "2234.00000", "2008-04-30": "2235.00000", "2008-01-31": "2236.00000", "2007-10-31": "1791.00000", "2007-07-31": "1492.00000", "2007-04-30": "1475.00000", "2007-01-31": "624.00000", "2006-10-31": "624.63100", "2006-07-31": "624.86100", "2006-04-30": "624.94900", "2006-01-31": "627.77600", "2005-10-31": "626.97800", "2005-07-31": "923.95200", "2005-04-30": "928.17500", "2005-01-31": "929.01000"}, "Other Non-Current Liabilities": {"2020-10-31": "672.00000", "2020-07-31": "671.00000", "2020-04-30": "673.00000", "2020-01-31": "687.00000", "2019-10-31": "669.00000", "2019-07-31": "661.00000", "2019-04-30": "667.00000", "2019-01-31": "498.00000", "2018-10-31": "521.00000", "2018-07-31": "522.00000", "2018-04-30": "516.00000", "2018-01-31": "673.00000", "2017-10-31": "670.00000", "2017-07-31": "672.00000", "2017-04-30": "688.00000", "2017-01-31": "675.00000", "2016-10-31": "566.00000", "2016-07-31": "570.00000", "2016-04-30": "576.00000", "2016-01-31": "581.00000", "2015-10-31": "621.00000", "2015-07-31": "385.00000", "2015-04-30": "379.00000", "2015-01-31": "372.00000", "2014-10-31": "365.00000", "2014-07-31": "358.00000", "2014-04-30": "357.00000", "2014-01-31": "349.00000", "2013-10-31": "361.00000", "2013-07-31": "351.00000", "2013-04-30": "347.00000", "2013-01-31": "341.00000", "2012-10-31": "340.00000", "2012-07-31": "338.00000", "2012-04-30": "328.00000", "2012-01-31": "319.00000", "2011-10-31": "335.00000", "2011-07-31": "351.00000", "2011-04-30": "343.00000", "2011-01-31": "292.00000", "2010-10-31": "266.00000", "2010-07-31": "260.00000", "2010-04-30": "274.00000", "2010-01-31": "267.00000", "2009-10-31": "246.00000", "2009-07-31": "226.00000", "2009-04-30": "210.00000", "2009-01-31": "201.00000", "2008-10-31": "233.00000", "2008-07-31": "244.00000", "2008-04-30": "249.00000", "2008-01-31": "245.00000", "2007-10-31": "249.00000", "2007-07-31": "250.00000", "2007-04-30": "257.00000", "2007-01-31": "240.00000", "2006-10-31": "223.26200", "2006-07-31": "211.68800", "2006-04-30": "219.47700", "2006-01-31": "213.19800", "2005-10-31": "206.98000", "2005-07-31": "199.72400", "2005-04-30": "204.35300", "2005-01-31": "179.14700"}, "Total Long Term Liabilities": {"2020-10-31": "5165.00000", "2020-07-31": "5719.00000", "2020-04-30": "5773.00000", "2020-01-31": "5238.00000", "2019-10-31": "5243.00000", "2019-07-31": "4751.00000", "2019-04-30": "4795.00000", "2019-01-31": "3632.00000", "2018-10-31": "3664.00000", "2018-07-31": "3682.00000", "2018-04-30": "3691.00000", "2018-01-31": "3849.00000", "2017-10-31": "3861.00000", "2017-07-31": "3925.00000", "2017-04-30": "3949.00000", "2017-01-31": "3959.00000", "2016-10-31": "3865.00000", "2016-07-31": "3872.00000", "2016-04-30": "3888.00000", "2016-01-31": "3916.00000", "2015-10-31": "3989.00000", "2015-07-31": "3753.00000", "2015-04-30": "4057.00000", "2015-01-31": "4005.00000", "2014-10-31": "3987.00000", "2014-07-31": "3967.00000", "2014-04-30": "3966.00000", "2014-01-31": "3953.00000", "2013-10-31": "3563.00000", "2013-07-31": "3556.00000", "2013-04-30": "3948.00000", "2013-01-31": "3950.00000", "2012-10-31": "3957.00000", "2012-07-31": "3964.00000", "2012-04-30": "3968.00000", "2012-01-31": "3960.00000", "2011-10-31": "3656.00000", "2011-07-31": "3152.00000", "2011-04-30": "3125.00000", "2011-01-31": "3562.00000", "2010-10-31": "3568.00000", "2010-07-31": "3540.00000", "2010-04-30": "3511.00000", "2010-01-31": "2993.00000", "2009-10-31": "2975.00000", "2009-07-31": "2951.00000", "2009-04-30": "2671.00000", "2009-01-31": "2850.00000", "2008-10-31": "2865.00000", "2008-07-31": "2877.00000", "2008-04-30": "2865.00000", "2008-01-31": "2850.00000", "2007-10-31": "2395.00000", "2007-07-31": "2099.00000", "2007-04-30": "2095.00000", "2007-01-31": "1220.00000", "2006-10-31": "1199.62600", "2006-07-31": "1192.14600", "2006-04-30": "1205.87200", "2006-01-31": "1205.35600", "2005-10-31": "1201.46900", "2005-07-31": "1478.87300", "2005-04-30": "1490.22200", "2005-01-31": "1475.24400"}, "Total Liabilities": {"2020-10-31": "9559.00000", "2020-07-31": "9361.00000", "2020-04-30": "9572.00000", "2020-01-31": "8758.00000", "2019-10-31": "9224.00000", "2019-07-31": "9176.00000", "2019-04-30": "8687.00000", "2019-01-31": "7013.00000", "2018-10-31": "7506.00000", "2018-07-31": "7350.00000", "2018-04-30": "6946.00000", "2018-01-31": "7138.00000", "2017-10-31": "7332.00000", "2017-07-31": "7376.00000", "2017-04-30": "7094.00000", "2017-01-31": "6988.00000", "2016-10-31": "7106.00000", "2016-07-31": "7193.00000", "2016-04-30": "6824.00000", "2016-01-31": "6827.00000", "2015-10-31": "7178.00000", "2015-07-31": "7209.00000", "2015-04-30": "7007.00000", "2015-01-31": "6805.00000", "2014-10-31": "6995.00000", "2014-07-31": "6805.00000", "2014-04-30": "6597.00000", "2014-01-31": "6494.00000", "2013-10-31": "6597.00000", "2013-07-31": "6517.00000", "2013-04-30": "6247.00000", "2013-01-31": "6176.00000", "2012-10-31": "6381.00000", "2012-07-31": "6410.00000", "2012-04-30": "6175.00000", "2012-01-31": "6535.00000", "2011-10-31": "6443.00000", "2011-07-31": "5733.00000", "2011-04-30": "5613.00000", "2011-01-31": "5441.00000", "2010-10-31": "5511.00000", "2010-07-31": "5486.00000", "2010-04-30": "5262.00000", "2010-01-31": "5007.00000", "2009-10-31": "5086.00000", "2009-07-31": "4983.00000", "2009-04-30": "4486.00000", "2009-01-31": "4451.00000", "2008-10-31": "4902.00000", "2008-07-31": "4680.00000", "2008-04-30": "4528.00000", "2008-01-31": "4485.00000", "2007-10-31": "4179.00000", "2007-07-31": "3660.00000", "2007-04-30": "3512.00000", "2007-01-31": "2653.00000", "2006-10-31": "2746.77700", "2006-07-31": "2948.31700", "2006-04-30": "2758.21500", "2006-01-31": "2828.66800", "2005-10-31": "2840.43200", "2005-07-31": "2897.73100", "2005-04-30": "2726.65500", "2005-01-31": "2816.39600"}, "Common Stock Net": {"2020-10-31": "3190.00000", "2020-07-31": "3168.00000", "2020-04-30": "3148.00000", "2020-01-31": "3129.00000", "2019-10-31": "3106.00000", "2019-07-31": "3084.00000", "2019-04-30": "3067.00000", "2019-01-31": "3048.00000", "2018-10-31": "3029.00000", "2018-07-31": "2899.00000", "2018-04-30": "2852.00000", "2018-01-31": "2816.00000", "2017-10-31": "2785.00000", "2017-07-31": "2757.00000", "2017-04-30": "2730.00000", "2017-01-31": "2707.00000", "2016-10-31": "2651.00000", "2016-07-31": "2612.00000", "2016-04-30": "2582.00000", "2016-01-31": "2539.00000", "2015-10-31": "2519.00000", "2015-07-31": "2460.00000", "2015-04-30": "2422.00000", "2015-01-31": "2338.00000", "2014-10-31": "2283.00000", "2014-07-31": "1958.00000", "2014-04-30": "1896.00000", "2014-01-31": "1827.00000", "2013-10-31": "1794.00000", "2013-07-31": "1762.00000", "2013-04-30": "1698.00000", "2013-01-31": "1645.00000", "2012-10-31": "1622.00000", "2012-07-31": "1582.00000", "2012-04-30": "1557.00000", "2012-01-31": "1484.00000", "2011-10-31": "1436.00000", "2011-07-31": "1402.00000", "2011-04-30": "1362.00000", "2011-01-31": "1168.00000", "2010-10-31": "1138.00000", "2010-07-31": "1120.00000", "2010-04-30": "1107.00000", "2010-01-31": "1066.00000", "2009-10-31": "1051.00000", "2009-07-31": "1026.00000", "2009-04-30": "1014.00000", "2009-01-31": "997.00000", "2008-10-31": "990.00000", "2008-07-31": "969.00000", "2008-04-30": "957.00000", "2008-01-31": "936.00000", "2007-10-31": "927.00000", "2007-07-31": "892.00000", "2007-04-30": "862.00000", "2007-01-31": "827.00000", "2006-10-31": "791.67800", "2006-07-31": "751.28100", "2006-04-30": "733.66300", "2006-01-31": "685.93400", "2005-10-31": "663.81000", "2005-07-31": "646.68400", "2005-04-30": "619.64000", "2005-01-31": "552.65500"}, "Retained Earnings (Accumulated Deficit)": {"2020-10-31": "-2863.00000", "2020-07-31": "-2916.00000", "2020-04-30": "-2661.00000", "2020-01-31": "-2082.00000", "2019-10-31": "-2217.00000", "2019-07-31": "-2286.00000", "2019-04-30": "-2370.00000", "2019-01-31": "-2138.00000", "2018-10-31": "-1777.00000", "2018-07-31": "-1712.00000", "2018-04-30": "-1738.00000", "2018-01-31": "-1810.00000", "2017-10-31": "-1899.00000", "2017-07-31": "-1951.00000", "2017-04-30": "-1999.00000", "2017-01-31": "-1794.00000", "2016-10-31": "-1742.00000", "2016-07-31": "-1635.00000", "2016-04-30": "-1677.00000", "2016-01-31": "-1610.00000", "2015-10-31": "-1047.00000", "2015-07-31": "97.00000", "2015-04-30": "190.00000", "2015-01-31": "166.00000", "2014-10-31": "29.00000", "2014-07-31": "179.00000", "2014-04-30": "177.00000", "2014-01-31": "292.00000", "2013-10-31": "236.00000", "2013-07-31": "313.00000", "2013-04-30": "235.00000", "2013-01-31": "315.00000", "2012-10-31": "303.00000", "2012-07-31": "296.00000", "2012-04-30": "570.00000", "2012-01-31": "517.00000", "2011-10-31": "487.00000", "2011-07-31": "629.00000", "2011-04-30": "800.00000", "2011-01-31": "882.00000", "2010-10-31": "752.00000", "2010-07-31": "709.00000", "2010-04-30": "607.00000", "2010-01-31": "525.00000", "2009-10-31": "388.00000", "2009-07-31": "340.00000", "2009-04-30": "269.00000", "2009-01-31": "223.00000", "2008-10-31": "192.00000", "2008-07-31": "181.00000", "2008-04-30": "123.00000", "2008-01-31": "201.00000", "2007-10-31": "408.00000", "2007-07-31": "1025.00000", "2007-04-30": "1470.00000", "2007-01-31": "1351.00000", "2006-10-31": "1171.36400", "2006-07-31": "1095.18100", "2006-04-30": "1294.35100", "2006-01-31": "1404.36600", "2005-10-31": "1277.67400", "2005-07-31": "1365.88800", "2005-04-30": "1266.33700", "2005-01-31": "1227.30300"}, "Comprehensive Income": {"2020-10-31": "-75.00000", "2020-07-31": "-78.00000", "2020-04-30": "-90.00000", "2020-01-31": "-68.00000", "2019-10-31": "-38.00000", "2019-07-31": "-39.00000", "2019-04-30": "-46.00000", "2019-01-31": "-37.00000", "2018-10-31": "-49.00000", "2018-07-31": "-47.00000", "2018-04-30": "-44.00000", "2018-01-31": "-29.00000", "2017-10-31": "-32.00000", "2017-07-31": "-21.00000", "2017-04-30": "-54.00000", "2017-01-31": "-43.00000", "2016-10-31": "-49.00000", "2016-07-31": "-40.00000", "2016-04-30": "-30.00000", "2016-01-31": "-58.00000", "2015-10-31": "-64.00000", "2015-07-31": "-66.00000", "2015-04-30": "-57.00000", "2015-01-31": "-64.00000", "2014-10-31": "-38.00000", "2014-07-31": "-36.00000", "2014-04-30": "-37.00000", "2014-01-31": "-39.00000", "2013-10-31": "-42.00000", "2013-07-31": "-44.00000", "2013-04-30": "-45.00000", "2013-01-31": "-47.00000", "2012-10-31": "-41.00000", "2012-07-31": "-42.00000", "2012-04-30": "-44.00000", "2012-01-31": "-45.00000", "2011-10-31": "-27.00000", "2011-07-31": "-28.00000", "2011-04-30": "-28.00000", "2011-01-31": "-29.00000", "2010-10-31": "-19.00000", "2010-07-31": "-19.00000", "2010-04-30": "-20.00000", "2010-01-31": "-19.00000", "2009-10-31": "-9.00000", "2009-07-31": "-9.00000", "2009-04-30": "-9.00000", "2009-01-31": "-10.00000", "2008-10-31": "-20.00000", "2008-07-31": "-21.00000", "2008-04-30": "-22.00000", "2008-01-31": "-22.00000", "2007-10-31": "-27.00000", "2007-07-31": "-11.00000", "2007-04-30": "-13.00000", "2007-01-31": "-9.00000", "2006-10-31": "-1.43700", "2006-07-31": "-2.10200", "2006-04-30": "0.41000", "2006-01-31": "2.70800", "2005-10-31": "8.05500", "2005-07-31": "6.66000", "2005-04-30": "7.56800", "2005-01-31": "9.33500"}, "Other Share Holders Equity": {"2020-10-31": "", "2020-07-31": "", "2020-04-30": "", "2020-01-31": "", "2019-10-31": "", "2019-07-31": "", "2019-04-30": "", "2019-01-31": "", "2018-10-31": "", "2018-07-31": "", "2018-04-30": "", "2018-01-31": "", "2017-10-31": "", "2017-07-31": "", "2017-04-30": "", "2017-01-31": "", "2016-10-31": "", "2016-07-31": "", "2016-04-30": "", "2016-01-31": "", "2015-10-31": "", "2015-07-31": "", "2015-04-30": "", "2015-01-31": "", "2014-10-31": "", "2014-07-31": "", "2014-04-30": "", "2014-01-31": "", "2013-10-31": "", "2013-07-31": "", "2013-04-30": "", "2013-01-31": "", "2012-10-31": "", "2012-07-31": "", "2012-04-30": "", "2012-01-31": "", "2011-10-31": "", "2011-07-31": "", "2011-04-30": "", "2011-01-31": "", "2010-10-31": "", "2010-07-31": "", "2010-04-30": "", "2010-01-31": "", "2009-10-31": "", "2009-07-31": "", "2009-04-30": "", "2009-01-31": "", "2008-10-31": "", "2008-07-31": "", "2008-04-30": "", "2008-01-31": "", "2007-10-31": "", "2007-07-31": "", "2007-04-30": "", "2007-01-31": "", "2006-10-31": "", "2006-07-31": "", "2006-04-30": "", "2006-01-31": "", "2005-10-31": "", "2005-07-31": "", "2005-04-30": "", "2005-01-31": ""}, "Share Holder Equity": {"2020-10-31": "252.00000", "2020-07-31": "174.00000", "2020-04-30": "397.00000", "2020-01-31": "979.00000", "2019-10-31": "851.00000", "2019-07-31": "759.00000", "2019-04-30": "651.00000", "2019-01-31": "873.00000", "2018-10-31": "1203.00000", "2018-07-31": "1140.00000", "2018-04-30": "1070.00000", "2018-01-31": "977.00000", "2017-10-31": "854.00000", "2017-07-31": "785.00000", "2017-04-30": "677.00000", "2017-01-31": "870.00000", "2016-10-31": "860.00000", "2016-07-31": "937.00000", "2016-04-30": "875.00000", "2016-01-31": "871.00000", "2015-10-31": "1408.00000", "2015-07-31": "2491.00000", "2015-04-30": "2555.00000", "2015-01-31": "2440.00000", "2014-10-31": "2274.00000", "2014-07-31": "2101.00000", "2014-04-30": "2036.00000", "2014-01-31": "2080.00000", "2013-10-31": "1988.00000", "2013-07-31": "2031.00000", "2013-04-30": "1888.00000", "2013-01-31": "1913.00000", "2012-10-31": "1884.00000", "2012-07-31": "1836.00000", "2012-04-30": "2083.00000", "2012-01-31": "1956.00000", "2011-10-31": "1896.00000", "2011-07-31": "2003.00000", "2011-04-30": "2134.00000", "2011-01-31": "2021.00000", "2010-10-31": "1871.00000", "2010-07-31": "1810.00000", "2010-04-30": "1694.00000", "2010-01-31": "1572.00000", "2009-10-31": "1430.00000", "2009-07-31": "1357.00000", "2009-04-30": "1274.00000", "2009-01-31": "1210.00000", "2008-10-31": "1162.00000", "2008-07-31": "1129.00000", "2008-04-30": "1058.00000", "2008-01-31": "1115.00000", "2007-10-31": "1308.00000", "2007-07-31": "1906.00000", "2007-04-30": "2319.00000", "2007-01-31": "2169.00000", "2006-10-31": "1961.60500", "2006-07-31": "1844.36000", "2006-04-30": "2028.42400", "2006-01-31": "2092.68100", "2005-10-31": "1949.10100", "2005-07-31": "2018.68200", "2005-04-30": "1892.95200", "2005-01-31": "1788.99400"}, "Total Liabilities And Share Holders Equity": {"2020-10-31": "9811.00000", "2020-07-31": "9535.00000", "2020-04-30": "9969.00000", "2020-01-31": "9737.00000", "2019-10-31": "10075.00000", "2019-07-31": "9935.00000", "2019-04-30": "9338.00000", "2019-01-31": "7886.00000", "2018-10-31": "8709.00000", "2018-07-31": "8490.00000", "2018-04-30": "8016.00000", "2018-01-31": "8115.00000", "2017-10-31": "8186.00000", "2017-07-31": "8161.00000", "2017-04-30": "7771.00000", "2017-01-31": "7858.00000", "2016-10-31": "7966.00000", "2016-07-31": "8130.00000", "2016-04-30": "7699.00000", "2016-01-31": "7698.00000", "2015-10-31": "8586.00000", "2015-07-31": "9700.00000", "2015-04-30": "9562.00000", "2015-01-31": "9245.00000", "2014-10-31": "9269.00000", "2014-07-31": "8906.00000", "2014-04-30": "8633.00000", "2014-01-31": "8574.00000", "2013-10-31": "8585.00000", "2013-07-31": "8548.00000", "2013-04-30": "8135.00000", "2013-01-31": "8089.00000", "2012-10-31": "8265.00000", "2012-07-31": "8246.00000", "2012-04-30": "8258.00000", "2012-01-31": "8491.00000", "2011-10-31": "8339.00000", "2011-07-31": "7736.00000", "2011-04-30": "7747.00000", "2011-01-31": "7462.00000", "2010-10-31": "7382.00000", "2010-07-31": "7296.00000", "2010-04-30": "6956.00000", "2010-01-31": "6579.00000", "2009-10-31": "6516.00000", "2009-07-31": "6340.00000", "2009-04-30": "5760.00000", "2009-01-31": "5661.00000", "2008-10-31": "6064.00000", "2008-07-31": "5809.00000", "2008-04-30": "5586.00000", "2008-01-31": "5600.00000", "2007-10-31": "5487.00000", "2007-07-31": "5566.00000", "2007-04-30": "5831.00000", "2007-01-31": "4822.00000", "2006-10-31": "4708.38200", "2006-07-31": "4792.67700", "2006-04-30": "4786.63900", "2006-01-31": "4921.34900", "2005-10-31": "4789.53300", "2005-07-31": "4916.41300", "2005-04-30": "4619.60700", "2005-01-31": "4605.39000"}}, "cash flow statement": {"Net Income/Loss": {"2020-01-31": "496.00000", "2019-01-31": "564.00000", "2018-01-31": "437.00000", "2017-01-31": "354.00000", "2016-01-31": "600.00000", "2015-01-31": "720.00000", "2014-01-31": "734.00000", "2013-01-31": "735.00000", "2012-01-31": "683.00000", "2011-01-31": "613.00000", "2010-01-31": "441.00000", "2009-01-31": "401.00000", "2008-01-31": "715.00000", "2007-01-31": "678.00000", "2006-01-31": "551.00000", "2005-01-31": "393.45000"}, "Total Depreciation And Amortization - Cash Flow": {"2020-01-31": "854.00000", "2019-01-31": "594.00000", "2018-01-31": "584.00000", "2017-01-31": "766.00000", "2016-01-31": "512.00000", "2015-01-31": "432.00000", "2014-01-31": "396.00000", "2013-01-31": "366.00000", "2012-01-31": "325.00000", "2011-01-31": "273.00000", "2010-01-31": "271.00000", "2009-01-31": "281.00000", "2008-01-31": "233.00000", "2007-01-31": "249.00000", "2006-01-31": "243.00000", "2005-01-31": "233.39100"}, "Other Non-Cash Items": {"2020-01-31": "127.00000", "2019-01-31": "109.00000", "2018-01-31": "152.00000", "2017-01-31": "141.00000", "2016-01-31": "394.00000", "2015-01-31": "224.00000", "2014-01-31": "209.00000", "2013-01-31": "174.00000", "2012-01-31": "224.00000", "2011-01-31": "287.00000", "2010-01-31": "320.00000", "2009-01-31": "283.00000", "2008-01-31": "59.00000", "2007-01-31": "2.00000", "2006-01-31": "64.00000", "2005-01-31": "50.09200"}, "Total Non-Cash Items": {"2020-01-31": "981.00000", "2019-01-31": "703.00000", "2018-01-31": "736.00000", "2017-01-31": "907.00000", "2016-01-31": "906.00000", "2015-01-31": "656.00000", "2014-01-31": "605.00000", "2013-01-31": "540.00000", "2012-01-31": "549.00000", "2011-01-31": "560.00000", "2010-01-31": "591.00000", "2009-01-31": "564.00000", "2008-01-31": "292.00000", "2007-01-31": "251.00000", "2006-01-31": "307.00000", "2005-01-31": "283.48300"}, "Change In Accounts Receivable": {"2020-01-31": "82.00000", "2019-01-31": "-4.00000", "2018-01-31": "1.00000", "2017-01-31": "-3.00000", "2016-01-31": "-56.00000", "2015-01-31": "-161.00000", "2014-01-31": "-93.00000", "2013-01-31": "-99.00000", "2012-01-31": "-81.00000", "2011-01-31": "-74.00000", "2010-01-31": "-159.00000", "2009-01-31": "-93.00000", "2008-01-31": "-1083.00000", "2007-01-31": "-61.00000", "2006-01-31": "-15.00000", "2005-01-31": "-2.95000"}, "Change In Inventories": {"2020-01-31": "30.00000", "2019-01-31": "15.00000", "2018-01-31": "-62.00000", "2017-01-31": "31.00000", "2016-01-31": "-203.00000", "2015-01-31": "-176.00000", "2014-01-31": "-157.00000", "2013-01-31": "-170.00000", "2012-01-31": "-137.00000", "2011-01-31": "-80.00000", "2010-01-31": "-1.00000", "2009-01-31": "53.00000", "2008-01-31": "", "2007-01-31": "-39.00000", "2006-01-31": "-21.00000", "2005-01-31": "-11.77100"}, "Change In Accounts Payable": {"2020-01-31": "98.00000", "2019-01-31": "12.00000", "2018-01-31": "77.00000", "2017-01-31": "16.00000", "2016-01-31": "-2.00000", "2015-01-31": "15.00000", "2014-01-31": "167.00000", "2013-01-31": "48.00000", "2012-01-31": "54.00000", "2011-01-31": "72.00000", "2010-01-31": "168.00000", "2009-01-31": "16.00000", "2008-01-31": "-19.00000", "2007-01-31": "84.00000", "2006-01-31": "32.00000", "2005-01-31": "23.93000"}, "Change In Assets/Liabilities": {"2020-01-31": "-342.00000", "2019-01-31": "13.00000", "2018-01-31": "111.00000", "2017-01-31": "215.00000", "2016-01-31": "1349.00000", "2015-01-31": "152.00000", "2014-01-31": "82.00000", "2013-01-31": "38.00000", "2012-01-31": "103.00000", "2011-01-31": "48.00000", "2010-01-31": "91.00000", "2009-01-31": "-39.00000", "2008-01-31": "477.00000", "2007-01-31": "186.00000", "2006-01-31": "-33.00000", "2005-01-31": "-75.85200"}, "Total Change In Assets/Liabilities": {"2020-01-31": "-241.00000", "2019-01-31": "29.00000", "2018-01-31": "227.00000", "2017-01-31": "397.00000", "2016-01-31": "964.00000", "2015-01-31": "-156.00000", "2014-01-31": "-19.00000", "2013-01-31": "-165.00000", "2012-01-31": "-55.00000", "2011-01-31": "4.00000", "2010-01-31": "219.00000", "2009-01-31": "-117.00000", "2008-01-31": "-695.00000", "2007-01-31": "213.00000", "2006-01-31": "-82.00000", "2005-01-31": "-70.58700"}, "Cash Flow From Operating Activities": {"2020-01-31": "1236.00000", "2019-01-31": "1296.00000", "2018-01-31": "1400.00000", "2017-01-31": "1658.00000", "2016-01-31": "2470.00000", "2015-01-31": "1220.00000", "2014-01-31": "1320.00000", "2013-01-31": "1110.00000", "2012-01-31": "1177.00000", "2011-01-31": "1177.00000", "2010-01-31": "1251.00000", "2009-01-31": "848.00000", "2008-01-31": "312.00000", "2007-01-31": "1142.00000", "2006-01-31": "776.00000", "2005-01-31": "606.34600"}, "Net Change In Property, Plant, And Equipment": {"2020-01-31": "-935.00000", "2019-01-31": "-654.00000", "2018-01-31": "-731.00000", "2017-01-31": "-846.00000", "2016-01-31": "-1082.00000", "2015-01-31": "-861.00000", "2014-01-31": "-803.00000", "2013-01-31": "-513.00000", "2012-01-31": "-511.00000", "2011-01-31": "-399.00000", "2010-01-31": "-360.00000", "2009-01-31": "-563.00000", "2008-01-31": "-501.00000", "2007-01-31": "-264.00000", "2006-01-31": "-272.00000", "2005-01-31": "-241.37800"}, "Net Change In Intangible Assets": {"2020-01-31": "", "2019-01-31": "", "2018-01-31": "", "2017-01-31": "", "2016-01-31": "", "2015-01-31": "", "2014-01-31": "", "2013-01-31": "", "2012-01-31": "", "2011-01-31": "", "2010-01-31": "", "2009-01-31": "", "2008-01-31": "", "2007-01-31": "", "2006-01-31": "", "2005-01-31": ""}, "Net Acquisitions/Divestitures": {"2020-01-31": "", "2019-01-31": "", "2018-01-31": "", "2017-01-31": "", "2016-01-31": "", "2015-01-31": "", "2014-01-31": "", "2013-01-31": "", "2012-01-31": "", "2011-01-31": "", "2010-01-31": "", "2009-01-31": "", "2008-01-31": "216.00000", "2007-01-31": "", "2006-01-31": "", "2005-01-31": ""}, "Net Change In Short-term Investments": {"2020-01-31": "", "2019-01-31": "", "2018-01-31": "", "2017-01-31": "", "2016-01-31": "", "2015-01-31": "", "2014-01-31": "", "2013-01-31": "", "2012-01-31": "", "2011-01-31": "", "2010-01-31": "", "2009-01-31": "", "2008-01-31": "-151.00000", "2007-01-31": "54.00000", "2006-01-31": "-12.00000", "2005-01-31": "134.17500"}, "Net Change In Long-Term Investments": {"2020-01-31": "", "2019-01-31": "", "2018-01-31": "", "2017-01-31": "", "2016-01-31": "", "2015-01-31": "", "2014-01-31": "", "2013-01-31": "", "2012-01-31": "", "2011-01-31": "", "2010-01-31": "", "2009-01-31": "", "2008-01-31": "", "2007-01-31": "", "2006-01-31": "", "2005-01-31": ""}, "Net Change In Investments - Total": {"2020-01-31": "", "2019-01-31": "", "2018-01-31": "", "2017-01-31": "", "2016-01-31": "", "2015-01-31": "", "2014-01-31": "", "2013-01-31": "", "2012-01-31": "", "2011-01-31": "", "2010-01-31": "", "2009-01-31": "", "2008-01-31": "-151.00000", "2007-01-31": "54.00000", "2006-01-31": "-12.00000", "2005-01-31": "134.17500"}, "Investing Activities - Other": {"2020-01-31": "26.00000", "2019-01-31": "1.00000", "2018-01-31": "47.00000", "2017-01-31": "55.00000", "2016-01-31": "938.00000", "2015-01-31": "-28.00000", "2014-01-31": "-19.00000", "2013-01-31": "144.00000", "2012-01-31": "-217.00000", "2011-01-31": "-63.00000", "2010-01-31": "-181.00000", "2009-01-31": "-229.00000", "2008-01-31": "15.00000", "2007-01-31": "-8.00000", "2006-01-31": "-8.00000", "2005-01-31": "-2.83000"}, "Cash Flow From Investing Activities": {"2020-01-31": "-909.00000", "2019-01-31": "-653.00000", "2018-01-31": "-684.00000", "2017-01-31": "-791.00000", "2016-01-31": "-144.00000", "2015-01-31": "-889.00000", "2014-01-31": "-822.00000", "2013-01-31": "-369.00000", "2012-01-31": "-728.00000", "2011-01-31": "-462.00000", "2010-01-31": "-541.00000", "2009-01-31": "-792.00000", "2008-01-31": "-421.00000", "2007-01-31": "-218.00000", "2006-01-31": "-292.00000", "2005-01-31": "-110.03300"}, "Net Long-Term Debt": {"2020-01-31": "-1.00000", "2019-01-31": "-56.00000", "2018-01-31": "-26.00000", "2017-01-31": "-10.00000", "2016-01-31": "-331.00000", "2015-01-31": "27.00000", "2014-01-31": "-8.00000", "2013-01-31": "-506.00000", "2012-01-31": "890.00000", "2011-01-31": "142.00000", "2010-01-31": "374.00000", "2009-01-31": "15.00000", "2008-01-31": "1830.00000", "2007-01-31": "-307.00000", "2006-01-31": "-101.00000", "2005-01-31": "-205.25200"}, "Net Current Debt": {"2020-01-31": "8.00000", "2019-01-31": "", "2018-01-31": "-55.00000", "2017-01-31": "4.00000", "2016-01-31": "23.00000", "2015-01-31": "-4.00000", "2014-01-31": "47.00000", "2013-01-31": "5.00000", "2012-01-31": "-30.00000", "2011-01-31": "37.00000", "2010-01-31": "-266.00000", "2009-01-31": "20.00000", "2008-01-31": "5.00000", "2007-01-31": "-51.00000", "2006-01-31": "5.00000", "2005-01-31": "-2.68000"}, "Debt Issuance/Retirement Net - Total": {"2020-01-31": "7.00000", "2019-01-31": "-56.00000", "2018-01-31": "-81.00000", "2017-01-31": "-6.00000", "2016-01-31": "-308.00000", "2015-01-31": "23.00000", "2014-01-31": "39.00000", "2013-01-31": "-501.00000", "2012-01-31": "860.00000", "2011-01-31": "179.00000", "2010-01-31": "108.00000", "2009-01-31": "35.00000", "2008-01-31": "1835.00000", "2007-01-31": "-358.00000", "2006-01-31": "-96.00000", "2005-01-31": "-207.93200"}, "Net Common Equity Issued/Repurchased": {"2020-01-31": "-181.00000", "2019-01-31": "-515.00000", "2018-01-31": "-172.00000", "2017-01-31": "-194.00000", "2016-01-31": "-1098.00000", "2015-01-31": "-469.00000", "2014-01-31": "-412.00000", "2013-01-31": "-634.00000", "2012-01-31": "-764.00000", "2011-01-31": "-36.00000", "2010-01-31": "34.00000", "2009-01-31": "-234.00000", "2008-01-31": "-1651.00000", "2007-01-31": "-554.00000", "2006-01-31": "-199.00000", "2005-01-31": "-200.04700"}, "Net Total Equity Issued/Repurchased": {"2020-01-31": "-181.00000", "2019-01-31": "-515.00000", "2018-01-31": "-172.00000", "2017-01-31": "-194.00000", "2016-01-31": "-1098.00000", "2015-01-31": "-469.00000", "2014-01-31": "-412.00000", "2013-01-31": "-634.00000", "2012-01-31": "-764.00000", "2011-01-31": "-36.00000", "2010-01-31": "34.00000", "2009-01-31": "-234.00000", "2008-01-31": "-1651.00000", "2007-01-31": "-554.00000", "2006-01-31": "-199.00000", "2005-01-31": "-200.04700"}, "Total Common And Preferred Stock Dividends Paid": {"2020-01-31": "-229.00000", "2019-01-31": "-250.00000", "2018-01-31": "-247.00000", "2017-01-31": "-256.00000", "2016-01-31": "-1185.00000", "2015-01-31": "-251.00000", "2014-01-31": "-234.00000", "2013-01-31": "-220.00000", "2012-01-31": "-197.00000", "2011-01-31": "-167.00000", "2010-01-31": "-139.00000", "2009-01-31": "-138.00000", "2008-01-31": "-134.00000", "2007-01-31": "-110.00000", "2006-01-31": "-87.00000", "2005-01-31": "-67.24000"}, "Financial Activities - Other": {"2020-01-31": "-28.00000", "2019-01-31": "-46.00000", "2018-01-31": "-42.00000", "2017-01-31": "1.00000", "2016-01-31": "33.00000", "2015-01-31": "-1.00000", "2014-01-31": "18.00000", "2013-01-31": "22.00000", "2012-01-31": "23.00000", "2011-01-31": "20.00000", "2010-01-31": "10.00000", "2009-01-31": "-5.00000", "2008-01-31": "14.00000", "2007-01-31": "38.00000", "2006-01-31": "", "2005-01-31": "-0.75200"}, "Cash Flow From Financial Activities": {"2020-01-31": "-431.00000", "2019-01-31": "-867.00000", "2018-01-31": "-542.00000", "2017-01-31": "-455.00000", "2016-01-31": "-2558.00000", "2015-01-31": "-698.00000", "2014-01-31": "-589.00000", "2013-01-31": "-1333.00000", "2012-01-31": "-78.00000", "2011-01-31": "-4.00000", "2010-01-31": "13.00000", "2009-01-31": "-342.00000", "2008-01-31": "64.00000", "2007-01-31": "-984.00000", "2006-01-31": "-382.00000", "2005-01-31": "-475.97100"}, "Net Cash Flow": {"2020-01-31": "-104.00000", "2019-01-31": "-224.00000", "2018-01-31": "174.00000", "2017-01-31": "412.00000", "2016-01-31": "-232.00000", "2015-01-31": "-367.00000", "2014-01-31": "-91.00000", "2013-01-31": "-592.00000", "2012-01-31": "371.00000", "2011-01-31": "711.00000", "2010-01-31": "723.00000", "2009-01-31": "-286.00000", "2008-01-31": "-45.00000", "2007-01-31": "-60.00000", "2006-01-31": "102.00000", "2005-01-31": "20.34200"}, "Stock-Based Compensation": {"2020-01-31": "69.00000", "2019-01-31": "90.00000", "2018-01-31": "77.00000", "2017-01-31": "91.00000", "2016-01-31": "70.00000", "2015-01-31": "68.00000", "2014-01-31": "58.00000", "2013-01-31": "53.00000", "2012-01-31": "50.00000", "2011-01-31": "42.00000", "2010-01-31": "32.00000", "2009-01-31": "28.00000", "2008-01-31": "26.00000", "2007-01-31": "37.00000", "2006-01-31": "13.00000", "2005-01-31": "8.05100"}, "Common Stock Dividends Paid": {"2020-01-31": "-229.00000", "2019-01-31": "-250.00000", "2018-01-31": "-247.00000", "2017-01-31": "-256.00000", "2016-01-31": "-1185.00000", "2015-01-31": "-251.00000", "2014-01-31": "-234.00000", "2013-01-31": "-220.00000", "2012-01-31": "-197.00000", "2011-01-31": "-167.00000", "2010-01-31": "-139.00000", "2009-01-31": "-138.00000", "2008-01-31": "-134.00000", "2007-01-31": "-110.00000", "2006-01-31": "-87.00000", "2005-01-31": "-67.24000"}}, "cash flow statement, quarterly": {"Net Income/Loss": {"2020-10-31": 53, "2020-07-31": -255, "2020-04-30": "-521.00000", "2020-01-31": 192, "2019-10-31": 127, "2019-07-31": 140, "2019-04-30": "37.00000", "2019-01-31": 248, "2018-10-31": 67, "2018-07-31": 162, "2018-04-30": "87.00000", "2018-01-31": 151, "2017-10-31": 113, "2017-07-31": 110, "2017-04-30": "63.00000", "2017-01-31": 201, "2016-10-31": -10, "2016-07-31": 117, "2016-04-30": "46.00000", "2016-01-31": 180, "2015-10-31": 81, "2015-07-31": 211, "2015-04-30": "128.00000", "2015-01-31": 255, "2014-10-31": 142, "2014-07-31": 183, "2014-04-30": "140.00000", "2014-01-31": 268, "2013-10-31": 137, "2013-07-31": 184, "2013-04-30": "145.00000", "2013-01-31": 284, "2012-10-31": 146, "2012-07-31": 156, "2012-04-30": "149.00000", "2012-01-31": 236, "2011-10-31": 127, "2011-07-31": 175, "2011-04-30": "145.00000", "2011-01-31": 232, "2010-10-31": 119, "2010-07-31": 146, "2010-04-30": "116.00000", "2010-01-31": 172, "2009-10-31": 83, "2009-07-31": 105, "2009-04-30": "81.00000", "2009-01-31": 68, "2008-10-31": 71, "2008-07-31": 143, "2008-04-30": "119.00000", "2008-01-31": 212, "2007-10-31": 166, "2007-07-31": 180, "2007-04-30": "157.00000", "2007-01-31": 232.342, "2006-10-31": 135.673, "2006-07-31": 178.754, "2006-04-30": "131.23100", "2006-01-31": 190.091, "2005-10-31": 107.453, "2005-07-31": 148.918, "2005-04-30": "104.53800", "2005-01-31": 393.45}, "Total Depreciation And Amortization - Cash Flow": {"2020-10-31": 343, "2020-07-31": 216, "2020-04-30": "222.00000", "2020-01-31": 240, "2019-10-31": 200, "2019-07-31": 206, "2019-04-30": "208.00000", "2019-01-31": 145, "2018-10-31": 145, "2018-07-31": 153, "2018-04-30": "151.00000", "2018-01-31": 167, "2017-10-31": 145, "2017-07-31": 137, "2017-04-30": "135.00000", "2017-01-31": 148, "2016-10-31": 334, "2016-07-31": 146, "2016-04-30": "138.00000", "2016-01-31": 195, "2015-10-31": 135, "2015-07-31": 67, "2015-04-30": "115.00000", "2015-01-31": 112, "2014-10-31": 116, "2014-07-31": 104, "2014-04-30": "100.00000", "2014-01-31": 104, "2013-10-31": 104, "2013-07-31": 95, "2013-04-30": "93.00000", "2013-01-31": 99, "2012-10-31": 92, "2012-07-31": 92, "2012-04-30": "83.00000", "2012-01-31": 93, "2011-10-31": 81, "2011-07-31": 79, "2011-04-30": "72.00000", "2011-01-31": 69, "2010-10-31": 69, "2010-07-31": 71, "2010-04-30": "64.00000", "2010-01-31": 68, "2009-10-31": 69, "2009-07-31": 67, "2009-04-30": "67.00000", "2009-01-31": 89, "2008-10-31": 66, "2008-07-31": 64, "2008-04-30": "62.00000", "2008-01-31": 60, "2007-10-31": 57, "2007-07-31": 75, "2007-04-30": "41.00000", "2007-01-31": 68.439, "2006-10-31": 58.209, "2006-07-31": 60.604, "2006-04-30": "61.74800", "2006-01-31": 62.835, "2005-10-31": 58.393, "2005-07-31": 59.471, "2005-04-30": "62.30100", "2005-01-31": 233.391}, "Other Non-Cash Items": {"2020-10-31": -14, "2020-07-31": 27, "2020-04-30": "76.00000", "2020-01-31": 47, "2019-10-31": 61, "2019-07-31": -19, "2019-04-30": "38.00000", "2019-01-31": -11, "2018-10-31": 53, "2018-07-31": 14, "2018-04-30": "53.00000", "2018-01-31": 120, "2017-10-31": 16, "2017-07-31": -11, "2017-04-30": "27.00000", "2017-01-31": 33, "2016-10-31": 83, "2016-07-31": -14, "2016-04-30": "39.00000", "2016-01-31": 261, "2015-10-31": -1, "2015-07-31": 65, "2015-04-30": "69.00000", "2015-01-31": 111, "2014-10-31": 56, "2014-07-31": 24, "2014-04-30": "33.00000", "2014-01-31": 101, "2013-10-31": 38, "2013-07-31": 35, "2013-04-30": "35.00000", "2013-01-31": 83, "2012-10-31": 28, "2012-07-31": 21, "2012-04-30": "42.00000", "2012-01-31": 23, "2011-10-31": 132, "2011-07-31": 4, "2011-04-30": "65.00000", "2011-01-31": 72, "2010-10-31": 82, "2010-07-31": 43, "2010-04-30": "90.00000", "2010-01-31": 167, "2009-10-31": 50, "2009-07-31": 7, "2009-04-30": "96.00000", "2009-01-31": 128, "2008-10-31": 57, "2008-07-31": 48, "2008-04-30": "50.00000", "2008-01-31": -10, "2007-10-31": 39, "2007-07-31": -3, "2007-04-30": "33.00000", "2007-01-31": -2.121, "2006-10-31": 12.239, "2006-07-31": -12.63, "2006-04-30": "4.51200", "2006-01-31": 5.547, "2005-10-31": 11.623, "2005-07-31": 4.128, "2005-04-30": "42.70200", "2005-01-31": 50.092}, "Total Non-Cash Items": {"2020-10-31": 329, "2020-07-31": 243, "2020-04-30": "298.00000", "2020-01-31": 287, "2019-10-31": 261, "2019-07-31": 187, "2019-04-30": "246.00000", "2019-01-31": 134, "2018-10-31": 198, "2018-07-31": 167, "2018-04-30": "204.00000", "2018-01-31": 287, "2017-10-31": 161, "2017-07-31": 126, "2017-04-30": "162.00000", "2017-01-31": 181, "2016-10-31": 417, "2016-07-31": 132, "2016-04-30": "177.00000", "2016-01-31": 456, "2015-10-31": 134, "2015-07-31": 132, "2015-04-30": "184.00000", "2015-01-31": 223, "2014-10-31": 172, "2014-07-31": 128, "2014-04-30": "133.00000", "2014-01-31": 205, "2013-10-31": 142, "2013-07-31": 130, "2013-04-30": "128.00000", "2013-01-31": 182, "2012-10-31": 120, "2012-07-31": 113, "2012-04-30": "125.00000", "2012-01-31": 116, "2011-10-31": 213, "2011-07-31": 83, "2011-04-30": "137.00000", "2011-01-31": 141, "2010-10-31": 151, "2010-07-31": 114, "2010-04-30": "154.00000", "2010-01-31": 235, "2009-10-31": 119, "2009-07-31": 74, "2009-04-30": "163.00000", "2009-01-31": 217, "2008-10-31": 123, "2008-07-31": 112, "2008-04-30": "112.00000", "2008-01-31": 50, "2007-10-31": 96, "2007-07-31": 72, "2007-04-30": "74.00000", "2007-01-31": 66.318, "2006-10-31": 70.448, "2006-07-31": 47.974, "2006-04-30": "66.26000", "2006-01-31": 68.382, "2005-10-31": 70.016, "2005-07-31": 63.599, "2005-04-30": "105.00300", "2005-01-31": 283.483}, "Change In Accounts Receivable": {"2020-10-31": -106, "2020-07-31": 24, "2020-04-30": "25.00000", "2020-01-31": 51, "2019-10-31": 10, "2019-07-31": 23, "2019-04-30": "-2.00000", "2019-01-31": 41, "2018-10-31": 10, "2018-07-31": -13, "2018-04-30": "-42.00000", "2018-01-31": 12, "2017-10-31": 109, "2017-07-31": -110, "2017-04-30": "-10.00000", "2017-01-31": 17, "2016-10-31": 46, "2016-07-31": -39, "2016-04-30": "-27.00000", "2016-01-31": 17, "2015-10-31": 143, "2015-07-31": -232, "2015-04-30": "16.00000", "2015-01-31": -67, "2014-10-31": 127, "2014-07-31": -205, "2014-04-30": "-16.00000", "2014-01-31": -34, "2013-10-31": 140, "2013-07-31": -207, "2013-04-30": "8.00000", "2013-01-31": -15, "2012-10-31": 136, "2012-07-31": -218, "2012-04-30": "-2.00000", "2012-01-31": -25, "2011-10-31": 114, "2011-07-31": -174, "2011-04-30": "4.00000", "2011-01-31": -28, "2010-10-31": 82, "2010-07-31": -141, "2010-04-30": "13.00000", "2010-01-31": -40, "2009-10-31": 24, "2009-07-31": -127, "2009-04-30": "-16.00000", "2009-01-31": -31, "2008-10-31": 76, "2008-07-31": -137, "2008-04-30": "-1.00000", "2008-01-31": -42, "2007-10-31": 32, "2007-07-31": -147, "2007-04-30": "-926.00000", "2007-01-31": -22.348, "2006-10-31": 40.319, "2006-07-31": -96.805, "2006-04-30": "17.83400", "2006-01-31": -14.231, "2005-10-31": 66.461, "2005-07-31": -77.808, "2005-04-30": "10.57800", "2005-01-31": -2.95}, "Change In Inventories": {"2020-10-31": -222, "2020-07-31": 169, "2020-04-30": "228.00000", "2020-01-31": 545, "2019-10-31": -516, "2019-07-31": 90, "2019-04-30": "-89.00000", "2019-01-31": 541, "2018-10-31": -404, "2018-07-31": 79, "2018-04-30": "-201.00000", "2018-01-31": 403, "2017-10-31": -324, "2017-07-31": 125, "2017-04-30": "-266.00000", "2017-01-31": 424, "2016-10-31": -334, "2016-07-31": 153, "2016-04-30": "-212.00000", "2016-01-31": 404, "2015-10-31": -327, "2015-07-31": -32, "2015-04-30": "-248.00000", "2015-01-31": 398, "2014-10-31": -311, "2014-07-31": -79, "2014-04-30": "-184.00000", "2014-01-31": 228, "2013-10-31": -266, "2013-07-31": 24, "2013-04-30": "-143.00000", "2013-01-31": 279, "2012-10-31": -231, "2012-07-31": -14, "2012-04-30": "-204.00000", "2012-01-31": 307, "2011-10-31": -308, "2011-07-31": 7, "2011-04-30": "-143.00000", "2011-01-31": 282, "2010-10-31": -214, "2010-07-31": 11, "2010-04-30": "-159.00000", "2010-01-31": 263, "2009-10-31": -226, "2009-07-31": 76, "2009-04-30": "-114.00000", "2009-01-31": 354, "2008-10-31": -234, "2008-07-31": 72, "2008-04-30": "-139.00000", "2008-01-31": 283, "2007-10-31": -168, "2007-07-31": 20, "2007-04-30": "-135.00000", "2007-01-31": 196.623, "2006-10-31": -155.876, "2006-07-31": 29.901, "2006-04-30": "-109.64800", "2006-01-31": 229.441, "2005-10-31": -178.724, "2005-07-31": 27.348, "2005-04-30": "-99.06500", "2005-01-31": -11.771}, "Change In Accounts Payable": {"2020-10-31": 458, "2020-07-31": 243, "2020-04-30": "-292.00000", "2020-01-31": -481, "2019-10-31": 257, "2019-07-31": 141, "2019-04-30": "181.00000", "2019-01-31": -542, "2018-10-31": 150, "2018-07-31": 192, "2018-04-30": "212.00000", "2018-01-31": -342, "2017-10-31": 100, "2017-07-31": 47, "2017-04-30": "272.00000", "2017-01-31": -344, "2016-10-31": 98, "2016-07-31": 70, "2016-04-30": "192.00000", "2016-01-31": -328, "2015-10-31": 86, "2015-07-31": 1, "2015-04-30": "239.00000", "2015-01-31": -299, "2014-10-31": 73, "2014-07-31": 110, "2014-04-30": "131.00000", "2014-01-31": -187, "2013-10-31": 26, "2013-07-31": 187, "2013-04-30": "141.00000", "2013-01-31": -291, "2012-10-31": 13, "2012-07-31": 123, "2012-04-30": "203.00000", "2012-01-31": -277, "2011-10-31": 46, "2011-07-31": 131, "2011-04-30": "154.00000", "2011-01-31": -195, "2010-10-31": -9, "2010-07-31": 104, "2010-04-30": "172.00000", "2010-01-31": -233, "2009-10-31": 77, "2009-07-31": 240, "2009-04-30": "84.00000", "2009-01-31": -264, "2008-10-31": 119, "2008-07-31": 51, "2008-04-30": "110.00000", "2008-01-31": -150, "2007-10-31": -5, "2007-07-31": 43, "2007-04-30": "93.00000", "2007-01-31": -129.294, "2006-10-31": 21.136, "2006-07-31": 100.253, "2006-04-30": "91.90500", "2006-01-31": -158.601, "2005-10-31": -0.486, "2005-07-31": 93.58, "2005-04-30": "97.50700", "2005-01-31": 23.93}, "Change In Assets/Liabilities": {"2020-10-31": -215, "2020-07-31": 289, "2020-04-30": "-289.00000", "2020-01-31": 5, "2019-10-31": -362, "2019-07-31": 153, "2019-04-30": "-138.00000", "2019-01-31": 111, "2018-10-31": -177, "2018-07-31": 106, "2018-04-30": "-27.00000", "2018-01-31": 135, "2017-10-31": -161, "2017-07-31": 122, "2017-04-30": "15.00000", "2017-01-31": 162, "2016-10-31": -230, "2016-07-31": 281, "2016-04-30": "2.00000", "2016-01-31": 82, "2015-10-31": 1202, "2015-07-31": 59, "2015-04-30": "6.00000", "2015-01-31": 107, "2014-10-31": -29, "2014-07-31": -39, "2014-04-30": "113.00000", "2014-01-31": 51, "2013-10-31": -10, "2013-07-31": -20, "2013-04-30": "61.00000", "2013-01-31": 47, "2012-10-31": -51, "2012-07-31": 0, "2012-04-30": "42.00000", "2012-01-31": 133, "2011-10-31": -111, "2011-07-31": 22, "2011-04-30": "59.00000", "2011-01-31": 106, "2010-10-31": -80, "2010-07-31": -6, "2010-04-30": "28.00000", "2010-01-31": -26, "2009-10-31": 4, "2009-07-31": 74, "2009-04-30": "39.00000", "2009-01-31": 38, "2008-10-31": -48, "2008-07-31": -29, "2008-04-30": "0.00000", "2008-01-31": 93, "2007-10-31": -35, "2007-07-31": 36, "2007-04-30": "383.00000", "2007-01-31": -30.678, "2006-10-31": 48.432, "2006-07-31": 204.095, "2006-04-30": "-35.84900", "2006-01-31": 5.009, "2005-10-31": 21.476, "2005-07-31": -47.645, "2005-04-30": "-11.84000", "2005-01-31": -75.852}, "Total Change In Assets/Liabilities": {"2020-10-31": -227, "2020-07-31": 199, "2020-04-30": "-555.00000", "2020-01-31": 188, "2019-10-31": -511, "2019-07-31": 396, "2019-04-30": "-314.00000", "2019-01-31": 272, "2018-10-31": -217, "2018-07-31": 293, "2018-04-30": "-319.00000", "2018-01-31": 365, "2017-10-31": -251, "2017-07-31": 249, "2017-04-30": "-136.00000", "2017-01-31": 398, "2016-10-31": -385, "2016-07-31": 431, "2016-04-30": "-47.00000", "2016-01-31": 89, "2015-10-31": 1115, "2015-07-31": -136, "2015-04-30": "-104.00000", "2015-01-31": 226, "2014-10-31": -167, "2014-07-31": -159, "2014-04-30": "-56.00000", "2014-01-31": 129, "2013-10-31": -108, "2013-07-31": 72, "2013-04-30": "-112.00000", "2013-01-31": 137, "2012-10-31": -131, "2012-07-31": -56, "2012-04-30": "-115.00000", "2012-01-31": 197, "2011-10-31": -225, "2011-07-31": 46, "2011-04-30": "-73.00000", "2011-01-31": 243, "2010-10-31": -198, "2010-07-31": 25, "2010-04-30": "-66.00000", "2010-01-31": 43, "2009-10-31": -98, "2009-07-31": 313, "2009-04-30": "-39.00000", "2009-01-31": 109, "2008-10-31": -111, "2008-07-31": -37, "2008-04-30": "-78.00000", "2008-01-31": 203, "2007-10-31": -167, "2007-07-31": -43, "2007-04-30": "-688.00000", "2007-01-31": 130.811, "2006-10-31": -93.177, "2006-07-31": 344.106, "2006-04-30": "-168.74000", "2006-01-31": 141.081, "2005-10-31": -140.634, "2005-07-31": 85.892, "2005-04-30": "-168.33900", "2005-01-31": -70.587}, "Cash Flow From Operating Activities": {"2020-10-31": 155, "2020-07-31": 187, "2020-04-30": "-778.00000", "2020-01-31": 667, "2019-10-31": -123, "2019-07-31": 723, "2019-04-30": "-31.00000", "2019-01-31": 654, "2018-10-31": 48, "2018-07-31": 622, "2018-04-30": "-28.00000", "2018-01-31": 803, "2017-10-31": 23, "2017-07-31": 485, "2017-04-30": "89.00000", "2017-01-31": 780, "2016-10-31": 22, "2016-07-31": 680, "2016-04-30": "176.00000", "2016-01-31": 725, "2015-10-31": 1330, "2015-07-31": 207, "2015-04-30": "208.00000", "2015-01-31": 704, "2014-10-31": 147, "2014-07-31": 152, "2014-04-30": "217.00000", "2014-01-31": 602, "2013-10-31": 171, "2013-07-31": 386, "2013-04-30": "161.00000", "2013-01-31": 603, "2012-10-31": 135, "2012-07-31": 213, "2012-04-30": "159.00000", "2012-01-31": 549, "2011-10-31": 115, "2011-07-31": 304, "2011-04-30": "209.00000", "2011-01-31": 616, "2010-10-31": 72, "2010-07-31": 285, "2010-04-30": "204.00000", "2010-01-31": 450, "2009-10-31": 104, "2009-07-31": 492, "2009-04-30": "205.00000", "2009-01-31": 394, "2008-10-31": 83, "2008-07-31": 218, "2008-04-30": "153.00000", "2008-01-31": 465, "2007-10-31": 95, "2007-07-31": 209, "2007-04-30": "-457.00000", "2007-01-31": 429.471, "2006-10-31": 112.944, "2006-07-31": 570.834, "2006-04-30": "28.75100", "2006-01-31": 399.554, "2005-10-31": 36.835, "2005-07-31": 298.409, "2005-04-30": "41.20200", "2005-01-31": 606.346}, "Net Change In Property, Plant, And Equipment": {"2020-10-31": -83, "2020-07-31": -97, "2020-04-30": "-131.00000", "2020-01-31": -194, "2019-10-31": -261, "2019-07-31": -231, "2019-04-30": "-249.00000", "2019-01-31": -225, "2018-10-31": -160, "2018-07-31": -140, "2018-04-30": "-129.00000", "2018-01-31": -195, "2017-10-31": -195, "2017-07-31": -188, "2017-04-30": "-153.00000", "2017-01-31": -221, "2016-10-31": -218, "2016-07-31": -202, "2016-04-30": "-205.00000", "2016-01-31": -225, "2015-10-31": -336, "2015-07-31": -262, "2015-04-30": "-259.00000", "2015-01-31": -245, "2014-10-31": -240, "2014-07-31": -202, "2014-04-30": "-174.00000", "2014-01-31": -182, "2013-10-31": -194, "2013-07-31": -278, "2013-04-30": "-149.00000", "2013-01-31": -144, "2012-10-31": -150, "2012-07-31": -121, "2012-04-30": "-98.00000", "2012-01-31": -113, "2011-10-31": -150, "2011-07-31": -132, "2011-04-30": "-116.00000", "2011-01-31": -104, "2010-10-31": -103, "2010-07-31": -97, "2010-04-30": "-95.00000", "2010-01-31": -79, "2009-10-31": -85, "2009-07-31": -94, "2009-04-30": "-102.00000", "2009-01-31": -124, "2008-10-31": -144, "2008-07-31": -153, "2008-04-30": "-142.00000", "2008-01-31": -155, "2007-10-31": -136, "2007-07-31": -124, "2007-04-30": "-86.00000", "2007-01-31": -76.252, "2006-10-31": -72.156, "2006-07-31": -68.097, "2006-04-30": "-47.49500", "2006-01-31": -66.985, "2005-10-31": -73.631, "2005-07-31": -78.363, "2005-04-30": "-53.02100", "2005-01-31": -241.378}, "Net Change In Intangible Assets": {"2020-10-31": 0, "2020-07-31": 0, "2020-04-30": "", "2020-01-31": 0, "2019-10-31": 0, "2019-07-31": 0, "2019-04-30": "", "2019-01-31": 0, "2018-10-31": 0, "2018-07-31": 0, "2018-04-30": "", "2018-01-31": 0, "2017-10-31": 0, "2017-07-31": 0, "2017-04-30": "", "2017-01-31": 0, "2016-10-31": 0, "2016-07-31": 0, "2016-04-30": "", "2016-01-31": 0, "2015-10-31": 0, "2015-07-31": 0, "2015-04-30": "", "2015-01-31": 0, "2014-10-31": 0, "2014-07-31": 0, "2014-04-30": "", "2014-01-31": 0, "2013-10-31": 0, "2013-07-31": 0, "2013-04-30": "", "2013-01-31": 0, "2012-10-31": 0, "2012-07-31": 0, "2012-04-30": "", "2012-01-31": 0, "2011-10-31": 0, "2011-07-31": 0, "2011-04-30": "", "2011-01-31": 0, "2010-10-31": 0, "2010-07-31": 0, "2010-04-30": "", "2010-01-31": 0, "2009-10-31": 0, "2009-07-31": 0, "2009-04-30": "", "2009-01-31": 0, "2008-10-31": 0, "2008-07-31": 0, "2008-04-30": "", "2008-01-31": 0, "2007-10-31": 0, "2007-07-31": 0, "2007-04-30": "", "2007-01-31": 0, "2006-10-31": 0, "2006-07-31": 0, "2006-04-30": "", "2006-01-31": 0, "2005-10-31": 0, "2005-07-31": 0, "2005-04-30": "", "2005-01-31": 0}, "Net Acquisitions/Divestitures": {"2020-10-31": 0, "2020-07-31": 0, "2020-04-30": "", "2020-01-31": 0, "2019-10-31": 0, "2019-07-31": 0, "2019-04-30": "", "2019-01-31": 0, "2018-10-31": 0, "2018-07-31": 0, "2018-04-30": "", "2018-01-31": 0, "2017-10-31": 0, "2017-07-31": 0, "2017-04-30": "", "2017-01-31": 0, "2016-10-31": 0, "2016-07-31": 0, "2016-04-30": "", "2016-01-31": 0, "2015-10-31": 0, "2015-07-31": 0, "2015-04-30": "", "2015-01-31": 0, "2014-10-31": 0, "2014-07-31": 0, "2014-04-30": "", "2014-01-31": 0, "2013-10-31": 0, "2013-07-31": 0, "2013-04-30": "", "2013-01-31": 0, "2012-10-31": 0, "2012-07-31": 0, "2012-04-30": "", "2012-01-31": 0, "2011-10-31": 0, "2011-07-31": 0, "2011-04-30": "", "2011-01-31": 0, "2010-10-31": 0, "2010-07-31": 0, "2010-04-30": "", "2010-01-31": 0, "2009-10-31": 0, "2009-07-31": 0, "2009-04-30": "", "2009-01-31": 0, "2008-10-31": 0, "2008-07-31": 0, "2008-04-30": "", "2008-01-31": 0, "2007-10-31": 216, "2007-07-31": 0, "2007-04-30": "", "2007-01-31": 0, "2006-10-31": 0, "2006-07-31": 0, "2006-04-30": "", "2006-01-31": 0, "2005-10-31": 0, "2005-07-31": 0, "2005-04-30": "", "2005-01-31": 0}, "Net Change In Short-term Investments": {"2020-10-31": 0, "2020-07-31": 0, "2020-04-30": "", "2020-01-31": 0, "2019-10-31": 0, "2019-07-31": 0, "2019-04-30": "", "2019-01-31": 0, "2018-10-31": 0, "2018-07-31": 0, "2018-04-30": "", "2018-01-31": 0, "2017-10-31": 0, "2017-07-31": 0, "2017-04-30": "", "2017-01-31": 0, "2016-10-31": 0, "2016-07-31": 0, "2016-04-30": "", "2016-01-31": 0, "2015-10-31": 0, "2015-07-31": 0, "2015-04-30": "", "2015-01-31": 0, "2014-10-31": 0, "2014-07-31": 0, "2014-04-30": "", "2014-01-31": 0, "2013-10-31": 0, "2013-07-31": 0, "2013-04-30": "", "2013-01-31": 0, "2012-10-31": 0, "2012-07-31": 0, "2012-04-30": "", "2012-01-31": 0, "2011-10-31": 0, "2011-07-31": 0, "2011-04-30": "", "2011-01-31": 0, "2010-10-31": 0, "2010-07-31": 0, "2010-04-30": "", "2010-01-31": 0, "2009-10-31": 0, "2009-07-31": 0, "2009-04-30": "", "2009-01-31": 171, "2008-10-31": 3, "2008-07-31": -132, "2008-04-30": "-42.00000", "2008-01-31": -49, "2007-10-31": 3, "2007-07-31": -105, "2007-04-30": "", "2007-01-31": 0, "2006-10-31": 0, "2006-07-31": 30, "2006-04-30": "24.00000", "2006-01-31": -19.825, "2005-10-31": 0, "2005-07-31": 19.75, "2005-04-30": "-11.92500", "2005-01-31": 134.175}, "Net Change In Long-Term Investments": {"2020-10-31": 0, "2020-07-31": 0, "2020-04-30": "", "2020-01-31": 0, "2019-10-31": 0, "2019-07-31": 0, "2019-04-30": "", "2019-01-31": 0, "2018-10-31": 0, "2018-07-31": 0, "2018-04-30": "", "2018-01-31": 0, "2017-10-31": 0, "2017-07-31": 0, "2017-04-30": "", "2017-01-31": 0, "2016-10-31": 0, "2016-07-31": 0, "2016-04-30": "", "2016-01-31": 0, "2015-10-31": 0, "2015-07-31": 0, "2015-04-30": "", "2015-01-31": 0, "2014-10-31": 0, "2014-07-31": 0, "2014-04-30": "", "2014-01-31": 0, "2013-10-31": 0, "2013-07-31": 0, "2013-04-30": "", "2013-01-31": 0, "2012-10-31": 0, "2012-07-31": 0, "2012-04-30": "", "2012-01-31": 0, "2011-10-31": 0, "2011-07-31": 0, "2011-04-30": "", "2011-01-31": 0, "2010-10-31": 0, "2010-07-31": 0, "2010-04-30": "", "2010-01-31": 0, "2009-10-31": 0, "2009-07-31": 0, "2009-04-30": "", "2009-01-31": 0, "2008-10-31": 0, "2008-07-31": 0, "2008-04-30": "", "2008-01-31": 0, "2007-10-31": 0, "2007-07-31": 0, "2007-04-30": "", "2007-01-31": 0, "2006-10-31": 0, "2006-07-31": 0, "2006-04-30": "", "2006-01-31": 0, "2005-10-31": 0, "2005-07-31": 0, "2005-04-30": "", "2005-01-31": 0}, "Net Change In Investments - Total": {"2020-10-31": 0, "2020-07-31": 0, "2020-04-30": "", "2020-01-31": 0, "2019-10-31": 0, "2019-07-31": 0, "2019-04-30": "", "2019-01-31": 0, "2018-10-31": 0, "2018-07-31": 0, "2018-04-30": "", "2018-01-31": 0, "2017-10-31": 0, "2017-07-31": 0, "2017-04-30": "", "2017-01-31": 0, "2016-10-31": 0, "2016-07-31": 0, "2016-04-30": "", "2016-01-31": 0, "2015-10-31": 0, "2015-07-31": 0, "2015-04-30": "", "2015-01-31": 0, "2014-10-31": 0, "2014-07-31": 0, "2014-04-30": "", "2014-01-31": 0, "2013-10-31": 0, "2013-07-31": 0, "2013-04-30": "", "2013-01-31": 0, "2012-10-31": 0, "2012-07-31": 0, "2012-04-30": "", "2012-01-31": 0, "2011-10-31": 0, "2011-07-31": 0, "2011-04-30": "", "2011-01-31": 0, "2010-10-31": 0, "2010-07-31": 0, "2010-04-30": "", "2010-01-31": 0, "2009-10-31": 0, "2009-07-31": 0, "2009-04-30": "", "2009-01-31": 171, "2008-10-31": 3, "2008-07-31": -132, "2008-04-30": "-42.00000", "2008-01-31": -49, "2007-10-31": 3, "2007-07-31": -105, "2007-04-30": "", "2007-01-31": 0, "2006-10-31": 0, "2006-07-31": 30, "2006-04-30": "24.00000", "2006-01-31": -19.825, "2005-10-31": 0, "2005-07-31": 19.75, "2005-04-30": "-11.92500", "2005-01-31": 134.175}, "Investing Activities - Other": {"2020-10-31": 3, "2020-07-31": 12, "2020-04-30": "5.00000", "2020-01-31": 2, "2019-10-31": -2, "2019-07-31": 25, "2019-04-30": "1.00000", "2019-01-31": 20, "2018-10-31": 2, "2018-07-31": -1, "2018-04-30": "-20.00000", "2018-01-31": 18, "2017-10-31": -4, "2017-07-31": 24, "2017-04-30": "9.00000", "2017-01-31": 8, "2016-10-31": 14, "2016-07-31": 2, "2016-04-30": "31.00000", "2016-01-31": 12, "2015-10-31": 986, "2015-07-31": -80, "2015-04-30": "20.00000", "2015-01-31": -6, "2014-10-31": 64, "2014-07-31": -95, "2014-04-30": "9.00000", "2014-01-31": -9, "2013-10-31": 67, "2013-07-31": -95, "2013-04-30": "18.00000", "2013-01-31": -39, "2012-10-31": 62, "2012-07-31": -96, "2012-04-30": "217.00000", "2012-01-31": -224, "2011-10-31": 67, "2011-07-31": -88, "2011-04-30": "28.00000", "2011-01-31": -8, "2010-10-31": 33, "2010-07-31": -85, "2010-04-30": "-3.00000", "2010-01-31": -53, "2009-10-31": 5, "2009-07-31": -103, "2009-04-30": "-30.00000", "2009-01-31": -231, "2008-10-31": 1, "2008-07-31": 2, "2008-04-30": "-1.00000", "2008-01-31": 12, "2007-10-31": -1, "2007-07-31": -1, "2007-04-30": "5.00000", "2007-01-31": -1.62, "2006-10-31": 146.44, "2006-07-31": -150.879, "2006-04-30": "-1.94100", "2006-01-31": -1.596, "2005-10-31": -6.265, "2005-07-31": 0.552, "2005-04-30": "-0.69100", "2005-01-31": -2.83}, "Cash Flow From Investing Activities": {"2020-10-31": -80, "2020-07-31": -85, "2020-04-30": "-126.00000", "2020-01-31": -192, "2019-10-31": -263, "2019-07-31": -206, "2019-04-30": "-248.00000", "2019-01-31": -205, "2018-10-31": -158, "2018-07-31": -141, "2018-04-30": "-149.00000", "2018-01-31": -177, "2017-10-31": -199, "2017-07-31": -164, "2017-04-30": "-144.00000", "2017-01-31": -213, "2016-10-31": -204, "2016-07-31": -200, "2016-04-30": "-174.00000", "2016-01-31": -213, "2015-10-31": 650, "2015-07-31": -342, "2015-04-30": "-239.00000", "2015-01-31": -251, "2014-10-31": -176, "2014-07-31": -297, "2014-04-30": "-165.00000", "2014-01-31": -191, "2013-10-31": -127, "2013-07-31": -373, "2013-04-30": "-131.00000", "2013-01-31": -183, "2012-10-31": -88, "2012-07-31": -217, "2012-04-30": "119.00000", "2012-01-31": -337, "2011-10-31": -83, "2011-07-31": -220, "2011-04-30": "-88.00000", "2011-01-31": -112, "2010-10-31": -70, "2010-07-31": -182, "2010-04-30": "-98.00000", "2010-01-31": -132, "2009-10-31": -80, "2009-07-31": -197, "2009-04-30": "-132.00000", "2009-01-31": -184, "2008-10-31": -140, "2008-07-31": -283, "2008-04-30": "-185.00000", "2008-01-31": -192, "2007-10-31": 82, "2007-07-31": -230, "2007-04-30": "-81.00000", "2007-01-31": -77.872, "2006-10-31": 74.284, "2006-07-31": -188.976, "2006-04-30": "-25.43600", "2006-01-31": -88.406, "2005-10-31": -79.896, "2005-07-31": -58.061, "2005-04-30": "-65.63700", "2005-01-31": -110.033}, "Net Long-Term Debt": {"2020-10-31": 0, "2020-07-31": 0, "2020-04-30": "600.00000", "2020-01-31": -1, "2019-10-31": 0, "2019-07-31": 0, "2019-04-30": "", "2019-01-31": -2, "2018-10-31": -49, "2018-07-31": -2, "2018-04-30": "-3.00000", "2018-01-31": -3, "2017-10-31": -3, "2017-07-31": -2, "2017-04-30": "-18.00000", "2017-01-31": -3, "2016-10-31": -2, "2016-07-31": -3, "2016-04-30": "-2.00000", "2016-01-31": 1, "2015-10-31": -344, "2015-07-31": -2, "2015-04-30": "14.00000", "2015-01-31": 6, "2014-10-31": 12, "2014-07-31": 3, "2014-04-30": "6.00000", "2014-01-31": -3, "2013-10-31": -2, "2013-07-31": -1, "2013-04-30": "-2.00000", "2013-01-31": -1, "2012-10-31": -2, "2012-07-31": -1, "2012-04-30": "-502.00000", "2012-01-31": 396, "2011-10-31": 497, "2011-07-31": -2, "2011-04-30": "-1.00000", "2011-01-31": -2, "2010-10-31": -1, "2010-07-31": -1, "2010-04-30": "146.00000", "2010-01-31": -1, "2009-10-31": -21, "2009-07-31": 397, "2009-04-30": "-1.00000", "2009-01-31": -127, "2008-10-31": 145, "2008-07-31": -1, "2008-04-30": "-2.00000", "2008-01-31": 485, "2007-10-31": 497, "2007-07-31": -1, "2007-04-30": "849.00000", "2007-01-31": -100.535, "2006-10-31": -204.153, "2006-07-31": -1.188, "2006-04-30": "-1.12400", "2006-01-31": -1.231, "2005-10-31": -1.119, "2005-07-31": -97.629, "2005-04-30": "-1.02100", "2005-01-31": -205.252}, "Net Current Debt": {"2020-10-31": -177, "2020-07-31": -467, "2020-04-30": "883.00000", "2020-01-31": -50, "2019-10-31": -34, "2019-07-31": 52, "2019-04-30": "40.00000", "2019-01-31": -34, "2018-10-31": -29, "2018-07-31": 36, "2018-04-30": "27.00000", "2018-01-31": -52, "2017-10-31": -9, "2017-07-31": 27, "2017-04-30": "-21.00000", "2017-01-31": 131, "2016-10-31": -109, "2016-07-31": 15, "2016-04-30": "-33.00000", "2016-01-31": 16, "2015-10-31": -42, "2015-07-31": 59, "2015-04-30": "-10.00000", "2015-01-31": 54, "2014-10-31": -73, "2014-07-31": 36, "2014-04-30": "-21.00000", "2014-01-31": 18, "2013-10-31": -27, "2013-07-31": -19, "2013-04-30": "75.00000", "2013-01-31": -31, "2012-10-31": -33, "2012-07-31": 21, "2012-04-30": "48.00000", "2012-01-31": -10, "2011-10-31": 91, "2011-07-31": -102, "2011-04-30": "-9.00000", "2011-01-31": 35, "2010-10-31": -29, "2010-07-31": 34, "2010-04-30": "-3.00000", "2010-01-31": 9, "2009-10-31": -15, "2009-07-31": -218, "2009-04-30": "-42.00000", "2009-01-31": -37, "2008-10-31": -66, "2008-07-31": 121, "2008-04-30": "2.00000", "2008-01-31": -109, "2007-10-31": 12, "2007-07-31": 59, "2007-04-30": "43.00000", "2007-01-31": -29.489, "2006-10-31": -27.115, "2006-07-31": 7.411, "2006-04-30": "-1.80700", "2006-01-31": 0.28, "2005-10-31": -30.913, "2005-07-31": 39.389, "2005-04-30": "-3.75600", "2005-01-31": -2.68}, "Debt Issuance/Retirement Net - Total": {"2020-10-31": -177, "2020-07-31": -467, "2020-04-30": "1483.00000", "2020-01-31": -51, "2019-10-31": -34, "2019-07-31": 52, "2019-04-30": "40.00000", "2019-01-31": -36, "2018-10-31": -78, "2018-07-31": 34, "2018-04-30": "24.00000", "2018-01-31": -55, "2017-10-31": -12, "2017-07-31": 25, "2017-04-30": "-39.00000", "2017-01-31": 128, "2016-10-31": -111, "2016-07-31": 12, "2016-04-30": "-35.00000", "2016-01-31": 17, "2015-10-31": -386, "2015-07-31": 57, "2015-04-30": "4.00000", "2015-01-31": 60, "2014-10-31": -61, "2014-07-31": 39, "2014-04-30": "-15.00000", "2014-01-31": 15, "2013-10-31": -29, "2013-07-31": -20, "2013-04-30": "73.00000", "2013-01-31": -32, "2012-10-31": -35, "2012-07-31": 20, "2012-04-30": "-454.00000", "2012-01-31": 386, "2011-10-31": 588, "2011-07-31": -104, "2011-04-30": "-10.00000", "2011-01-31": 33, "2010-10-31": -30, "2010-07-31": 33, "2010-04-30": "143.00000", "2010-01-31": 8, "2009-10-31": -36, "2009-07-31": 179, "2009-04-30": "-43.00000", "2009-01-31": -164, "2008-10-31": 79, "2008-07-31": 120, "2008-04-30": "", "2008-01-31": 376, "2007-10-31": 509, "2007-07-31": 58, "2007-04-30": "892.00000", "2007-01-31": -130.024, "2006-10-31": -231.268, "2006-07-31": 6.223, "2006-04-30": "-2.93100", "2006-01-31": -0.951, "2005-10-31": -32.032, "2005-07-31": -58.24, "2005-04-30": "-4.77700", "2005-01-31": -207.932}, "Net Common Equity Issued/Repurchased": {"2020-10-31": 5, "2020-07-31": 0, "2020-04-30": "11.00000", "2020-01-31": 10, "2019-10-31": 8, "2019-07-31": 1, "2019-04-30": "-200.00000", "2019-01-31": -520, "2018-10-31": 38, "2018-07-31": -44, "2018-04-30": "11.00000", "2018-01-31": 14, "2017-10-31": 11, "2017-07-31": 3, "2017-04-30": "-200.00000", "2017-01-31": -154, "2016-10-31": -11, "2016-07-31": -7, "2016-04-30": "-22.00000", "2016-01-31": -671, "2015-10-31": -231, "2015-07-31": -226, "2015-04-30": "30.00000", "2015-01-31": -49, "2014-10-31": -185, "2014-07-31": -78, "2014-04-30": "-157.00000", "2014-01-31": -123, "2013-10-31": -138, "2013-07-31": -8, "2013-04-30": "-143.00000", "2013-01-31": -211, "2012-10-31": -62, "2012-07-31": -351, "2012-04-30": "-10.00000", "2012-01-31": -140, "2011-10-31": -202, "2011-07-31": -280, "2011-04-30": "-142.00000", "2011-01-31": -41, "2010-10-31": -22, "2010-07-31": 3, "2010-04-30": "24.00000", "2010-01-31": 6, "2009-10-31": 15, "2009-07-31": 3, "2009-04-30": "10.00000", "2009-01-31": 1, "2008-10-31": -13, "2008-07-31": -48, "2008-04-30": "-174.00000", "2008-01-31": -360, "2007-10-31": -732, "2007-07-31": -577, "2007-04-30": "18.00000", "2007-01-31": -13.696, "2006-10-31": -10.453, "2006-07-31": -343.958, "2006-04-30": "-185.89300", "2006-01-31": -29.355, "2005-10-31": -159.785, "2005-07-31": -9.893, "2005-04-30": "0.03300", "2005-01-31": -200.047}, "Net Total Equity Issued/Repurchased": {"2020-10-31": 5, "2020-07-31": 0, "2020-04-30": "11.00000", "2020-01-31": 10, "2019-10-31": 8, "2019-07-31": 1, "2019-04-30": "-200.00000", "2019-01-31": -520, "2018-10-31": 38, "2018-07-31": -44, "2018-04-30": "11.00000", "2018-01-31": 14, "2017-10-31": 11, "2017-07-31": 3, "2017-04-30": "-200.00000", "2017-01-31": -154, "2016-10-31": -11, "2016-07-31": -7, "2016-04-30": "-22.00000", "2016-01-31": -671, "2015-10-31": -231, "2015-07-31": -226, "2015-04-30": "30.00000", "2015-01-31": -49, "2014-10-31": -185, "2014-07-31": -78, "2014-04-30": "-157.00000", "2014-01-31": -123, "2013-10-31": -138, "2013-07-31": -8, "2013-04-30": "-143.00000", "2013-01-31": -211, "2012-10-31": -62, "2012-07-31": -351, "2012-04-30": "-10.00000", "2012-01-31": -140, "2011-10-31": -202, "2011-07-31": -280, "2011-04-30": "-142.00000", "2011-01-31": -41, "2010-10-31": -22, "2010-07-31": 3, "2010-04-30": "24.00000", "2010-01-31": 6, "2009-10-31": 15, "2009-07-31": 3, "2009-04-30": "10.00000", "2009-01-31": 1, "2008-10-31": -13, "2008-07-31": -48, "2008-04-30": "-174.00000", "2008-01-31": -360, "2007-10-31": -732, "2007-07-31": -577, "2007-04-30": "18.00000", "2007-01-31": -13.696, "2006-10-31": -10.453, "2006-07-31": -343.958, "2006-04-30": "-185.89300", "2006-01-31": -29.355, "2005-10-31": -159.785, "2005-07-31": -9.893, "2005-04-30": "0.03300", "2005-01-31": -200.047}, "Total Common And Preferred Stock Dividends Paid": {"2020-10-31": 0, "2020-07-31": 0, "2020-04-30": "-58.00000", "2020-01-31": -57, "2019-10-31": -58, "2019-07-31": -56, "2019-04-30": "-58.00000", "2019-01-31": -64, "2018-10-31": -62, "2018-07-31": -62, "2018-04-30": "-62.00000", "2018-01-31": -62, "2017-10-31": -61, "2017-07-31": -62, "2017-04-30": "-62.00000", "2017-01-31": -64, "2016-10-31": -64, "2016-07-31": -65, "2016-04-30": "-63.00000", "2016-01-31": -69, "2015-10-31": -974, "2015-07-31": -71, "2015-04-30": "-71.00000", "2015-01-31": -62, "2014-10-31": -64, "2014-07-31": -62, "2014-04-30": "-63.00000", "2014-01-31": -58, "2013-10-31": -59, "2013-07-31": -58, "2013-04-30": "-59.00000", "2013-01-31": -54, "2012-10-31": -54, "2012-07-31": -56, "2012-04-30": "-56.00000", "2012-01-31": -48, "2011-10-31": -49, "2011-07-31": -50, "2011-04-30": "-50.00000", "2011-01-31": -44, "2010-10-31": -45, "2010-07-31": -44, "2010-04-30": "-34.00000", "2010-01-31": -35, "2009-10-31": -35, "2009-07-31": -34, "2009-04-30": "-35.00000", "2009-01-31": -34, "2008-10-31": -34, "2008-07-31": -35, "2008-04-30": "-35.00000", "2008-01-31": -31, "2007-10-31": -33, "2007-07-31": -35, "2007-04-30": "-35.00000", "2007-01-31": -26.861, "2006-10-31": -26.89, "2006-07-31": -27.923, "2006-04-30": "-28.32600", "2006-01-31": -22.764, "2005-10-31": -23.242, "2005-07-31": -23.236, "2005-04-30": "-17.75800", "2005-01-31": -67.24}, "Financial Activities - Other": {"2020-10-31": -4, "2020-07-31": -1, "2020-04-30": "-19.00000", "2020-01-31": -11, "2019-10-31": 1, "2019-07-31": -6, "2019-04-30": "-12.00000", "2019-01-31": 1, "2018-10-31": -4, "2018-07-31": -32, "2018-04-30": "-11.00000", "2018-01-31": -14, "2017-10-31": -9, "2017-07-31": -21, "2017-04-30": "2.00000", "2017-01-31": -1, "2016-10-31": 7, "2016-07-31": 2, "2016-04-30": "-7.00000", "2016-01-31": -15, "2015-10-31": 9, "2015-07-31": 29, "2015-04-30": "10.00000", "2015-01-31": -8, "2014-10-31": 0, "2014-07-31": 3, "2014-04-30": "4.00000", "2014-01-31": 2, "2013-10-31": 1, "2013-07-31": 11, "2013-04-30": "4.00000", "2013-01-31": 4, "2012-10-31": 4, "2012-07-31": 2, "2012-04-30": "12.00000", "2012-01-31": 10, "2011-10-31": -2, "2011-07-31": 7, "2011-04-30": "8.00000", "2011-01-31": 8, "2010-10-31": 4, "2010-07-31": 2, "2010-04-30": "6.00000", "2010-01-31": 14, "2009-10-31": -3, "2009-07-31": -2, "2009-04-30": "1.00000", "2009-01-31": -9, "2008-10-31": 1, "2008-07-31": 1, "2008-04-30": "2.00000", "2008-01-31": -8, "2007-10-31": 8, "2007-07-31": 9, "2007-04-30": "5.00000", "2007-01-31": 12.923, "2006-10-31": 9.871, "2006-07-31": 2.701, "2006-04-30": "12.50500", "2006-01-31": -1.398, "2005-10-31": 1.188, "2005-07-31": -1.799, "2005-04-30": "2.00900", "2005-01-31": -0.752}, "Cash Flow From Financial Activities": {"2020-10-31": -176, "2020-07-31": -468, "2020-04-30": "1417.00000", "2020-01-31": -109, "2019-10-31": -83, "2019-07-31": -9, "2019-04-30": "-230.00000", "2019-01-31": -619, "2018-10-31": -106, "2018-07-31": -104, "2018-04-30": "-38.00000", "2018-01-31": -117, "2017-10-31": -71, "2017-07-31": -55, "2017-04-30": "-299.00000", "2017-01-31": -91, "2016-10-31": -179, "2016-07-31": -58, "2016-04-30": "-127.00000", "2016-01-31": -738, "2015-10-31": -1582, "2015-07-31": -211, "2015-04-30": "-27.00000", "2015-01-31": -59, "2014-10-31": -310, "2014-07-31": -98, "2014-04-30": "-231.00000", "2014-01-31": -164, "2013-10-31": -225, "2013-07-31": -75, "2013-04-30": "-125.00000", "2013-01-31": -293, "2012-10-31": -147, "2012-07-31": -385, "2012-04-30": "-508.00000", "2012-01-31": 208, "2011-10-31": 335, "2011-07-31": -427, "2011-04-30": "-194.00000", "2011-01-31": -44, "2010-10-31": -93, "2010-07-31": -6, "2010-04-30": "139.00000", "2010-01-31": -7, "2009-10-31": -59, "2009-07-31": 146, "2009-04-30": "-67.00000", "2009-01-31": -206, "2008-10-31": 33, "2008-07-31": 38, "2008-04-30": "-207.00000", "2008-01-31": -23, "2007-10-31": -248, "2007-07-31": -545, "2007-04-30": "880.00000", "2007-01-31": -157.658, "2006-10-31": -258.74, "2006-07-31": -362.957, "2006-04-30": "-204.64500", "2006-01-31": -54.468, "2005-10-31": -213.871, "2005-07-31": -93.168, "2005-04-30": "-20.49300", "2005-01-31": -475.971}, "Net Cash Flow": {"2020-10-31": -102, "2020-07-31": -364, "2020-04-30": "502.00000", "2020-01-31": 366, "2019-10-31": -469, "2019-07-31": 508, "2019-04-30": "-509.00000", "2019-01-31": -170, "2018-10-31": -216, "2018-07-31": 377, "2018-04-30": "-215.00000", "2018-01-31": 509, "2017-10-31": -247, "2017-07-31": 266, "2017-04-30": "-354.00000", "2017-01-31": 476, "2016-10-31": -361, "2016-07-31": 422, "2016-04-30": "-125.00000", "2016-01-31": -226, "2015-10-31": 398, "2015-07-31": -346, "2015-04-30": "-58.00000", "2015-01-31": 394, "2014-10-31": -339, "2014-07-31": -243, "2014-04-30": "-179.00000", "2014-01-31": 247, "2013-10-31": -181, "2013-07-31": -62, "2013-04-30": "-95.00000", "2013-01-31": 127, "2012-10-31": -100, "2012-07-31": -389, "2012-04-30": "-230.00000", "2012-01-31": 420, "2011-10-31": 367, "2011-07-31": -343, "2011-04-30": "-73.00000", "2011-01-31": 460, "2010-10-31": -91, "2010-07-31": 97, "2010-04-30": "245.00000", "2010-01-31": 311, "2009-10-31": -35, "2009-07-31": 441, "2009-04-30": "6.00000", "2009-01-31": 4, "2008-10-31": -24, "2008-07-31": -27, "2008-04-30": "-239.00000", "2008-01-31": 250, "2007-10-31": -71, "2007-07-31": -566, "2007-04-30": "342.00000", "2007-01-31": 193.941, "2006-10-31": -71.512, "2006-07-31": 18.901, "2006-04-30": "-201.33000", "2006-01-31": 256.68, "2005-10-31": -256.932, "2005-07-31": 147.18, "2005-04-30": "-44.92800", "2005-01-31": 20.342}, "Stock-Based Compensation": {"2020-10-31": 17, "2020-07-31": 20, "2020-04-30": "13.00000", "2020-01-31": 14, "2019-10-31": 15, "2019-07-31": 20, "2019-04-30": "20.00000", "2019-01-31": 18, "2018-10-31": 21, "2018-07-31": 28, "2018-04-30": "23.00000", "2018-01-31": 18, "2017-10-31": 18, "2017-07-31": 25, "2017-04-30": "16.00000", "2017-01-31": 23, "2016-10-31": 21, "2016-07-31": 27, "2016-04-30": "20.00000", "2016-01-31": 13, "2015-10-31": 16, "2015-07-31": 22, "2015-04-30": "19.00000", "2015-01-31": 20, "2014-10-31": 17, "2014-07-31": 18, "2014-04-30": "13.00000", "2014-01-31": 11, "2013-10-31": 13, "2013-07-31": 17, "2013-04-30": "17.00000", "2013-01-31": 11, "2012-10-31": 11, "2012-07-31": 18, "2012-04-30": "13.00000", "2012-01-31": 8, "2011-10-31": 14, "2011-07-31": 17, "2011-04-30": "11.00000", "2011-01-31": 13, "2010-10-31": 9, "2010-07-31": 10, "2010-04-30": "10.00000", "2010-01-31": 8, "2009-10-31": 7, "2009-07-31": 10, "2009-04-30": "7.00000", "2009-01-31": 7, "2008-10-31": 6, "2008-07-31": 9, "2008-04-30": "6.00000", "2008-01-31": 5, "2007-10-31": 7, "2007-07-31": 8, "2007-04-30": "6.00000", "2007-01-31": 11.925, "2006-10-31": 10.992, "2006-07-31": 6.747, "2006-04-30": "7.33600", "2006-01-31": 5.328, "2005-10-31": 0.198, "2005-07-31": 6.046, "2005-04-30": "1.42800", "2005-01-31": 8.051}, "Common Stock Dividends Paid": {"2020-10-31": 0, "2020-07-31": 0, "2020-04-30": "-58.00000", "2020-01-31": -57, "2019-10-31": -58, "2019-07-31": -56, "2019-04-30": "-58.00000", "2019-01-31": -64, "2018-10-31": -62, "2018-07-31": -62, "2018-04-30": "-62.00000", "2018-01-31": -62, "2017-10-31": -61, "2017-07-31": -62, "2017-04-30": "-62.00000", "2017-01-31": -64, "2016-10-31": -64, "2016-07-31": -65, "2016-04-30": "-63.00000", "2016-01-31": -69, "2015-10-31": -974, "2015-07-31": -71, "2015-04-30": "-71.00000", "2015-01-31": -62, "2014-10-31": -64, "2014-07-31": -62, "2014-04-30": "-63.00000", "2014-01-31": -58, "2013-10-31": -59, "2013-07-31": -58, "2013-04-30": "-59.00000", "2013-01-31": -54, "2012-10-31": -54, "2012-07-31": -56, "2012-04-30": "-56.00000", "2012-01-31": -48, "2011-10-31": -49, "2011-07-31": -50, "2011-04-30": "-50.00000", "2011-01-31": -44, "2010-10-31": -45, "2010-07-31": -44, "2010-04-30": "-34.00000", "2010-01-31": -35, "2009-10-31": -35, "2009-07-31": -34, "2009-04-30": "-35.00000", "2009-01-31": -34, "2008-10-31": -34, "2008-07-31": -35, "2008-04-30": "-35.00000", "2008-01-31": -31, "2007-10-31": -33, "2007-07-31": -35, "2007-04-30": "-35.00000", "2007-01-31": -26.861, "2006-10-31": -26.89, "2006-07-31": -27.923, "2006-04-30": "-28.32600", "2006-01-31": -22.764, "2005-10-31": -23.242, "2005-07-31": -23.236, "2005-04-30": "-17.75800", "2005-01-31": -67.24}}, "financial ratios": {"Current Ratio": {"2020-01-31": "0.91760", "2019-01-31": "0.99790", "2018-01-31": "1.06510", "2017-01-31": "1.07030", "2016-01-31": "1.03540", "2015-01-31": "1.86570", "2014-01-31": "2.05750", "2013-01-31": "2.28260", "2012-01-31": "2.15920", "2011-01-31": "2.56730", "2010-01-31": "2.01290", "2009-01-31": "2.00940", "2008-01-31": "2.05570", "2007-01-31": "1.91350", "2006-01-31": "1.77060", "2005-01-31": "1.91810"}, "Long-term Debt / Capital": {"2020-01-31": "0.73210", "2019-01-31": "0.75410", "2018-01-31": "0.73290", "2017-01-31": "0.76050", "2016-01-31": "0.76240", "2015-01-31": "0.56140", "2014-01-31": "0.59890", "2013-01-31": "0.62020", "2012-01-31": "0.61620", "2011-01-31": "0.57860", "2010-01-31": "0.58940", "2009-01-31": "0.64660", "2008-01-31": "0.66730", "2007-01-31": "0.22340", "2006-01-31": "0.23080", "2005-01-31": "0.34180"}, "Debt/Equity Ratio": {"2020-01-31": "2.73340", "2019-01-31": "3.07560", "2018-01-31": "2.80140", "2017-01-31": "3.18850", "2016-01-31": "3.22040", "2015-01-31": "1.28320", "2014-01-31": "1.49660", "2013-01-31": "1.63670", "2012-01-31": "1.86450", "2011-01-31": "1.37610", "2010-01-31": "1.66220", "2009-01-31": "2.07690", "2008-01-31": "2.23950", "2007-01-31": "0.29090", "2006-01-31": "0.44650", "2005-01-31": "0.57580"}, "Gross Margin": {"2020-01-31": "36.02160", "2019-01-31": "35.97100", "2018-01-31": "36.10290", "2017-01-31": "36.03040", "2016-01-31": "36.49650", "2015-01-31": "37.76100", "2014-01-31": "38.30140", "2013-01-31": "38.75060", "2012-01-31": "39.30020", "2011-01-31": "39.20620", "2010-01-31": "38.24040", "2009-01-31": "36.81330", "2008-01-31": "39.14100", "2007-01-31": "38.21830", "2006-01-31": "36.70850", "2005-01-31": "36.06590"}, "Operating Margin": {"2020-01-31": "5.05020", "2019-01-31": "5.27740", "2018-01-31": "5.98270", "2017-01-31": "5.45500", "2016-01-31": "7.62620", "2015-01-31": "9.79560", "2014-01-31": "10.76560", "2013-01-31": "11.08460", "2012-01-31": "11.50090", "2011-01-31": "11.52580", "2010-01-31": "9.66730", "2009-01-31": "9.08670", "2008-01-31": "13.16080", "2007-01-31": "11.71240", "2006-01-31": "9.50410", "2005-01-31": "7.73720"}, "EBIT Margin": {"2020-01-31": "5.05020", "2019-01-31": "5.27740", "2018-01-31": "5.98270", "2017-01-31": "5.45500", "2016-01-31": "7.62620", "2015-01-31": "9.79560", "2014-01-31": "10.76560", "2013-01-31": "11.08460", "2012-01-31": "11.50090", "2011-01-31": "11.52580", "2010-01-31": "9.66730", "2009-01-31": "9.08670", "2008-01-31": "13.16080", "2007-01-31": "11.71240", "2006-01-31": "9.50410", "2005-01-31": "7.73720"}, "EBITDA Margin": {"2020-01-31": "10.55140", "2019-01-31": "9.02270", "2018-01-31": "9.75580", "2017-01-31": "10.64580", "2016-01-31": "11.17270", "2015-01-31": "12.99420", "2014-01-31": "13.92350", "2013-01-31": "14.10090", "2012-01-31": "14.49360", "2011-01-31": "14.34020", "2010-01-31": "12.80860", "2009-01-31": "12.36440", "2008-01-31": "15.72690", "2007-01-31": "14.58570", "2006-01-31": "12.65050", "2005-01-31": "11.00990"}, "Pre-Tax Profit Margin": {"2020-01-31": "4.39320", "2019-01-31": "4.62170", "2018-01-31": "5.10400", "2017-01-31": "4.63510", "2016-01-31": "6.76040", "2015-01-31": "8.77390", "2014-01-31": "9.48170", "2013-01-31": "9.76590", "2012-01-31": "10.30390", "2011-01-31": "10.21650", "2010-01-31": "8.06770", "2009-01-31": "7.55860", "2008-01-31": "12.91850", "2007-01-31": "12.76250", "2006-01-31": "11.45930", "2005-01-31": "9.07650"}, "Net Profit Margin": {"2020-01-31": "3.19510", "2019-01-31": "3.55610", "2018-01-31": "2.82340", "2017-01-31": "2.39890", "2016-01-31": "4.15600", "2015-01-31": "5.33100", "2014-01-31": "5.85330", "2013-01-31": "6.05740", "2012-01-31": "6.28910", "2011-01-31": "6.31960", "2010-01-31": "5.11190", "2009-01-31": "4.67750", "2008-01-31": "7.87440", "2007-01-31": "7.82370", "2006-01-31": "7.13450", "2005-01-31": "5.51720"}, "Asset Turnover": {"2020-01-31": "1.59430", "2019-01-31": "2.01120", "2018-01-31": "1.90730", "2017-01-31": "1.87800", "2016-01-31": "1.87540", "2015-01-31": "1.46090", "2014-01-31": "1.46260", "2013-01-31": "1.50010", "2012-01-31": "1.27900", "2011-01-31": "1.29990", "2010-01-31": "1.31130", "2009-01-31": "1.51440", "2008-01-31": "1.62140", "2007-01-31": "1.79720", "2006-01-31": "1.56930", "2005-01-31": "1.54850"}, "Inventory Turnover Ratio": {"2020-01-31": "5.17290", "2019-01-31": "5.13400", "2018-01-31": "4.87910", "2017-01-31": "4.97890", "2016-01-31": "4.71360", "2015-01-31": "4.85050", "2014-01-31": "5.05360", "2013-01-31": "5.46470", "2012-01-31": "5.74220", "2011-01-31": "6.03580", "2010-01-31": "5.93320", "2009-01-31": "6.01890", "2008-01-31": "5.78030", "2007-01-31": "5.37010", "2006-01-31": "5.11310", "2005-01-31": "4.97110"}, "Receiveable Turnover": {"2020-01-31": "86.72630", "2019-01-31": "107.16220", "2018-01-31": "106.74480", "2017-01-31": "74.15580", "2016-01-31": "73.65820", "2015-01-31": "5.85690", "2014-01-31": "5.76020", "2013-01-31": "5.69940", "2012-01-31": "5.34190", "2011-01-31": "4.78780", "2010-01-31": "4.23930", "2009-01-31": "4.41450", "2008-01-31": "5.07830", "2007-01-31": "12.66960", "2006-01-31": "12.07550", "2005-01-31": "11.04510"}, "Days Sales In Receivables": {"2020-01-31": "4.20860", "2019-01-31": "3.40610", "2018-01-31": "3.41940", "2017-01-31": "4.92210", "2016-01-31": "4.95530", "2015-01-31": "62.31970", "2014-01-31": "63.36560", "2013-01-31": "64.04200", "2012-01-31": "68.32830", "2011-01-31": "76.23610", "2010-01-31": "86.09890", "2009-01-31": "82.68170", "2008-01-31": "71.87440", "2007-01-31": "28.80910", "2006-01-31": "30.22640", "2005-01-31": "33.04640"}, "ROE - Return On Equity": {"2020-01-31": "50.66390", "2019-01-31": "64.60480", "2018-01-31": "44.72880", "2017-01-31": "40.68970", "2016-01-31": "68.88630", "2015-01-31": "29.50820", "2014-01-31": "35.28850", "2013-01-31": "38.42130", "2012-01-31": "34.91820", "2011-01-31": "30.33150", "2010-01-31": "28.05340", "2009-01-31": "33.14050", "2008-01-31": "64.12560", "2007-01-31": "31.25870", "2006-01-31": "26.32990", "2005-01-31": "21.99280"}, "Return On Tangible Equity": {"2020-01-31": "67.94520", "2019-01-31": "90.38460", "2018-01-31": "59.13400", "2017-01-31": "56.01270", "2016-01-31": "137.61470", "2015-01-31": "35.91020", "2014-01-31": "38.53020", "2013-01-31": "42.29000", "2012-01-31": "38.34920", "2011-01-31": "31.14840", "2010-01-31": "29.03230", "2009-01-31": "34.65860", "2008-01-31": "67.32580", "2007-01-31": "33.34970", "2006-01-31": "28.15580", "2005-01-31": "23.79820"}, "ROA - Return On Assets": {"2020-01-31": "5.09400", "2019-01-31": "7.15190", "2018-01-31": "5.38510", "2017-01-31": "4.50500", "2016-01-31": "7.79420", "2015-01-31": "7.78800", "2014-01-31": "8.56080", "2013-01-31": "9.08640", "2012-01-31": "8.04380", "2011-01-31": "8.21500", "2010-01-31": "6.70310", "2009-01-31": "7.08360", "2008-01-31": "12.76790", "2007-01-31": "14.06060", "2006-01-31": "11.19610", "2005-01-31": "8.54330"}, "ROI - Return On Investment": {"2020-01-31": "13.57050", "2019-01-31": "15.88730", "2018-01-31": "11.94640", "2017-01-31": "9.74400", "2016-01-31": "16.36660", "2015-01-31": "12.94270", "2014-01-31": "14.15350", "2013-01-31": "14.59200", "2012-01-31": "13.40000", "2011-01-31": "12.78150", "2010-01-31": "11.51740", "2009-01-31": "11.71150", "2008-01-31": "21.33690", "2007-01-31": "24.27500", "2006-01-31": "20.25400", "2005-01-31": "14.47570"}, "Book Value Per Share": {"2020-01-31": "6.29180", "2019-01-31": "5.53930", "2018-01-31": "5.85030", "2017-01-31": "5.11760", "2016-01-31": "5.02020", "2015-01-31": "12.83540", "2014-01-31": "10.87870", "2013-01-31": "9.71070", "2012-01-31": "9.42200", "2011-01-31": "9.27060", "2010-01-31": "7.22090", "2009-01-31": "5.61750", "2008-01-31": "5.04750", "2007-01-31": "8.43970", "2006-01-31": "7.76360", "2005-01-31": "6.59340"}, "Operating Cash Flow Per Share": {"2020-01-31": 0.2945, "2019-01-31": -0.6654, "2018-01-31": -1.153, "2017-01-31": -3.5513, "2016-01-31": 6.6915, "2015-01-31": -0.3751, "2014-01-31": 1.3067, "2013-01-31": -0.0364, "2012-01-31": 0.119, "2011-01-31": -0.4066, "2010-01-31": 1.8255, "2009-01-31": 2.6146, "2008-01-31": -3.0441, "2007-01-31": 1.5067, "2006-01-31": 0.6604, "2005-01-31": 2.131}, "Free Cash Flow Per Share": {"2020-01-31": -1.8482, "2019-01-31": -0.1844, "2018-01-31": -0.6632, "2017-01-31": -2.6773, "2016-01-31": 5.4471, "2015-01-31": -0.7608, "2014-01-31": -0.2731, "2013-01-31": -0.1711, "2012-01-31": -0.4358, "2011-01-31": -0.5604, "2010-01-31": 2.7553, "2009-01-31": 2.0598, "2008-01-31": -4.0641, "2007-01-31": 1.4915, "2006-01-31": 0.5303, "2005-01-31": 1.2827}}, "financial ratios, quarterly": {"Current Ratio": {"2020-10-31": "0.88920", "2020-07-31": "0.93490", "2020-04-30": "0.96530", "2020-01-31": "0.91760", "2019-10-31": "0.89750", "2019-07-31": "0.78710", "2019-04-30": "0.76000", "2019-01-31": "0.99790", "2018-10-31": "1.11840", "2018-07-31": "1.10330", "2018-04-30": "1.09460", "2018-01-31": "1.06510", "2017-10-31": "1.00230", "2017-07-31": "1.00640", "2017-04-30": "1.00760", "2017-01-31": "1.07030", "2016-10-31": "1.04440", "2016-07-31": "1.00870", "2016-04-30": "1.01910", "2016-01-31": "1.03540", "2015-10-31": "1.21890", "2015-07-31": "1.57180", "2015-04-30": "1.83660", "2015-01-31": "1.86570", "2014-10-31": "1.77430", "2014-07-31": "1.89820", "2014-04-30": "1.97910", "2014-01-31": "2.05750", "2013-10-31": "1.73140", "2013-07-31": "1.78790", "2013-04-30": "2.20620", "2013-01-31": "2.28260", "2012-10-31": "2.15880", "2012-07-31": "2.15330", "2012-04-30": "2.41100", "2012-01-31": "2.15920", "2011-10-31": "1.90960", "2011-07-31": "1.84540", "2011-04-30": "1.95060", "2011-01-31": "2.56730", "2010-10-31": "2.43230", "2010-07-31": "2.39720", "2010-04-30": "2.50660", "2010-01-31": "2.01290", "2009-10-31": "1.89820", "2009-07-31": "1.89520", "2009-04-30": "1.81430", "2009-01-31": "2.00940", "2008-10-31": "1.74770", "2008-07-31": "1.88460", "2008-04-30": "1.96030", "2008-01-31": "2.05570", "2007-10-31": "1.87390", "2007-07-31": "2.24730", "2007-04-30": "2.60270", "2007-01-31": "1.91350", "2006-10-31": "1.71540", "2006-07-31": "1.65740", "2006-04-30": "1.78630", "2006-01-31": "1.77060", "2005-10-31": "1.67550", "2005-07-31": "2.04010", "2005-04-30": "2.11190", "2005-01-31": "1.91810"}, "Long-term Debt / Capital": {"2020-10-31": "0.91650", "2020-07-31": "0.94940", "2020-04-30": "0.89160", "2020-01-31": "0.73210", "2019-10-31": "0.75890", "2019-07-31": "0.74160", "2019-04-30": "0.76980", "2019-01-31": "0.75410", "2018-10-31": "0.69000", "2018-07-31": "0.70160", "2018-04-30": "0.71470", "2018-01-31": "0.73290", "2017-10-31": "0.75840", "2017-07-31": "0.77660", "2017-04-30": "0.80130", "2017-01-31": "0.76050", "2016-10-31": "0.76290", "2016-07-31": "0.74740", "2016-04-30": "0.76030", "2016-01-31": "0.76240", "2015-10-31": "0.66540", "2015-07-31": "0.52990", "2015-04-30": "0.55120", "2015-01-31": "0.56140", "2014-10-31": "0.57830", "2014-07-31": "0.59690", "2014-04-30": "0.60440", "2014-01-31": "0.59890", "2013-10-31": "0.57690", "2013-07-31": "0.57210", "2013-04-30": "0.62290", "2013-01-31": "0.62020", "2012-10-31": "0.62420", "2012-07-31": "0.63050", "2012-04-30": "0.60100", "2012-01-31": "0.61620", "2011-10-31": "0.59710", "2011-07-31": "0.53410", "2011-04-30": "0.51610", "2011-01-31": "0.57860", "2010-10-31": "0.60000", "2010-07-31": "0.60690", "2010-04-30": "0.61930", "2010-01-31": "0.58940", "2009-10-31": "0.61240", "2009-07-31": "0.62480", "2009-04-30": "0.61110", "2009-01-31": "0.64660", "2008-10-31": "0.65590", "2008-07-31": "0.66430", "2008-04-30": "0.67870", "2008-01-31": "0.66730", "2007-10-31": "0.57790", "2007-07-31": "0.43910", "2007-04-30": "0.38880", "2007-01-31": "0.22340", "2006-10-31": "0.24150", "2006-07-31": "0.25310", "2006-04-30": "0.23550", "2006-01-31": "0.23080", "2005-10-31": "0.24340", "2005-07-31": "0.31400", "2005-04-30": "0.32900", "2005-01-31": "0.34180"}, "Debt/Equity Ratio": {"2020-10-31": "13.75400", "2020-07-31": "21.64370", "2020-04-30": "10.23680", "2020-01-31": "2.73340", "2019-10-31": "3.14810", "2019-07-31": "3.52830", "2019-04-30": "4.11060", "2019-01-31": "3.07560", "2018-10-31": "2.23280", "2018-07-31": "2.39820", "2018-04-30": "2.55700", "2018-01-31": "2.80140", "2017-10-31": "3.20610", "2017-07-31": "3.49040", "2017-04-30": "4.05020", "2017-01-31": "3.18850", "2016-10-31": "3.23020", "2016-07-31": "2.96910", "2016-04-30": "3.18400", "2016-01-31": "3.22040", "2015-10-31": "1.99500", "2015-07-31": "1.26090", "2015-04-30": "1.23130", "2015-01-31": "1.28320", "2014-10-31": "1.37510", "2014-07-31": "1.48410", "2014-04-30": "1.53090", "2014-01-31": "1.49660", "2013-10-31": "1.56840", "2013-07-31": "1.53720", "2013-04-30": "1.65570", "2013-01-31": "1.63670", "2012-10-31": "1.66400", "2012-07-31": "1.70970", "2012-04-30": "1.50890", "2012-01-31": "1.86450", "2011-10-31": "1.74890", "2011-07-31": "1.39890", "2011-04-30": "1.30370", "2011-01-31": "1.37610", "2010-10-31": "1.50290", "2010-07-31": "1.54700", "2010-04-30": "1.63050", "2010-01-31": "1.66220", "2009-10-31": "1.82870", "2009-07-31": "1.94180", "2009-04-30": "1.96390", "2009-01-31": "2.07690", "2008-10-31": "2.35970", "2008-07-31": "2.27900", "2008-04-30": "2.35820", "2008-01-31": "2.23950", "2007-10-31": "1.59860", "2007-07-31": "0.78700", "2007-04-30": "0.63910", "2007-01-31": "0.29090", "2006-10-31": "0.37280", "2006-07-31": "0.50550", "2006-04-30": "0.45930", "2006-01-31": "0.44650", "2005-10-31": "0.47920", "2005-07-31": "0.46010", "2005-04-30": "0.54340", "2005-01-31": "0.57580"}, "Gross Margin": {"2020-10-31": "34.63900", "2020-07-31": "24.48980", "2020-04-30": "14.58240", "2020-01-31": "36.43380", "2019-10-31": "36.16560", "2019-07-31": "36.05370", "2019-04-30": "35.28900", "2019-01-31": "36.59680", "2018-10-31": "35.03200", "2018-07-31": "36.34130", "2018-04-30": "35.74840", "2018-01-31": "36.85670", "2017-10-31": "36.20830", "2017-07-31": "35.38100", "2017-04-30": "35.74840", "2017-01-31": "36.96410", "2016-10-31": "36.16600", "2016-07-31": "35.38760", "2016-04-30": "35.36470", "2016-01-31": "35.60700", "2015-10-31": "35.63700", "2015-07-31": "37.12510", "2015-04-30": "37.82270", "2015-01-31": "38.33790", "2014-10-31": "37.54780", "2014-07-31": "37.20520", "2014-04-30": "37.83690", "2014-01-31": "38.85750", "2013-10-31": "37.89880", "2013-07-31": "37.29660", "2013-04-30": "39.14150", "2013-01-31": "39.45380", "2012-10-31": "38.32440", "2012-07-31": "37.49170", "2012-04-30": "39.65710", "2012-01-31": "39.27360", "2011-10-31": "39.02340", "2011-07-31": "38.68330", "2011-04-30": "40.37880", "2011-01-31": "39.71190", "2010-10-31": "39.00090", "2010-07-31": "37.77340", "2010-04-30": "40.44080", "2010-01-31": "39.65910", "2009-10-31": "38.35970", "2009-07-31": "36.46950", "2009-04-30": "38.22540", "2009-01-31": "34.40910", "2008-10-31": "36.93450", "2008-07-31": "36.92240", "2008-04-30": "39.50740", "2008-01-31": "43.27550", "2007-10-31": "37.66500", "2007-07-31": "36.65270", "2007-04-30": "37.81990", "2007-01-31": "40.63890", "2006-10-31": "38.03100", "2006-07-31": "36.28480", "2006-04-30": "37.16490", "2006-01-31": "37.46110", "2005-10-31": "36.47240", "2005-07-31": "36.02870", "2005-04-30": "36.76750", "2005-01-31": "36.64580"}, "Operating Margin": {"2020-10-31": "3.43150", "2020-07-31": "-19.87110", "2020-04-30": "-38.36720", "2020-01-31": "6.56820", "2019-10-31": "5.25600", "2019-07-31": "5.57850", "2019-04-30": "2.23640", "2019-01-31": "7.42640", "2018-10-31": "2.80150", "2018-07-31": "6.04870", "2018-04-30": "4.29650", "2018-01-31": "7.44360", "2017-10-31": "5.73160", "2017-07-31": "5.72110", "2017-04-30": "4.50210", "2017-01-31": "9.80300", "2016-10-31": "1.55280", "2016-07-31": "6.05310", "2016-04-30": "3.26250", "2016-01-31": "7.72720", "2015-10-31": "4.65750", "2015-07-31": "10.18640", "2015-04-30": "7.62050", "2015-01-31": "11.50140", "2014-10-31": "8.34390", "2014-07-31": "9.75830", "2014-04-30": "9.04130", "2014-01-31": "13.12320", "2013-10-31": "8.77250", "2013-07-31": "10.48190", "2013-04-30": "10.00360", "2013-01-31": "13.46670", "2012-10-31": "9.87520", "2012-07-31": "9.64740", "2012-04-30": "10.66670", "2012-01-31": "12.83470", "2011-10-31": "9.68520", "2011-07-31": "11.38790", "2011-04-30": "11.70900", "2011-01-31": "13.92320", "2010-10-31": "10.12830", "2010-07-31": "10.81510", "2010-04-30": "10.49350", "2010-01-31": "11.74240", "2009-10-31": "8.76210", "2009-07-31": "9.22940", "2009-04-30": "8.14730", "2009-01-31": "6.53810", "2008-10-31": "6.75890", "2008-07-31": "11.40310", "2008-04-30": "11.64700", "2008-01-31": "20.28200", "2007-10-31": "9.59390", "2007-07-31": "10.04180", "2007-04-30": "10.49130", "2007-01-31": "15.60360", "2006-10-31": "9.28210", "2006-07-31": "10.75920", "2006-04-30": "9.51200", "2006-01-31": "11.21430", "2005-10-31": "7.55700", "2005-07-31": "9.86150", "2005-04-30": "8.63640", "2005-01-31": "9.72180"}, "EBIT Margin": {"2020-10-31": "3.43150", "2020-07-31": "-19.87110", "2020-04-30": "-38.36720", "2020-01-31": "6.56820", "2019-10-31": "5.25600", "2019-07-31": "5.57850", "2019-04-30": "2.23640", "2019-01-31": "7.42640", "2018-10-31": "2.80150", "2018-07-31": "6.04870", "2018-04-30": "4.29650", "2018-01-31": "7.44360", "2017-10-31": "5.73160", "2017-07-31": "5.72110", "2017-04-30": "4.50210", "2017-01-31": "9.80300", "2016-10-31": "1.55280", "2016-07-31": "6.05310", "2016-04-30": "3.26250", "2016-01-31": "7.72720", "2015-10-31": "4.65750", "2015-07-31": "10.18640", "2015-04-30": "7.62050", "2015-01-31": "11.50140", "2014-10-31": "8.34390", "2014-07-31": "9.75830", "2014-04-30": "9.04130", "2014-01-31": "13.12320", "2013-10-31": "8.77250", "2013-07-31": "10.48190", "2013-04-30": "10.00360", "2013-01-31": "13.46670", "2012-10-31": "9.87520", "2012-07-31": "9.64740", "2012-04-30": "10.66670", "2012-01-31": "12.83470", "2011-10-31": "9.68520", "2011-07-31": "11.38790", "2011-04-30": "11.70900", "2011-01-31": "13.92320", "2010-10-31": "10.12830", "2010-07-31": "10.81510", "2010-04-30": "10.49350", "2010-01-31": "11.74240", "2009-10-31": "8.76210", "2009-07-31": "9.22940", "2009-04-30": "8.14730", "2009-01-31": "6.53810", "2008-10-31": "6.75890", "2008-07-31": "11.40310", "2008-04-30": "11.64700", "2008-01-31": "20.28200", "2007-10-31": "9.59390", "2007-07-31": "10.04180", "2007-04-30": "10.49130", "2007-01-31": "15.60360", "2006-10-31": "9.28210", "2006-07-31": "10.75920", "2006-04-30": "9.51200", "2006-01-31": "11.21430", "2005-10-31": "7.55700", "2005-07-31": "9.86150", "2005-04-30": "8.63640", "2005-01-31": "9.72180"}, "EBITDA Margin": {"2020-10-31": "", "2020-07-31": "", "2020-04-30": "", "2020-01-31": "", "2019-10-31": "", "2019-07-31": "", "2019-04-30": "", "2019-01-31": "", "2018-10-31": "", "2018-07-31": "", "2018-04-30": "", "2018-01-31": "", "2017-10-31": "", "2017-07-31": "", "2017-04-30": "", "2017-01-31": "", "2016-10-31": "", "2016-07-31": "", "2016-04-30": "", "2016-01-31": "", "2015-10-31": "", "2015-07-31": "", "2015-04-30": "", "2015-01-31": "", "2014-10-31": "", "2014-07-31": "", "2014-04-30": "", "2014-01-31": "", "2013-10-31": "", "2013-07-31": "", "2013-04-30": "", "2013-01-31": "", "2012-10-31": "", "2012-07-31": "", "2012-04-30": "", "2012-01-31": "", "2011-10-31": "", "2011-07-31": "", "2011-04-30": "", "2011-01-31": "", "2010-10-31": "", "2010-07-31": "", "2010-04-30": "", "2010-01-31": "", "2009-10-31": "", "2009-07-31": "", "2009-04-30": "", "2009-01-31": "", "2008-10-31": "", "2008-07-31": "", "2008-04-30": "", "2008-01-31": "", "2007-10-31": "", "2007-07-31": "", "2007-04-30": "", "2007-01-31": "", "2006-10-31": "", "2006-07-31": "", "2006-04-30": "", "2006-01-31": "", "2005-10-31": "", "2005-07-31": "", "2005-04-30": "", "2005-01-31": ""}, "Pre-Tax Profit Margin": {"2020-10-31": "1.87760", "2020-07-31": "-22.61010", "2020-04-30": "-39.97170", "2020-01-31": "5.79680", "2019-10-31": "4.71130", "2019-07-31": "4.98450", "2019-04-30": "1.53940", "2019-01-31": "6.91350", "2018-10-31": "2.13450", "2018-07-31": "5.36020", "2018-04-30": "3.51030", "2018-01-31": "6.78430", "2017-10-31": "4.96000", "2017-07-31": "4.95650", "2017-04-30": "3.07100", "2017-01-31": "9.10780", "2016-10-31": "0.70580", "2016-07-31": "5.23140", "2016-04-30": "2.30840", "2016-01-31": "7.01170", "2015-10-31": "3.75600", "2015-07-31": "9.32180", "2015-04-30": "6.59410", "2015-01-31": "10.66040", "2014-10-31": "7.26110", "2014-07-31": "8.72640", "2014-04-30": "7.84720", "2014-01-31": "11.77580", "2013-10-31": "7.55890", "2013-07-31": "9.32420", "2013-04-30": "8.58490", "2013-01-31": "12.33100", "2012-10-31": "8.52050", "2012-07-31": "8.31670", "2012-04-30": "9.14290", "2012-01-31": "11.66510", "2011-10-31": "8.43420", "2011-07-31": "10.32030", "2011-04-30": "10.37450", "2011-01-31": "12.79150", "2010-10-31": "8.70760", "2010-07-31": "9.54270", "2010-04-30": "9.00810", "2010-01-31": "10.49240", "2009-10-31": "6.82630", "2009-07-31": "7.61650", "2009-04-30": "6.41740", "2009-01-31": "5.15510", "2008-10-31": "5.00270", "2008-07-31": "9.96180", "2008-04-30": "10.05640", "2008-01-31": "12.79830", "2007-10-31": "13.80710", "2007-07-31": "12.25940", "2007-04-30": "12.99900", "2007-01-31": "13.86560", "2006-10-31": "11.81400", "2006-07-31": "12.87620", "2006-04-30": "11.92280", "2006-01-31": "13.38070", "2005-10-31": "9.78390", "2005-07-31": "11.47880", "2005-04-30": "10.45530", "2005-01-31": "11.25890"}, "Net Profit Margin": {"2020-10-31": "1.71580", "2020-07-31": "-13.69500", "2020-04-30": "-24.58710", "2020-01-31": "4.23190", "2019-10-31": "3.43140", "2019-07-31": "3.64150", "2019-04-30": "1.07460", "2019-01-31": "5.53080", "2018-10-31": "1.78760", "2018-07-31": "3.98330", "2018-04-30": "2.44310", "2018-01-31": "3.19010", "2017-10-31": "3.14140", "2017-07-31": "2.90010", "2017-04-30": "1.87840", "2017-01-31": "4.65820", "2016-10-31": "-0.28230", "2016-07-31": "3.20460", "2016-04-30": "1.41580", "2016-01-31": "4.29290", "2015-10-31": "2.43390", "2015-07-31": "5.70120", "2015-04-30": "3.98130", "2015-01-31": "6.30720", "2014-10-31": "4.52230", "2014-07-31": "5.39500", "2014-04-30": "4.77650", "2014-01-31": "7.22180", "2013-10-31": "4.75030", "2013-07-31": "5.75720", "2013-04-30": "5.27460", "2013-01-31": "7.67980", "2012-10-31": "5.20500", "2012-07-31": "5.18960", "2012-04-30": "5.67620", "2012-01-31": "7.26380", "2011-10-31": "5.12510", "2011-07-31": "6.22780", "2011-04-30": "6.24190", "2011-01-31": "7.95610", "2010-10-31": "5.45370", "2010-07-31": "5.80520", "2010-04-30": "5.55820", "2010-01-31": "6.51520", "2009-10-31": "4.22820", "2009-07-31": "4.70430", "2009-04-30": "4.52010", "2009-01-31": "2.85000", "2008-10-31": "3.77860", "2008-07-31": "6.06190", "2008-04-30": "6.10570", "2008-01-31": "7.66450", "2007-10-31": "8.42640", "2007-07-31": "7.53140", "2007-04-30": "8.03480", "2007-01-31": "8.49140", "2006-10-31": "7.24710", "2006-07-31": "7.87300", "2006-04-30": "7.34270", "2006-01-31": "8.27940", "2005-10-31": "6.44930", "2005-07-31": "7.06970", "2005-04-30": "6.31850", "2005-01-31": "6.66460"}, "Asset Turnover": {"2020-10-31": "0.31490", "2020-07-31": "0.19530", "2020-04-30": "0.21260", "2020-01-31": "0.46600", "2019-10-31": "0.36450", "2019-07-31": "0.38970", "2019-04-30": "0.36870", "2019-01-31": "0.56860", "2018-10-31": "0.43040", "2018-07-31": "0.47900", "2018-04-30": "0.44420", "2018-01-31": "0.57940", "2017-10-31": "0.44330", "2017-07-31": "0.46480", "2017-04-30": "0.43160", "2017-01-31": "0.54910", "2016-10-31": "0.44460", "2016-07-31": "0.44910", "2016-04-30": "0.42200", "2016-01-31": "0.54470", "2015-10-31": "0.38760", "2015-07-31": "0.38150", "2015-04-30": "0.33620", "2015-01-31": "0.43730", "2014-10-31": "0.33880", "2014-07-31": "0.38090", "2014-04-30": "0.33950", "2014-01-31": "0.43280", "2013-10-31": "0.33590", "2013-07-31": "0.37390", "2013-04-30": "0.33790", "2013-01-31": "0.45720", "2012-10-31": "0.33940", "2012-07-31": "0.36450", "2012-04-30": "0.31790", "2012-01-31": "0.38260", "2011-10-31": "0.29720", "2011-07-31": "0.36320", "2011-04-30": "0.29990", "2011-01-31": "0.39080", "2010-10-31": "0.29560", "2010-07-31": "0.34470", "2010-04-30": "0.30000", "2010-01-31": "0.40130", "2009-10-31": "0.30130", "2009-07-31": "0.35210", "2009-04-30": "0.31110", "2009-01-31": "0.42150", "2008-10-31": "0.30990", "2008-07-31": "0.40610", "2008-04-30": "0.34890", "2008-01-31": "0.49390", "2007-10-31": "0.35900", "2007-07-31": "0.42940", "2007-04-30": "0.33510", "2007-01-31": "0.56740", "2006-10-31": "0.39760", "2006-07-31": "0.47370", "2006-04-30": "0.37340", "2006-01-31": "0.46650", "2005-10-31": "0.34790", "2005-07-31": "0.42850", "2005-04-30": "0.35810", "2005-01-31": "0.45610"}, "Inventory Turnover Ratio": {"2020-10-31": "1.08550", "2020-07-31": "0.95910", "2020-04-30": "1.21560", "2020-01-31": "1.50210", "2019-10-31": "0.92210", "2019-07-31": "1.28160", "2019-04-30": "1.11070", "2019-01-31": "1.43730", "2018-10-31": "0.93150", "2018-07-31": "1.25380", "2018-04-30": "1.07920", "2018-01-31": "1.46470", "2017-10-31": "0.95110", "2017-07-31": "1.18010", "2017-04-30": "0.99770", "2017-01-31": "1.43460", "2016-10-31": "0.93780", "2016-07-31": "1.16090", "2016-04-30": "0.98820", "2016-01-31": "1.38820", "2015-10-31": "0.89180", "2015-07-31": "1.16120", "2015-04-30": "0.99110", "2015-01-31": "1.43850", "2014-10-31": "0.88020", "2014-07-31": "1.18010", "2014-04-30": "1.07300", "2014-01-31": "1.48200", "2013-10-31": "0.99780", "2013-07-31": "1.36890", "2013-04-30": "1.12660", "2013-01-31": "1.64630", "2012-10-31": "1.04850", "2012-07-31": "1.34790", "2012-04-30": "1.15450", "2012-01-31": "1.71860", "2011-10-31": "1.00270", "2011-07-31": "1.49570", "2011-04-30": "1.20540", "2011-01-31": "1.79940", "2010-10-31": "1.01840", "2010-07-31": "1.48340", "2010-04-30": "1.16490", "2010-01-31": "1.77390", "2009-10-31": "1.01430", "2009-07-31": "1.52640", "2009-04-30": "1.10260", "2009-01-31": "1.73890", "2008-10-31": "0.92720", "2008-07-31": "1.48800", "2008-04-30": "1.09270", "2008-01-31": "1.64120", "2007-10-31": "0.98870", "2007-07-31": "1.43780", "2007-04-30": "1.09950", "2007-01-31": "1.62910", "2006-10-31": "0.94450", "2006-07-31": "1.46770", "2006-04-30": "1.04100", "2006-01-31": "1.50200", "2005-10-31": "0.90740", "2005-07-31": "1.36200", "2005-04-30": "1.02900", "2005-01-31": "1.45080"}, "Receiveable Turnover": {"2020-10-31": "12.06640", "2020-07-31": "12.75340", "2020-04-30": "13.75970", "2020-01-31": "25.34640", "2019-10-31": "15.69230", "2019-07-31": "18.35070", "2019-04-30": "14.77680", "2019-01-31": "30.29730", "2018-10-31": "19.72630", "2018-07-31": "20.33500", "2018-04-30": "19.14520", "2018-01-31": "32.42760", "2017-10-31": "17.19910", "2017-07-31": "11.85310", "2017-04-30": "16.04790", "2017-01-31": "21.68340", "2016-10-31": "16.39820", "2016-07-31": "13.88210", "2016-04-30": "14.50450", "2016-01-31": "21.39290", "2015-10-31": "15.47910", "2015-07-31": "1.40620", "2015-04-30": "1.41880", "2015-01-31": "1.75330", "2014-10-31": "1.39370", "2014-07-31": "1.38220", "2014-04-30": "1.35260", "2014-01-31": "1.70460", "2013-10-31": "1.34390", "2013-07-31": "1.34910", "2013-04-30": "1.31720", "2013-01-31": "1.73700", "2012-10-31": "1.34340", "2012-07-31": "1.30870", "2012-04-30": "1.30730", "2012-01-31": "1.59810", "2011-10-31": "1.24210", "2011-07-31": "1.27500", "2011-04-30": "1.17980", "2011-01-31": "1.43930", "2010-10-31": "1.08290", "2010-07-31": "1.16810", "2010-04-30": "1.06260", "2010-01-31": "1.29730", "2009-10-31": "0.97370", "2009-07-31": "1.06180", "2009-04-30": "0.93280", "2009-01-31": "1.22860", "2008-10-31": "0.97970", "2008-07-31": "1.15350", "2008-04-30": "1.07920", "2008-01-31": "1.54700", "2007-10-31": "1.13610", "2007-07-31": "1.32560", "2007-04-30": "1.21970", "2007-01-31": "4.00030", "2006-10-31": "2.80360", "2006-07-31": "3.23180", "2006-04-30": "2.88680", "2006-01-31": "3.58990", "2005-10-31": "2.65790", "2005-07-31": "3.00110", "2005-04-30": "2.62700", "2005-01-31": "3.25300"}, "Days Sales In Receivables": {"2020-10-31": "7.45870", "2020-07-31": "7.05690", "2020-04-30": "6.54080", "2020-01-31": "3.55080", "2019-10-31": "5.73530", "2019-07-31": "4.90440", "2019-04-30": "6.09060", "2019-01-31": "2.97060", "2018-10-31": "4.56240", "2018-07-31": "4.42590", "2018-04-30": "4.70090", "2018-01-31": "2.77540", "2017-10-31": "5.23280", "2017-07-31": "7.59290", "2017-04-30": "5.60820", "2017-01-31": "4.15060", "2016-10-31": "5.48840", "2016-07-31": "6.48320", "2016-04-30": "6.20500", "2016-01-31": "4.20700", "2015-10-31": "5.81430", "2015-07-31": "64.00430", "2015-04-30": "63.43390", "2015-01-31": "51.33320", "2014-10-31": "64.57640", "2014-07-31": "65.11200", "2014-04-30": "66.54040", "2014-01-31": "52.79710", "2013-10-31": "66.96950", "2013-07-31": "66.71150", "2013-04-30": "68.32670", "2013-01-31": "51.81450", "2012-10-31": "66.99470", "2012-07-31": "68.77250", "2012-04-30": "68.84570", "2012-01-31": "56.31580", "2011-10-31": "72.45760", "2011-07-31": "70.59070", "2011-04-30": "76.28500", "2011-01-31": "62.53090", "2010-10-31": "83.11180", "2010-07-31": "77.04570", "2010-04-30": "84.69570", "2010-01-31": "69.37500", "2009-10-31": "92.43000", "2009-07-31": "84.75810", "2009-04-30": "96.47880", "2009-01-31": "73.25230", "2008-10-31": "91.86800", "2008-07-31": "78.02040", "2008-04-30": "83.39660", "2008-01-31": "58.17790", "2007-10-31": "79.21830", "2007-07-31": "67.89540", "2007-04-30": "73.78710", "2007-01-31": "22.49830", "2006-10-31": "32.10150", "2006-07-31": "27.84810", "2006-04-30": "31.17610", "2006-01-31": "25.07020", "2005-10-31": "33.86160", "2005-07-31": "29.98870", "2005-04-30": "34.25920", "2005-01-31": "27.66680"}, "ROE - Return On Equity": {"2020-10-31": "21.03180", "2020-07-31": "-146.55170", "2020-04-30": "-131.23430", "2020-01-31": "19.61190", "2019-10-31": "14.80610", "2019-07-31": "18.57710", "2019-04-30": "5.68360", "2019-01-31": "28.40780", "2018-10-31": "5.56940", "2018-07-31": "14.21050", "2018-04-30": "8.13080", "2018-01-31": "15.35310", "2017-10-31": "13.34900", "2017-07-31": "14.01270", "2017-04-30": "9.30580", "2017-01-31": "23.10350", "2016-10-31": "-1.16280", "2016-07-31": "12.48670", "2016-04-30": "5.25710", "2016-01-31": "20.66590", "2015-10-31": "5.75280", "2015-07-31": "8.47050", "2015-04-30": "5.00980", "2015-01-31": "10.45080", "2014-10-31": "6.24450", "2014-07-31": "8.71010", "2014-04-30": "6.87620", "2014-01-31": "12.88460", "2013-10-31": "6.89130", "2013-07-31": "9.05960", "2013-04-30": "7.68010", "2013-01-31": "14.84580", "2012-10-31": "7.74950", "2012-07-31": "8.49670", "2012-04-30": "7.15310", "2012-01-31": "12.06540", "2011-10-31": "6.69830", "2011-07-31": "8.73690", "2011-04-30": "6.79480", "2011-01-31": "11.47950", "2010-10-31": "6.36020", "2010-07-31": "8.06630", "2010-04-30": "6.84770", "2010-01-31": "10.94150", "2009-10-31": "5.80420", "2009-07-31": "7.73770", "2009-04-30": "6.35790", "2009-01-31": "5.61980", "2008-10-31": "6.11020", "2008-07-31": "12.66610", "2008-04-30": "11.24760", "2008-01-31": "19.01350", "2007-10-31": "12.69110", "2007-07-31": "9.44390", "2007-04-30": "6.77020", "2007-01-31": "10.71190", "2006-10-31": "6.91640", "2006-07-31": "9.69190", "2006-04-30": "6.46960", "2006-01-31": "9.08360", "2005-10-31": "5.51300", "2005-07-31": "7.37700", "2005-04-30": "5.52250", "2005-01-31": "7.82450"}, "Return On Tangible Equity": {"2020-10-31": "1766.66700", "2020-07-31": "340.00000", "2020-04-30": "-352.02700", "2020-01-31": "26.30140", "2019-10-31": "20.93020", "2019-07-31": "27.64710", "2019-04-30": "9.20400", "2019-01-31": "39.74360", "2018-10-31": "7.02310", "2018-07-31": "18.18180", "2018-04-30": "10.59680", "2018-01-31": "20.29770", "2017-10-31": "18.50650", "2017-07-31": "20.10970", "2017-04-30": "14.35080", "2017-01-31": "31.80380", "2016-10-31": "-1.60770", "2016-07-31": "23.30680", "2016-04-30": "10.45460", "2016-01-31": "41.28440", "2015-10-31": "8.42870", "2015-07-31": "10.32290", "2015-04-30": "6.07210", "2015-01-31": "12.71820", "2014-10-31": "7.72580", "2014-07-31": "9.50160", "2014-04-30": "7.52280", "2014-01-31": "14.06820", "2013-10-31": "7.55650", "2013-07-31": "9.91380", "2013-04-30": "8.46470", "2013-01-31": "16.34060", "2012-10-31": "8.54300", "2012-07-31": "9.39190", "2012-04-30": "7.80920", "2012-01-31": "13.25100", "2011-10-31": "7.48820", "2011-07-31": "9.70600", "2011-04-30": "7.49740", "2011-01-31": "11.78860", "2010-10-31": "6.54570", "2010-07-31": "8.30960", "2010-04-30": "7.06890", "2010-01-31": "11.32320", "2009-10-31": "6.02760", "2009-07-31": "8.05210", "2009-04-30": "6.63390", "2009-01-31": "5.87730", "2008-10-31": "6.40220", "2008-07-31": "13.29000", "2008-04-30": "11.84080", "2008-01-31": "19.96230", "2007-10-31": "13.22710", "2007-07-31": "9.71400", "2007-04-30": "7.18860", "2007-01-31": "11.42850", "2006-10-31": "7.43050", "2006-07-31": "9.82070", "2006-04-30": "6.93350", "2006-01-31": "9.71360", "2005-10-31": "5.92550", "2005-07-31": "7.90870", "2005-04-30": "5.94900", "2005-01-31": "8.46680"}, "ROA - Return On Assets": {"2020-10-31": "0.54020", "2020-07-31": "-2.67440", "2020-04-30": "-5.22620", "2020-01-31": "1.97190", "2019-10-31": "1.25060", "2019-07-31": "1.41920", "2019-04-30": "0.39620", "2019-01-31": "3.14480", "2018-10-31": "0.76930", "2018-07-31": "1.90810", "2018-04-30": "1.08530", "2018-01-31": "1.84840", "2017-10-31": "1.39260", "2017-07-31": "1.34790", "2017-04-30": "0.81070", "2017-01-31": "2.55790", "2016-10-31": "-0.12550", "2016-07-31": "1.43910", "2016-04-30": "0.59750", "2016-01-31": "2.33830", "2015-10-31": "0.94340", "2015-07-31": "2.17530", "2015-04-30": "1.33860", "2015-01-31": "2.75820", "2014-10-31": "1.53200", "2014-07-31": "2.05480", "2014-04-30": "1.62170", "2014-01-31": "3.12570", "2013-10-31": "1.59580", "2013-07-31": "2.15260", "2013-04-30": "1.78240", "2013-01-31": "3.51090", "2012-10-31": "1.76650", "2012-07-31": "1.89180", "2012-04-30": "1.80430", "2012-01-31": "2.77940", "2011-10-31": "1.52300", "2011-07-31": "2.26220", "2011-04-30": "1.87170", "2011-01-31": "3.10910", "2010-10-31": "1.61200", "2010-07-31": "2.00110", "2010-04-30": "1.66760", "2010-01-31": "2.61440", "2009-10-31": "1.27380", "2009-07-31": "1.65620", "2009-04-30": "1.40630", "2009-01-31": "1.20120", "2008-10-31": "1.17080", "2008-07-31": "2.46170", "2008-04-30": "2.13030", "2008-01-31": "3.78570", "2007-10-31": "3.02530", "2007-07-31": "3.23390", "2007-04-30": "2.69250", "2007-01-31": "4.81840", "2006-10-31": "2.88150", "2006-07-31": "3.72970", "2006-04-30": "2.74160", "2006-01-31": "3.86260", "2005-10-31": "2.24350", "2005-07-31": "3.02900", "2005-04-30": "2.26290", "2005-01-31": "3.03950"}, "ROI - Return On Investment": {"2020-10-31": "1.75550", "2020-07-31": "-7.41280", "2020-04-30": "-14.23110", "2020-01-31": "5.25310", "2019-10-31": "3.56940", "2019-07-31": "4.80080", "2019-04-30": "1.30830", "2019-01-31": "6.98590", "2018-10-31": "1.72640", "2018-07-31": "4.24080", "2018-04-30": "2.32000", "2018-01-31": "4.10060", "2017-10-31": "3.22490", "2017-07-31": "3.13030", "2017-04-30": "1.84860", "2017-01-31": "5.53260", "2016-10-31": "-0.27570", "2016-07-31": "3.15450", "2016-04-30": "1.25990", "2016-01-31": "4.91000", "2015-10-31": "1.92490", "2015-07-31": "3.98190", "2015-04-30": "2.24840", "2015-01-31": "4.58390", "2014-10-31": "2.63300", "2014-07-31": "3.51110", "2014-04-30": "2.72060", "2014-01-31": "5.16780", "2013-10-31": "2.91550", "2013-07-31": "3.87690", "2013-04-30": "2.89590", "2013-01-31": "5.63830", "2012-10-31": "2.91240", "2012-07-31": "3.13950", "2012-04-30": "2.85440", "2012-01-31": "4.63020", "2011-10-31": "2.69870", "2011-07-31": "4.07070", "2011-04-30": "3.28800", "2011-01-31": "4.83740", "2010-10-31": "2.54440", "2010-07-31": "3.17120", "2010-04-30": "2.60670", "2010-01-31": "4.49200", "2009-10-31": "2.24990", "2009-07-31": "2.90300", "2009-04-30": "2.47250", "2009-01-31": "1.98600", "2008-10-31": "2.10250", "2008-07-31": "4.25220", "2008-04-30": "3.61370", "2008-01-31": "6.32650", "2007-10-31": "5.35660", "2007-07-31": "5.29720", "2007-04-30": "4.13810", "2007-01-31": "8.31870", "2006-10-31": "5.24600", "2006-07-31": "7.23930", "2006-04-30": "4.94580", "2006-01-31": "6.98750", "2005-10-31": "4.17120", "2005-07-31": "5.06070", "2005-04-30": "3.70550", "2005-01-31": "5.15010"}, "Book Value Per Share": {"2020-10-31": "1.59800", "2020-07-31": "1.10760", "2020-04-30": "2.52870", "2020-01-31": "6.29180", "2019-10-31": "5.48320", "2019-07-31": "4.89990", "2019-04-30": "4.21090", "2019-01-31": "5.53930", "2018-10-31": "7.12260", "2018-07-31": "6.80600", "2018-04-30": "6.37660", "2018-01-31": "5.85030", "2017-10-31": "5.12610", "2017-07-31": "4.72320", "2017-04-30": "4.07830", "2017-01-31": "5.11760", "2016-10-31": "4.96540", "2016-07-31": "5.40680", "2016-04-30": "5.04610", "2016-01-31": "5.02020", "2015-10-31": "7.59440", "2015-07-31": "13.23590", "2015-04-30": "13.37700", "2015-01-31": "12.83540", "2014-10-31": "11.96210", "2014-07-31": "11.14000", "2014-04-30": "10.75540", "2014-01-31": "10.87870", "2013-10-31": "10.28990", "2013-07-31": "10.38880", "2013-04-30": "9.68210", "2013-01-31": "9.71070", "2012-10-31": "9.38710", "2012-07-31": "9.11620", "2012-04-30": "9.98560", "2012-01-31": "9.42200", "2011-10-31": "9.02430", "2011-07-31": "9.35110", "2011-04-30": "9.70880", "2011-01-31": "9.27060", "2010-10-31": "8.55900", "2010-07-31": "8.26110", "2010-04-30": "7.73870", "2010-01-31": "7.22090", "2009-10-31": "6.58080", "2009-07-31": "6.27080", "2009-04-30": "5.89270", "2009-01-31": "5.61750", "2008-10-31": "5.39460", "2008-07-31": "5.23650", "2008-04-30": "4.87780", "2008-01-31": "5.04750", "2007-10-31": "5.63790", "2007-07-31": "7.70100", "2007-04-30": "8.98490", "2007-01-31": "8.43970", "2006-10-31": "7.63560", "2006-07-31": "7.19050", "2006-04-30": "7.63310", "2006-01-31": "7.76360", "2005-10-31": "7.22720", "2005-07-31": "7.37600", "2005-04-30": "6.92720", "2005-01-31": "6.59340"}, "Operating Cash Flow Per Share": {"2020-10-31": 1.0035, "2020-07-31": 1.2149, "2020-04-30": "-4.97440", "2020-01-31": 4.2659, "2019-10-31": -0.7952, "2019-07-31": 4.6458, "2019-04-30": "-0.19850", "2019-01-31": 3.8996, "2018-10-31": 0.2359, "2018-07-31": 3.6525, "2018-04-30": "-0.16450", "2018-01-31": 4.7522, "2017-10-31": 0.1302, "2017-07-31": 2.8802, "2017-04-30": "0.52630", "2017-01-31": 4.3785, "2016-10-31": 0.1664, "2016-07-31": 3.8953, "2016-04-30": "1.00170", "2016-01-31": 3.8714, "2015-10-31": 6.9771, "2015-07-31": 1.0775, "2015-04-30": "1.06720", "2015-01-31": 3.6515, "2014-10-31": 0.7353, "2014-07-31": 0.7888, "2014-04-30": "1.12610", "2014-01-31": 3.0377, "2013-10-31": 0.8876, "2013-07-31": 1.9425, "2013-04-30": "0.80900", "2013-01-31": 2.8933, "2012-10-31": 0.6943, "2012-07-31": 1.0304, "2012-04-30": "0.75210", "2012-01-31": 2.4856, "2011-10-31": 0.5923, "2011-07-31": 1.3926, "2011-04-30": "0.93600", "2011-01-31": 2.7662, "2010-10-31": 0.3265, "2010-07-31": 1.2775, "2010-04-30": "0.91730", "2010-01-31": 2.0647, "2009-10-31": 0.4438, "2009-07-31": 2.2426, "2009-04-30": "0.94300", "2009-01-31": 1.787, "2008-10-31": 0.3914, "2008-07-31": 1.0001, "2008-04-30": "0.69010", "2008-01-31": 1.8777, "2007-10-31": 0.3473, "2007-07-31": 0.7686, "2007-04-30": "-1.73960", "2007-01-31": 1.5745, "2006-10-31": 0.4714, "2006-07-31": 2.1468, "2006-04-30": "0.10540", "2006-01-31": 1.4338, "2005-10-31": 0.1411, "2005-07-31": 1.0685, "2005-04-30": "0.14800", "2005-01-31": 2.131}, "Free Cash Flow Per Share": {"2020-10-31": 0.488, "2020-07-31": 0.6021, "2020-04-30": "-5.81200", "2020-01-31": 3.0323, "2019-10-31": -2.4665, "2019-07-31": 3.1551, "2019-04-30": "-1.79260", "2019-01-31": 2.541, "2018-10-31": -0.6729, "2018-07-31": 2.8308, "2018-04-30": "-0.92240", "2018-01-31": 3.5995, "2017-10-31": -1.0214, "2017-07-31": 1.7613, "2017-04-30": "-0.37850", "2017-01-31": 3.165, "2016-10-31": -1.1096, "2016-07-31": 2.7338, "2016-04-30": "-0.16510", "2016-01-31": 2.6595, "2015-10-31": 5.1897, "2015-07-31": -0.2861, "2015-04-30": "-0.26170", "2015-01-31": 2.3679, "2014-10-31": -0.4773, "2014-07-31": -0.2594, "2014-04-30": "0.22310", "2014-01-31": 2.1235, "2013-10-31": -0.112, "2013-07-31": 0.5433, "2013-04-30": "0.06030", "2013-01-31": 2.214, "2012-10-31": -0.0589, "2012-07-31": 0.4445, "2012-04-30": "0.28860", "2012-01-31": 1.9895, "2011-10-31": -0.1331, "2011-07-31": 0.7864, "2011-04-30": "0.41650", "2011-01-31": 2.2996, "2010-10-31": -0.1375, "2010-07-31": 0.8429, "2010-04-30": "0.49010", "2010-01-31": 1.6994, "2009-10-31": 0.0663, "2009-07-31": 1.816, "2009-04-30": "0.47380", "2009-01-31": 1.2314, "2008-10-31": -0.2774, "2008-07-31": 0.2966, "2008-04-30": "0.04960", "2008-01-31": 1.2746, "2007-10-31": -0.2409, "2007-07-31": 0.2737, "2007-04-30": "-2.06700", "2007-01-31": 1.2986, "2006-10-31": 0.1879, "2006-07-31": 1.8867, "2006-04-30": "-0.06870", "2006-01-31": 1.1948, "2005-10-31": -0.1277, "2005-07-31": 0.7884, "2005-04-30": "-0.04250", "2005-01-31": 1.2827}}, "revenue": {"Nordstrom Annual Revenue (Millions of US $)": {"2020": "$15,524", "2019": "$15,860", "2018": "$15,478", "2017": "$14,757", "2016": "$14,437", "2015": "$13,506", "2014": "$12,540", "2013": "$12,134", "2012": "$10,860", "2011": "$9,700", "2010": "$8,627", "2009": "$8,573", "2008": "$9,080", "2007": "$8,666", "2006": "$7,723", "2005": "$7,131"}, "Nordstrom Quarterly Revenue (Millions of US $)": {"2020-10-31": "$3,089", "2020-07-31": "$1,862", "2020-04-30": "$2,119", "2020-01-31": "$4,537", "2019-10-31": "$3,672", "2019-07-31": "$3,872", "2019-04-30": "$3,443", "2019-01-31": "$4,484", "2018-10-31": "$3,748", "2018-07-31": "$4,067", "2018-04-30": "$3,561", "2018-01-31": "$4,702", "2017-10-31": "$3,629", "2017-07-31": "$3,793", "2017-04-30": "$3,354", "2017-01-31": "$4,315", "2016-10-31": "$3,542", "2016-07-31": "$3,651", "2016-04-30": "$3,249", "2016-01-31": "$4,193", "2015-10-31": "$3,328", "2015-07-31": "$3,701", "2015-04-30": "$3,215", "2015-01-31": "$4,043", "2014-10-31": "$3,140", "2014-07-31": "$3,392", "2014-04-30": "$2,931", "2014-01-31": "$3,711", "2013-10-31": "$2,884", "2013-07-31": "$3,196", "2013-04-30": "$2,749", "2013-01-31": "$3,698", "2012-10-31": "$2,805", "2012-07-31": "$3,006", "2012-04-30": "$2,625", "2012-01-31": "$3,249", "2011-10-31": "$2,478", "2011-07-31": "$2,810", "2011-04-30": "$2,323", "2011-01-31": "$2,916", "2010-10-31": "$2,182", "2010-07-31": "$2,515", "2010-04-30": "$2,087", "2010-01-31": "$2,640", "2009-10-31": "$1,963", "2009-07-31": "$2,232", "2009-04-30": "$1,792", "2009-01-31": "$2,386", "2008-10-31": "$1,879", "2008-07-31": "$2,359", "2008-04-30": "$1,949", "2008-01-31": "$2,766", "2007-10-31": "$1,970", "2007-07-31": "$2,390", "2007-04-30": "$1,954", "2007-01-31": "$2,736", "2006-10-31": "$1,872", "2006-07-31": "$2,270", "2006-04-30": "$1,787", "2006-01-31": "$2,296", "2005-10-31": "$1,666", "2005-07-31": "$2,106", "2005-04-30": "$1,654", "2005-01-31": "$2,100"}}, "gross-profit": {"Nordstrom Annual Gross Profit (Millions of US $)": {"2020": "$5,592", "2019": "$5,705", "2018": "$5,588", "2017": "$5,317", "2016": "$5,269", "2015": "$5,100", "2014": "$4,803", "2013": "$4,702", "2012": "$4,268", "2011": "$3,803", "2010": "$3,299", "2009": "$3,156", "2008": "$3,554", "2007": "$3,312", "2006": "$2,835", "2005": "$2,572"}, "Nordstrom Quarterly Gross Profit (Millions of US $)": {"2020-10-31": "$1,070", "2020-07-31": "$456", "2020-04-30": "$309", "2020-01-31": "$1,653", "2019-10-31": "$1,328", "2019-07-31": "$1,396", "2019-04-30": "$1,215", "2019-01-31": "$1,641", "2018-10-31": "$1,313", "2018-07-31": "$1,478", "2018-04-30": "$1,273", "2018-01-31": "$1,733", "2017-10-31": "$1,314", "2017-07-31": "$1,342", "2017-04-30": "$1,199", "2017-01-31": "$1,595", "2016-10-31": "$1,281", "2016-07-31": "$1,292", "2016-04-30": "$1,149", "2016-01-31": "$1,493", "2015-10-31": "$1,186", "2015-07-31": "$1,374", "2015-04-30": "$1,216", "2015-01-31": "$1,550", "2014-10-31": "$1,179", "2014-07-31": "$1,262", "2014-04-30": "$1,109", "2014-01-31": "$1,442", "2013-10-31": "$1,093", "2013-07-31": "$1,192", "2013-04-30": "$1,076", "2013-01-31": "$1,459", "2012-10-31": "$1,075", "2012-07-31": "$1,127", "2012-04-30": "$1,041", "2012-01-31": "$1,276", "2011-10-31": "$967", "2011-07-31": "$1,087", "2011-04-30": "$938", "2011-01-31": "$1,158", "2010-10-31": "$851", "2010-07-31": "$950", "2010-04-30": "$844", "2010-01-31": "$1,047", "2009-10-31": "$753", "2009-07-31": "$814", "2009-04-30": "$685", "2009-01-31": "$821", "2008-10-31": "$694", "2008-07-31": "$871", "2008-04-30": "$770", "2008-01-31": "$1,197", "2007-10-31": "$742", "2007-07-31": "$876", "2007-04-30": "$739", "2007-01-31": "$1,112", "2006-10-31": "$712", "2006-07-31": "$824", "2006-04-30": "$664", "2006-01-31": "$860", "2005-10-31": "$608", "2005-07-31": "$759", "2005-04-30": "$608", "2005-01-31": "$770"}}, "operating-income": {"Nordstrom Annual Operating Income (Millions of US $)": {"2020": "$784", "2019": "$837", "2018": "$926", "2017": "$805", "2016": "$1,101", "2015": "$1,323", "2014": "$1,350", "2013": "$1,345", "2012": "$1,249", "2011": "$1,118", "2010": "$834", "2009": "$779", "2008": "$1,195", "2007": "$1,015", "2006": "$734", "2005": "$552"}, "Nordstrom Quarterly Operating Income (Millions of US $)": {"2020-10-31": "$106", "2020-07-31": "$-370", "2020-04-30": "$-813", "2020-01-31": "$298", "2019-10-31": "$193", "2019-07-31": "$216", "2019-04-30": "$77", "2019-01-31": "$333", "2018-10-31": "$105", "2018-07-31": "$246", "2018-04-30": "$153", "2018-01-31": "$350", "2017-10-31": "$208", "2017-07-31": "$217", "2017-04-30": "$151", "2017-01-31": "$423", "2016-10-31": "$55", "2016-07-31": "$221", "2016-04-30": "$106", "2016-01-31": "$324", "2015-10-31": "$155", "2015-07-31": "$377", "2015-04-30": "$245", "2015-01-31": "$465", "2014-10-31": "$262", "2014-07-31": "$331", "2014-04-30": "$265", "2014-01-31": "$487", "2013-10-31": "$253", "2013-07-31": "$335", "2013-04-30": "$275", "2013-01-31": "$498", "2012-10-31": "$277", "2012-07-31": "$290", "2012-04-30": "$280", "2012-01-31": "$417", "2011-10-31": "$240", "2011-07-31": "$320", "2011-04-30": "$272", "2011-01-31": "$406", "2010-10-31": "$221", "2010-07-31": "$272", "2010-04-30": "$219", "2010-01-31": "$310", "2009-10-31": "$172", "2009-07-31": "$206", "2009-04-30": "$146", "2009-01-31": "$156", "2008-10-31": "$127", "2008-07-31": "$269", "2008-04-30": "$227", "2008-01-31": "$561", "2007-10-31": "$189", "2007-07-31": "$240", "2007-04-30": "$205", "2007-01-31": "$427", "2006-10-31": "$174", "2006-07-31": "$244", "2006-04-30": "$170", "2006-01-31": "$257", "2005-10-31": "$126", "2005-07-31": "$208", "2005-04-30": "$143", "2005-01-31": "$204"}}, "ebitda": {"Nordstrom Annual EBITDA (Millions of US $)": {"2020": "$1,638", "2019": "$1,431", "2018": "$1,510", "2017": "$1,571", "2016": "$1,613", "2015": "$1,755", "2014": "$1,746", "2013": "$1,711", "2012": "$1,574", "2011": "$1,391", "2010": "$1,105", "2009": "$1,060", "2008": "$1,428", "2007": "$1,264", "2006": "$977", "2005": "$785"}, "Nordstrom Quarterly EBITDA (Millions of US $)": {"2020-10-31": "$449", "2020-07-31": "$-154", "2020-04-30": "$-591", "2020-01-31": "$538", "2019-10-31": "$393", "2019-07-31": "$422", "2019-04-30": "$285", "2019-01-31": "$478", "2018-10-31": "$250", "2018-07-31": "$399", "2018-04-30": "$304", "2018-01-31": "$517", "2017-10-31": "$353", "2017-07-31": "$354", "2017-04-30": "$286", "2017-01-31": "$571", "2016-10-31": "$389", "2016-07-31": "$367", "2016-04-30": "$244", "2016-01-31": "$519", "2015-10-31": "$290", "2015-07-31": "$444", "2015-04-30": "$360", "2015-01-31": "$577", "2014-10-31": "$378", "2014-07-31": "$435", "2014-04-30": "$365", "2014-01-31": "$591", "2013-10-31": "$357", "2013-07-31": "$430", "2013-04-30": "$368", "2013-01-31": "$597", "2012-10-31": "$369", "2012-07-31": "$382", "2012-04-30": "$363", "2012-01-31": "$510", "2011-10-31": "$321", "2011-07-31": "$399", "2011-04-30": "$344", "2011-01-31": "$475", "2010-10-31": "$290", "2010-07-31": "$343", "2010-04-30": "$283", "2010-01-31": "$378", "2009-10-31": "$241", "2009-07-31": "$273", "2009-04-30": "$213", "2009-01-31": "$245", "2008-10-31": "$193", "2008-07-31": "$333", "2008-04-30": "$289", "2008-01-31": "$621", "2007-10-31": "$246", "2007-07-31": "$315", "2007-04-30": "$246", "2007-01-31": "$495", "2006-10-31": "$232", "2006-07-31": "$305", "2006-04-30": "$232", "2006-01-31": "$320", "2005-10-31": "$184", "2005-07-31": "$267", "2005-04-30": "$205", "2005-01-31": "$266"}}, "net-income": {"Nordstrom Annual Net Income (Millions of US $)": {"2020": "$496", "2019": "$564", "2018": "$437", "2017": "$354", "2016": "$600", "2015": "$720", "2014": "$734", "2013": "$735", "2012": "$683", "2011": "$613", "2010": "$441", "2009": "$401", "2008": "$715", "2007": "$678", "2006": "$551", "2005": "$393"}, "Nordstrom Quarterly Net Income (Millions of US $)": {"2020-10-31": "$53", "2020-07-31": "$-255", "2020-04-30": "$-521", "2020-01-31": "$192", "2019-10-31": "$126", "2019-07-31": "$141", "2019-04-30": "$37", "2019-01-31": "$248", "2018-10-31": "$67", "2018-07-31": "$162", "2018-04-30": "$87", "2018-01-31": "$150", "2017-10-31": "$114", "2017-07-31": "$110", "2017-04-30": "$63", "2017-01-31": "$201", "2016-10-31": "$-10", "2016-07-31": "$117", "2016-04-30": "$46", "2016-01-31": "$180", "2015-10-31": "$81", "2015-07-31": "$211", "2015-04-30": "$128", "2015-01-31": "$255", "2014-10-31": "$142", "2014-07-31": "$183", "2014-04-30": "$140", "2014-01-31": "$268", "2013-10-31": "$137", "2013-07-31": "$184", "2013-04-30": "$145", "2013-01-31": "$284", "2012-10-31": "$146", "2012-07-31": "$156", "2012-04-30": "$149", "2012-01-31": "$236", "2011-10-31": "$127", "2011-07-31": "$175", "2011-04-30": "$145", "2011-01-31": "$232", "2010-10-31": "$119", "2010-07-31": "$146", "2010-04-30": "$116", "2010-01-31": "$172", "2009-10-31": "$83", "2009-07-31": "$105", "2009-04-30": "$81", "2009-01-31": "$68", "2008-10-31": "$71", "2008-07-31": "$143", "2008-04-30": "$119", "2008-01-31": "$212", "2007-10-31": "$166", "2007-07-31": "$180", "2007-04-30": "$157", "2007-01-31": "$232", "2006-10-31": "$136", "2006-07-31": "$179", "2006-04-30": "$131", "2006-01-31": "$190", "2005-10-31": "$107", "2005-07-31": "$149", "2005-04-30": "$105", "2005-01-31": "$140"}}, "eps-earnings-per-share-diluted": {"Nordstrom Annual EPS": {"2020": "$3.18", "2019": "$3.32", "2018": "$2.59", "2017": "$2.02", "2016": "$3.15", "2015": "$3.72", "2014": "$3.71", "2013": "$3.56", "2012": "$3.14", "2011": "$2.75", "2010": "$2.01", "2009": "$1.83", "2008": "$2.88", "2007": "$2.55", "2006": "$1.98", "2005": "$1.38"}, "Nordstrom Quarterly EPS": {"2020-10-31": "$0.34", "2020-07-31": "$-1.62", "2020-04-30": "$-3.33", "2020-01-31": "$1.24", "2019-10-31": "$0.81", "2019-07-31": "$0.90", "2019-04-30": "$0.23", "2019-01-31": "$1.47", "2018-10-31": "$0.39", "2018-07-31": "$0.95", "2018-04-30": "$0.51", "2018-01-31": "$0.90", "2017-10-31": "$0.67", "2017-07-31": "$0.65", "2017-04-30": "$0.37", "2017-01-31": "$1.15", "2016-10-31": "$-0.06", "2016-07-31": "$0.67", "2016-04-30": "$0.26", "2016-01-31": "$0.98", "2015-10-31": "$0.42", "2015-07-31": "$1.09", "2015-04-30": "$0.66", "2015-01-31": "$1.32", "2014-10-31": "$0.73", "2014-07-31": "$0.95", "2014-04-30": "$0.72", "2014-01-31": "$1.36", "2013-10-31": "$0.69", "2013-07-31": "$0.93", "2013-04-30": "$0.73", "2013-01-31": "$1.40", "2012-10-31": "$0.71", "2012-07-31": "$0.75", "2012-04-30": "$0.70", "2012-01-31": "$1.10", "2011-10-31": "$0.59", "2011-07-31": "$0.80", "2011-04-30": "$0.65", "2011-01-31": "$1.04", "2010-10-31": "$0.53", "2010-07-31": "$0.66", "2010-04-30": "$0.52", "2010-01-31": "$0.78", "2009-10-31": "$0.38", "2009-07-31": "$0.48", "2009-04-30": "$0.37", "2009-01-31": "$0.31", "2008-10-31": "$0.33", "2008-07-31": "$0.65", "2008-04-30": "$0.54", "2008-01-31": "$0.89", "2007-10-31": "$0.68", "2007-07-31": "$0.71", "2007-04-30": "$0.60", "2007-01-31": "$0.88", "2006-10-31": "$0.52", "2006-07-31": "$0.67", "2006-04-30": "$0.48", "2006-01-31": "$0.68", "2005-10-31": "$0.39", "2005-07-31": "$0.53", "2005-04-30": "$0.38", "2005-01-31": "$0.50"}}, "shares-outstanding": {"Nordstrom Annual Shares Outstanding (Millions of Shares)": {"2020": "156", "2019": "170", "2018": "169", "2017": "176", "2016": "190", "2015": "194", "2014": "198", "2013": "207", "2012": "218", "2011": "223", "2010": "220", "2009": "219", "2008": "249", "2007": "266", "2006": "278", "2005": "285"}, "Nordstrom Quarterly Shares Outstanding (Millions of Shares)": {"2020-10-31": "158", "2020-07-31": "157", "2020-04-30": "156", "2020-01-31": "156", "2019-10-31": "156", "2019-07-31": "156", "2019-04-30": "156", "2019-01-31": "170", "2018-10-31": "172", "2018-07-31": "170", "2018-04-30": "170", "2018-01-31": "169", "2017-10-31": "169", "2017-07-31": "169", "2017-04-30": "169", "2017-01-31": "176", "2016-10-31": "173", "2016-07-31": "175", "2016-04-30": "176", "2016-01-31": "190", "2015-10-31": "191", "2015-07-31": "194", "2015-04-30": "195", "2015-01-31": "194", "2014-10-31": "195", "2014-07-31": "193", "2014-04-30": "193", "2014-01-31": "198", "2013-10-31": "197", "2013-07-31": "199", "2013-04-30": "199", "2013-01-31": "207", "2012-10-31": "205", "2012-07-31": "209", "2012-04-30": "211", "2012-01-31": "218", "2011-10-31": "215", "2011-07-31": "220", "2011-04-30": "223", "2011-01-31": "223", "2010-10-31": "223", "2010-07-31": "223", "2010-04-30": "222", "2010-01-31": "220", "2009-10-31": "221", "2009-07-31": "219", "2009-04-30": "217", "2009-01-31": "219", "2008-10-31": "218", "2008-07-31": "220", "2008-04-30": "222", "2008-01-31": "249", "2007-10-31": "245", "2007-07-31": "255", "2007-04-30": "263", "2007-01-31": "266", "2006-10-31": "262", "2006-07-31": "266", "2006-04-30": "273", "2006-01-31": "278", "2005-10-31": "277", "2005-07-31": "279", "2005-04-30": "278", "2005-01-31": "285"}}, "total-assets": {"Nordstrom Annual Total Assets (Millions of US $)": {"2020": "$9,737", "2019": "$7,886", "2018": "$8,115", "2017": "$7,858", "2016": "$7,698", "2015": "$9,245", "2014": "$8,574", "2013": "$8,089", "2012": "$8,491", "2011": "$7,462", "2010": "$6,579", "2009": "$5,661", "2008": "$5,600", "2007": "$4,822", "2006": "$4,921", "2005": "$4,605"}, "Nordstrom Quarterly Total Assets (Millions of US $)": {"2020-10-31": "$9,811", "2020-07-31": "$9,535", "2020-04-30": "$9,969", "2020-01-31": "$9,737", "2019-10-31": "$10,075", "2019-07-31": "$9,935", "2019-04-30": "$9,338", "2019-01-31": "$7,886", "2018-10-31": "$8,709", "2018-07-31": "$8,490", "2018-04-30": "$8,016", "2018-01-31": "$8,115", "2017-10-31": "$8,186", "2017-07-31": "$8,161", "2017-04-30": "$7,771", "2017-01-31": "$7,858", "2016-10-31": "$7,966", "2016-07-31": "$8,130", "2016-04-30": "$7,699", "2016-01-31": "$7,698", "2015-10-31": "$8,586", "2015-07-31": "$9,700", "2015-04-30": "$9,562", "2015-01-31": "$9,245", "2014-10-31": "$9,269", "2014-07-31": "$8,906", "2014-04-30": "$8,633", "2014-01-31": "$8,574", "2013-10-31": "$8,585", "2013-07-31": "$8,548", "2013-04-30": "$8,135", "2013-01-31": "$8,089", "2012-10-31": "$8,265", "2012-07-31": "$8,246", "2012-04-30": "$8,258", "2012-01-31": "$8,491", "2011-10-31": "$8,339", "2011-07-31": "$7,736", "2011-04-30": "$7,747", "2011-01-31": "$7,462", "2010-10-31": "$7,382", "2010-07-31": "$7,296", "2010-04-30": "$6,956", "2010-01-31": "$6,579", "2009-10-31": "$6,516", "2009-07-31": "$6,340", "2009-04-30": "$5,760", "2009-01-31": "$5,661", "2008-10-31": "$6,064", "2008-07-31": "$5,809", "2008-04-30": "$5,586", "2008-01-31": "$5,600", "2007-10-31": "$5,487", "2007-07-31": "$5,566", "2007-04-30": "$5,831", "2007-01-31": "$4,822", "2006-10-31": "$4,708", "2006-07-31": "$4,793", "2006-04-30": "$4,787", "2006-01-31": "$4,921", "2005-10-31": "$4,790", "2005-07-31": "$4,916", "2005-04-30": "$4,620", "2005-01-31": "$4,605"}}, "cash-on-hand": {"Nordstrom Annual Cash on Hand (Millions of US $)": {"2020": "$853", "2019": "$957", "2018": "$1,181", "2017": "$1,007", "2016": "$595", "2015": "$827", "2014": "$1,194", "2013": "$1,285", "2012": "$1,877", "2011": "$1,506", "2010": "$795", "2009": "$72", "2008": "$358", "2007": "$831", "2006": "$1,078", "2005": "$825"}, "Nordstrom Quarterly Cash on Hand (Millions of US $)": {"2020-10-31": "$889", "2020-07-31": "$991", "2020-04-30": "$1,355", "2020-01-31": "$853", "2019-10-31": "$487", "2019-07-31": "$956", "2019-04-30": "$448", "2019-01-31": "$957", "2018-10-31": "$1,127", "2018-07-31": "$1,343", "2018-04-30": "$966", "2018-01-31": "$1,181", "2017-10-31": "$672", "2017-07-31": "$919", "2017-04-30": "$653", "2017-01-31": "$1,007", "2016-10-31": "$531", "2016-07-31": "$892", "2016-04-30": "$470", "2016-01-31": "$595", "2015-10-31": "$821", "2015-07-31": "$423", "2015-04-30": "$769", "2015-01-31": "$827", "2014-10-31": "$433", "2014-07-31": "$772", "2014-04-30": "$1,015", "2014-01-31": "$1,194", "2013-10-31": "$947", "2013-07-31": "$1,128", "2013-04-30": "$1,190", "2013-01-31": "$1,285", "2012-10-31": "$1,158", "2012-07-31": "$1,258", "2012-04-30": "$1,647", "2012-01-31": "$1,877", "2011-10-31": "$1,457", "2011-07-31": "$1,090", "2011-04-30": "$1,433", "2011-01-31": "$1,506", "2010-10-31": "$1,046", "2010-07-31": "$1,137", "2010-04-30": "$1,040", "2010-01-31": "$795", "2009-10-31": "$484", "2009-07-31": "$519", "2009-04-30": "$78", "2009-01-31": "$72", "2008-10-31": "$68", "2008-07-31": "$92", "2008-04-30": "$119", "2008-01-31": "$358", "2007-10-31": "$108", "2007-07-31": "$179", "2007-04-30": "$745", "2007-01-31": "$831", "2006-10-31": "$522", "2006-07-31": "$784", "2006-04-30": "$857", "2006-01-31": "$1,078", "2005-10-31": "$750", "2005-07-31": "$1,012", "2005-04-30": "$797", "2005-01-31": "$825"}}, "long-term-debt": {"Nordstrom Annual Long Term Debt (Millions of US $)": {"2020": "$2,676", "2019": "$2,677", "2018": "$2,681", "2017": "$2,763", "2016": "$2,795", "2015": "$3,123", "2014": "$3,106", "2013": "$3,124", "2012": "$3,141", "2011": "$2,775", "2010": "$2,257", "2009": "$2,214", "2008": "$2,236", "2007": "$624", "2006": "$628", "2005": "$929"}, "Nordstrom Quarterly Long Term Debt (Millions of US $)": {"2020-10-31": "$2,767", "2020-07-31": "$3,266", "2020-04-30": "$3,264", "2020-01-31": "$2,676", "2019-10-31": "$2,679", "2019-07-31": "$2,178", "2019-04-30": "$2,177", "2019-01-31": "$2,677", "2018-10-31": "$2,678", "2018-07-31": "$2,680", "2018-04-30": "$2,680", "2018-01-31": "$2,681", "2017-10-31": "$2,681", "2017-07-31": "$2,729", "2017-04-30": "$2,731", "2017-01-31": "$2,763", "2016-10-31": "$2,767", "2016-07-31": "$2,772", "2016-04-30": "$2,776", "2016-01-31": "$2,795", "2015-10-31": "$2,800", "2015-07-31": "$2,808", "2015-04-30": "$3,138", "2015-01-31": "$3,123", "2014-10-31": "$3,119", "2014-07-31": "$3,111", "2014-04-30": "$3,110", "2014-01-31": "$3,106", "2013-10-31": "$2,711", "2013-07-31": "$2,715", "2013-04-30": "$3,119", "2013-01-31": "$3,124", "2012-10-31": "$3,129", "2012-07-31": "$3,133", "2012-04-30": "$3,137", "2012-01-31": "$3,141", "2011-10-31": "$2,810", "2011-07-31": "$2,296", "2011-04-30": "$2,276", "2011-01-31": "$2,775", "2010-10-31": "$2,806", "2010-07-31": "$2,794", "2010-04-30": "$2,756", "2010-01-31": "$2,257", "2009-10-31": "$2,259", "2009-07-31": "$2,260", "2009-04-30": "$2,002", "2009-01-31": "$2,214", "2008-10-31": "$2,215", "2008-07-31": "$2,234", "2008-04-30": "$2,235", "2008-01-31": "$2,236", "2007-10-31": "$1,791", "2007-07-31": "$1,492", "2007-04-30": "$1,475", "2007-01-31": "$624", "2006-10-31": "$625", "2006-07-31": "$625", "2006-04-30": "$625", "2006-01-31": "$628", "2005-10-31": "$627", "2005-07-31": "$924", "2005-04-30": "$928", "2005-01-31": "$929"}}, "total-liabilities": {"Nordstrom Annual Total Liabilities (Millions of US $)": {"2020": "$8,758", "2019": "$7,013", "2018": "$7,138", "2017": "$6,988", "2016": "$6,827", "2015": "$6,805", "2014": "$6,494", "2013": "$6,176", "2012": "$6,535", "2011": "$5,441", "2010": "$5,007", "2009": "$4,451", "2008": "$4,485", "2007": "$2,653", "2006": "$2,829", "2005": "$2,816"}, "Nordstrom Quarterly Total Liabilities (Millions of US $)": {"2020-10-31": "$9,559", "2020-07-31": "$9,361", "2020-04-30": "$9,572", "2020-01-31": "$8,758", "2019-10-31": "$9,224", "2019-07-31": "$9,176", "2019-04-30": "$8,687", "2019-01-31": "$7,013", "2018-10-31": "$7,506", "2018-07-31": "$7,350", "2018-04-30": "$6,946", "2018-01-31": "$7,138", "2017-10-31": "$7,332", "2017-07-31": "$7,376", "2017-04-30": "$7,094", "2017-01-31": "$6,988", "2016-10-31": "$7,106", "2016-07-31": "$7,193", "2016-04-30": "$6,824", "2016-01-31": "$6,827", "2015-10-31": "$7,178", "2015-07-31": "$7,209", "2015-04-30": "$7,007", "2015-01-31": "$6,805", "2014-10-31": "$6,995", "2014-07-31": "$6,805", "2014-04-30": "$6,597", "2014-01-31": "$6,494", "2013-10-31": "$6,597", "2013-07-31": "$6,517", "2013-04-30": "$6,247", "2013-01-31": "$6,176", "2012-10-31": "$6,381", "2012-07-31": "$6,410", "2012-04-30": "$6,175", "2012-01-31": "$6,535", "2011-10-31": "$6,443", "2011-07-31": "$5,733", "2011-04-30": "$5,613", "2011-01-31": "$5,441", "2010-10-31": "$5,511", "2010-07-31": "$5,486", "2010-04-30": "$5,262", "2010-01-31": "$5,007", "2009-10-31": "$5,086", "2009-07-31": "$4,983", "2009-04-30": "$4,486", "2009-01-31": "$4,451", "2008-10-31": "$4,902", "2008-07-31": "$4,680", "2008-04-30": "$4,528", "2008-01-31": "$4,485", "2007-10-31": "$4,179", "2007-07-31": "$3,660", "2007-04-30": "$3,512", "2007-01-31": "$2,653", "2006-10-31": "$2,747", "2006-07-31": "$2,948", "2006-04-30": "$2,758", "2006-01-31": "$2,829", "2005-10-31": "$2,840", "2005-07-31": "$2,898", "2005-04-30": "$2,727", "2005-01-31": "$2,816"}}, "total-share-holder-equity": {"Nordstrom Annual Share Holder Equity (Millions of US $)": {"2020": "$979", "2019": "$873", "2018": "$977", "2017": "$870", "2016": "$871", "2015": "$2,440", "2014": "$2,080", "2013": "$1,913", "2012": "$1,956", "2011": "$2,021", "2010": "$1,572", "2009": "$1,210", "2008": "$1,115", "2007": "$2,169", "2006": "$2,093", "2005": "$1,789"}, "Nordstrom Quarterly Share Holder Equity (Millions of US $)": {"2020-10-31": "$252", "2020-07-31": "$174", "2020-04-30": "$397", "2020-01-31": "$979", "2019-10-31": "$851", "2019-07-31": "$759", "2019-04-30": "$651", "2019-01-31": "$873", "2018-10-31": "$1,203", "2018-07-31": "$1,140", "2018-04-30": "$1,070", "2018-01-31": "$977", "2017-10-31": "$854", "2017-07-31": "$785", "2017-04-30": "$677", "2017-01-31": "$870", "2016-10-31": "$860", "2016-07-31": "$937", "2016-04-30": "$875", "2016-01-31": "$871", "2015-10-31": "$1,408", "2015-07-31": "$2,491", "2015-04-30": "$2,555", "2015-01-31": "$2,440", "2014-10-31": "$2,274", "2014-07-31": "$2,101", "2014-04-30": "$2,036", "2014-01-31": "$2,080", "2013-10-31": "$1,988", "2013-07-31": "$2,031", "2013-04-30": "$1,888", "2013-01-31": "$1,913", "2012-10-31": "$1,884", "2012-07-31": "$1,836", "2012-04-30": "$2,083", "2012-01-31": "$1,956", "2011-10-31": "$1,896", "2011-07-31": "$2,003", "2011-04-30": "$2,134", "2011-01-31": "$2,021", "2010-10-31": "$1,871", "2010-07-31": "$1,810", "2010-04-30": "$1,694", "2010-01-31": "$1,572", "2009-10-31": "$1,430", "2009-07-31": "$1,357", "2009-04-30": "$1,274", "2009-01-31": "$1,210", "2008-10-31": "$1,162", "2008-07-31": "$1,129", "2008-04-30": "$1,058", "2008-01-31": "$1,115", "2007-10-31": "$1,308", "2007-07-31": "$1,906", "2007-04-30": "$2,319", "2007-01-31": "$2,169", "2006-10-31": "$1,962", "2006-07-31": "$1,844", "2006-04-30": "$2,028", "2006-01-31": "$2,093", "2005-10-31": "$1,949", "2005-07-31": "$2,019", "2005-04-30": "$1,893", "2005-01-31": "$1,789"}}, "profit-margins": {"current": "-4.57%"}, "gross margin": {"2020-10-31": "30.05%", "2020-07-31": "30.73%", "2020-04-30": "33.00%", "2020-01-31": "36.02%", "2019-10-31": "36.07%", "2019-07-31": "35.79%", "2019-04-30": "35.87%", "2019-01-31": "35.97%", "2018-10-31": "36.06%", "2018-07-31": "36.33%", "2018-04-30": "36.10%", "2018-01-31": "36.10%", "2017-10-31": "36.11%", "2017-07-31": "36.10%", "2017-04-30": "36.11%", "2017-01-31": "36.03%", "2016-10-31": "35.63%", "2016-07-31": "35.50%", "2016-04-30": "35.95%", "2016-01-31": "36.50%", "2015-10-31": "37.28%", "2015-07-31": "37.73%", "2015-04-30": "37.76%", "2015-01-31": "37.76%", "2014-10-31": "37.89%", "2014-07-31": "37.98%", "2014-04-30": "38.01%", "2014-01-31": "38.30%", "2013-10-31": "38.48%", "2013-07-31": "38.58%", "2013-04-30": "38.64%", "2013-01-31": "38.75%", "2012-10-31": "38.67%", "2012-07-31": "38.84%", "2012-04-30": "39.16%", "2012-01-31": "39.30%", "2011-10-31": "39.42%", "2011-07-31": "39.43%", "2011-04-30": "39.22%", "2011-01-31": "39.21%", "2010-10-31": "39.18%", "2010-07-31": "39.04%", "2010-04-30": "38.76%", "2010-01-31": "38.24%", "2009-10-31": "36.70%", "2009-07-31": "36.36%", "2009-04-30": "36.49%", "2009-01-31": "36.81%", "2008-10-31": "39.45%", "2008-07-31": "39.58%", "2008-04-30": "39.50%", "2008-01-31": "39.14%", "2007-10-31": "38.33%", "2007-07-31": "38.42%", "2007-04-30": "38.35%", "2007-01-31": "38.22%", "2006-10-31": "37.20%", "2006-07-31": "36.86%", "2006-04-30": "36.80%", "2006-01-31": "36.71%", "2005-10-31": "36.47%"}, "operating margin": {"2020-10-31": "-6.71%", "2020-07-31": "-5.68%", "2020-04-30": "-0.75%", "2020-01-31": "5.05%", "2019-10-31": "5.29%", "2019-07-31": "4.70%", "2019-04-30": "4.83%", "2019-01-31": "5.28%", "2018-10-31": "5.31%", "2018-07-31": "6.00%", "2018-04-30": "5.92%", "2018-01-31": "5.98%", "2017-10-31": "6.62%", "2017-07-31": "5.64%", "2017-04-30": "5.72%", "2017-01-31": "5.46%", "2016-10-31": "4.82%", "2016-07-31": "5.59%", "2016-04-30": "6.65%", "2016-01-31": "7.63%", "2015-10-31": "8.69%", "2015-07-31": "9.57%", "2015-04-30": "9.45%", "2015-01-31": "9.80%", "2014-10-31": "10.21%", "2014-07-31": "10.34%", "2014-04-30": "10.53%", "2014-01-31": "10.77%", "2013-10-31": "10.86%", "2013-07-31": "11.13%", "2013-04-30": "10.93%", "2013-01-31": "11.08%", "2012-10-31": "10.82%", "2012-07-31": "10.80%", "2012-04-30": "11.26%", "2012-01-31": "11.50%", "2011-10-31": "11.76%", "2011-07-31": "11.91%", "2011-04-30": "11.79%", "2011-01-31": "11.53%", "2010-10-31": "10.84%", "2010-07-31": "10.57%", "2010-04-30": "10.17%", "2010-01-31": "9.67%", "2009-10-31": "8.12%", "2009-07-31": "7.66%", "2009-04-30": "8.29%", "2009-01-31": "9.09%", "2008-10-31": "13.22%", "2008-07-31": "13.78%", "2008-04-30": "13.41%", "2008-01-31": "13.16%", "2007-10-31": "11.72%", "2007-07-31": "11.68%", "2007-04-30": "11.89%", "2007-01-31": "11.71%", "2006-10-31": "10.27%", "2006-07-31": "9.94%", "2006-04-30": "9.69%", "2006-01-31": "9.51%", "2005-10-31": "9.05%"}, "ebitda margin": {"2020-10-31": "2.08%", "2020-07-31": "1.53%", "2020-04-30": "5.37%", "2020-01-31": "10.55%", "2019-10-31": "10.20%", "2019-07-31": "9.23%", "2019-04-30": "8.97%", "2019-01-31": "9.02%", "2018-10-31": "9.14%", "2018-07-31": "9.86%", "2018-04-30": "9.74%", "2018-01-31": "9.76%", "2017-10-31": "10.36%", "2017-07-31": "10.66%", "2017-04-30": "10.85%", "2017-01-31": "10.65%", "2016-10-31": "10.38%", "2016-07-31": "9.85%", "2016-04-30": "10.34%", "2016-01-31": "11.17%", "2015-10-31": "11.70%", "2015-07-31": "12.48%", "2015-04-30": "12.69%", "2015-01-31": "12.99%", "2014-10-31": "13.43%", "2014-07-31": "13.53%", "2014-04-30": "13.70%", "2014-01-31": "13.92%", "2013-10-31": "13.99%", "2013-07-31": "14.17%", "2013-04-30": "14.00%", "2013-01-31": "14.10%", "2012-10-31": "13.90%", "2012-07-31": "13.88%", "2012-04-30": "14.27%", "2012-01-31": "14.49%", "2011-10-31": "14.62%", "2011-07-31": "14.74%", "2011-04-30": "14.61%", "2011-01-31": "14.34%", "2010-10-31": "13.73%", "2010-07-31": "13.53%", "2010-04-30": "13.17%", "2010-01-31": "12.81%", "2009-10-31": "11.61%", "2009-07-31": "11.15%", "2009-04-30": "11.69%", "2009-01-31": "12.36%", "2008-10-31": "16.04%", "2008-07-31": "16.46%", "2008-04-30": "16.21%", "2008-01-31": "15.73%", "2007-10-31": "14.39%", "2007-07-31": "14.39%", "2007-04-30": "14.47%", "2007-01-31": "14.59%", "2006-10-31": "13.24%", "2006-07-31": "12.98%", "2006-04-30": "12.77%", "2006-01-31": "12.64%", "2005-10-31": "12.25%"}, "pre tax profit margin": {"2020-10-31": "-8.16%", "2020-07-31": "-6.83%", "2020-04-30": "-1.54%", "2020-01-31": "4.39%", "2019-10-31": "4.71%", "2019-07-31": "4.09%", "2019-04-30": "4.20%", "2019-01-31": "4.62%", "2018-10-31": "4.62%", "2018-07-31": "5.28%", "2018-04-30": "5.18%", "2018-01-31": "5.10%", "2017-10-31": "5.73%", "2017-07-31": "4.73%", "2017-04-30": "4.79%", "2017-01-31": "4.64%", "2016-10-31": "4.00%", "2016-07-31": "4.75%", "2016-04-30": "5.80%", "2016-01-31": "6.76%", "2015-10-31": "7.79%", "2015-07-31": "8.62%", "2015-04-30": "8.46%", "2015-01-31": "8.77%", "2014-10-31": "9.04%", "2014-07-31": "9.14%", "2014-04-30": "9.30%", "2014-01-31": "9.48%", "2013-10-31": "9.64%", "2013-07-31": "9.87%", "2013-04-30": "9.63%", "2013-01-31": "9.77%", "2012-10-31": "9.48%", "2012-07-31": "9.49%", "2012-04-30": "10.02%", "2012-01-31": "10.30%", "2011-10-31": "10.57%", "2011-07-31": "10.69%", "2011-04-30": "10.51%", "2011-01-31": "10.22%", "2010-10-31": "9.50%", "2010-07-31": "9.11%", "2010-04-30": "8.62%", "2010-01-31": "8.07%", "2009-10-31": "6.47%", "2009-07-31": "6.06%", "2009-04-30": "6.74%", "2009-01-31": "7.56%", "2008-10-31": "9.82%", "2008-07-31": "11.69%", "2008-04-30": "12.29%", "2008-01-31": "12.92%", "2007-10-31": "13.24%", "2007-07-31": "12.81%", "2007-04-30": "12.98%", "2007-01-31": "12.75%", "2006-10-31": "12.56%", "2006-07-31": "12.16%", "2006-04-30": "11.78%", "2006-01-31": "11.46%", "2005-10-31": "10.82%"}, "net profit margin": {"2020-10-31": "-4.57%", "2020-07-31": "-3.76%", "2020-04-30": "-0.44%", "2020-01-31": "3.20%", "2019-10-31": "3.57%", "2019-07-31": "3.17%", "2019-04-30": "3.27%", "2019-01-31": "3.56%", "2018-10-31": "2.90%", "2018-07-31": "3.21%", "2018-04-30": "2.94%", "2018-01-31": "2.82%", "2017-10-31": "3.23%", "2017-07-31": "2.43%", "2017-04-30": "2.50%", "2017-01-31": "2.40%", "2016-10-31": "2.28%", "2016-07-31": "2.94%", "2016-04-30": "3.58%", "2016-01-31": "4.16%", "2015-10-31": "4.72%", "2015-07-31": "5.22%", "2015-04-30": "5.13%", "2015-01-31": "5.33%", "2014-10-31": "5.56%", "2014-07-31": "5.64%", "2014-04-30": "5.73%", "2014-01-31": "5.85%", "2013-10-31": "5.99%", "2013-07-31": "6.10%", "2013-04-30": "5.96%", "2013-01-31": "6.06%", "2012-10-31": "5.88%", "2012-07-31": "5.88%", "2012-04-30": "6.15%", "2012-01-31": "6.29%", "2011-10-31": "6.45%", "2011-07-31": "6.56%", "2011-04-30": "6.46%", "2011-01-31": "6.32%", "2010-10-31": "5.87%", "2010-07-31": "5.62%", "2010-04-30": "5.34%", "2010-01-31": "5.11%", "2009-10-31": "4.02%", "2009-07-31": "3.92%", "2009-04-30": "4.31%", "2009-01-31": "4.68%", "2008-10-31": "6.09%", "2008-07-31": "7.08%", "2008-04-30": "7.46%", "2008-01-31": "7.87%", "2007-10-31": "8.12%", "2007-07-31": "7.88%", "2007-04-30": "7.97%", "2007-01-31": "7.82%", "2006-10-31": "7.73%", "2006-07-31": "7.57%", "2006-04-30": "7.35%", "2006-01-31": "7.14%", "2005-10-31": "6.66%"}, "pe ratio": {"current": "0.00", "2021-02-05": "0.00", "2020-10-31": "0.00", "2020-07-31": "0.00", "2020-04-30": "0.00", "2020-01-31": "11.47", "2019-10-31": "10.26", "2019-07-31": "10.65", "2019-04-30": "12.82", "2019-01-31": "13.18", "2018-10-31": "22.53", "2018-07-31": "16.20", "2018-04-30": "17.22", "2018-01-31": "17.58", "2017-10-31": "12.73", "2017-07-31": "20.81", "2017-04-30": "20.31", "2017-01-31": "19.47", "2016-10-31": "24.57", "2016-07-31": "16.51", "2016-04-30": "16.04", "2016-01-31": "13.36", "2015-10-31": "16.02", "2015-07-31": "15.99", "2015-04-30": "16.36", "2015-01-31": "16.15", "2014-10-31": "15.12", "2014-07-31": "14.57", "2014-04-30": "12.85", "2014-01-31": "11.95", "2013-10-31": "12.41", "2013-07-31": "12.44", "2013-04-30": "12.01", "2013-01-31": "11.76", "2012-10-31": "13.09", "2012-07-31": "12.90", "2012-04-30": "13.03", "2012-01-31": "11.64", "2011-10-31": "12.16", "2011-07-31": "12.21", "2011-04-30": "12.08", "2011-01-31": "10.90", "2010-10-31": "11.25", "2010-07-31": "10.50", "2010-04-30": "13.76", "2010-01-31": "12.31", "2009-10-31": "14.64", "2009-07-31": "12.52", "2009-04-30": "9.55", "2009-01-31": "4.80", "2008-10-31": "5.03", "2008-07-31": "6.98", "2008-04-30": "8.34", "2008-01-31": "8.96", "2007-10-31": "9.16", "2007-07-31": "11.67", "2007-04-30": "13.63", "2007-01-31": "14.44", "2006-10-31": "13.29"}, "price sales": {"2021-02-05": "0.46", "2020-10-31": "0.16", "2020-07-31": "0.18", "2020-04-30": "0.21", "2020-01-31": "0.37", "2019-10-31": "0.36", "2019-07-31": "0.34", "2019-04-30": "0.42", "2019-01-31": "0.47", "2018-10-31": "0.65", "2018-07-31": "0.52", "2018-04-30": "0.50", "2018-01-31": "0.49", "2017-10-31": "0.41", "2017-07-31": "0.50", "2017-04-30": "0.50", "2017-01-31": "0.47", "2016-10-31": "0.56", "2016-07-31": "0.49", "2016-04-30": "0.58", "2016-01-31": "0.56", "2015-10-31": "0.76", "2015-07-31": "0.84", "2015-04-30": "0.84", "2015-01-31": "0.86", "2014-10-31": "0.84", "2014-07-31": "0.82", "2014-04-30": "0.74", "2014-01-31": "0.70", "2013-10-31": "0.75", "2013-07-31": "0.76", "2013-04-30": "0.72", "2013-01-31": "0.72", "2012-10-31": "0.77", "2012-07-31": "0.76", "2012-04-30": "0.81", "2012-01-31": "0.74", "2011-10-31": "0.78", "2011-07-31": "0.80", "2011-04-30": "0.78", "2011-01-31": "0.69", "2010-10-31": "0.66", "2010-07-31": "0.59", "2010-04-30": "0.73", "2010-01-31": "0.63", "2009-10-31": "0.59", "2009-07-31": "0.49", "2009-04-30": "0.41", "2009-01-31": "0.22", "2008-10-31": "0.31", "2008-07-31": "0.50", "2008-04-30": "0.64", "2008-01-31": "0.73", "2007-10-31": "0.75", "2007-07-31": "0.93", "2007-04-30": "1.09", "2007-01-31": "1.14", "2006-10-31": "1.03"}, "price book": {"current": "21.31", "2021-02-05": "21.31", "2020-10-31": "7.57", "2020-07-31": "12.36", "2020-04-30": "7.43", "2020-01-31": "5.78", "2019-10-31": "6.40", "2019-07-31": "6.52", "2019-04-30": "9.29", "2019-01-31": "7.92", "2018-10-31": "8.67", "2018-07-31": "7.19", "2018-04-30": "7.35", "2018-01-31": "7.75", "2017-10-31": "7.05", "2017-07-31": "9.30", "2017-04-30": "10.61", "2017-01-31": "7.68", "2016-10-31": "9.25", "2016-07-31": "7.18", "2016-04-30": "8.80", "2016-01-31": "8.44", "2015-10-31": "7.36", "2015-07-31": "4.59", "2015-04-30": "4.47", "2015-01-31": "4.68", "2014-10-31": "4.77", "2014-07-31": "4.88", "2014-04-30": "4.43", "2014-01-31": "4.09", "2013-10-31": "4.52", "2013-07-31": "4.51", "2013-04-30": "4.45", "2013-01-31": "4.31", "2012-10-31": "4.56", "2012-07-31": "4.46", "2012-04-30": "4.18", "2012-01-31": "3.89", "2011-10-31": "4.15", "2011-07-31": "3.94", "2011-04-30": "3.58", "2011-01-31": "3.23", "2010-10-31": "3.26", "2010-07-31": "2.96", "2010-04-30": "3.82", "2010-01-31": "3.41", "2009-10-31": "3.43", "2009-07-31": "2.98", "2009-04-30": "2.69", "2009-01-31": "1.56", "2008-10-31": "2.28", "2008-07-31": "3.72", "2008-04-30": "4.87", "2008-01-31": "5.17", "2007-10-31": "4.68", "2007-07-31": "4.12", "2007-04-30": "4.07", "2007-01-31": "4.38", "2006-10-31": "4.11", "2006-07-31": "3.15", "2006-04-30": "3.31", "2006-01-31": "3.53"}, "price fcf": {"2021-02-05": "", "2020-10-31": "$-1.69", "2020-07-31": "$-4.64", "2020-04-30": "$-2.09", "2020-01-31": "$1.93", "2019-10-31": "$1.44", "2019-07-31": "$3.23", "2019-04-30": "$2.91", "2019-01-31": "$3.78", "2018-10-31": "$4.84", "2018-07-31": "$4.49", "2018-04-30": "$3.42", "2018-01-31": "$3.96", "2017-10-31": "$3.53", "2017-07-31": "$3.44", "2017-04-30": "$4.41", "2017-01-31": "$4.62", "2016-10-31": "$4.12", "2016-07-31": "$10.42", "2016-04-30": "$7.40", "2016-01-31": "$7.30", "2015-10-31": "$7.01", "2015-07-31": "$1.34", "2015-04-30": "$1.37", "2015-01-31": "$1.85", "2014-10-31": "$1.61", "2014-07-31": "$1.98", "2014-04-30": "$2.78", "2014-01-31": "$2.62", "2013-10-31": "$2.71", "2013-07-31": "$2.76", "2013-04-30": "$2.66", "2013-01-31": "$2.89", "2012-10-31": "$2.66", "2012-07-31": "$2.59", "2012-04-30": "$2.93", "2012-01-31": "$3.06", "2011-10-31": "$3.37", "2011-07-31": "$3.37", "2011-04-30": "$3.42", "2011-01-31": "$3.50", "2010-10-31": "$2.89", "2010-07-31": "$3.10", "2010-04-30": "$4.07", "2010-01-31": "$4.06", "2009-10-31": "$3.59", "2009-07-31": "$3.24", "2009-04-30": "$1.72", "2009-01-31": "$1.30", "2008-10-31": "$1.34", "2008-07-31": "$1.38", "2008-04-30": "$1.36", "2008-01-31": "$-0.76", "2007-10-31": "$-0.74", "2007-07-31": "$-0.31", "2007-04-30": "$1.31", "2007-01-31": "$3.30", "2006-10-31": "$3.82"}, "net worth": {"value": "$5.37B"}, "current ratio": {"current": "0.89", "2020-10-31": "0.89", "2020-07-31": "0.94", "2020-04-30": "0.97", "2020-01-31": "0.92", "2019-10-31": "0.90", "2019-07-31": "0.79", "2019-04-30": "0.76", "2019-01-31": "1.00", "2018-10-31": "1.12", "2018-07-31": "1.10", "2018-04-30": "1.10", "2018-01-31": "1.07", "2017-10-31": "1.00", "2017-07-31": "1.01", "2017-04-30": "1.01", "2017-01-31": "1.07", "2016-10-31": "1.04", "2016-07-31": "1.01", "2016-04-30": "1.02", "2016-01-31": "1.04", "2015-10-31": "1.22", "2015-07-31": "1.57", "2015-04-30": "1.84", "2015-01-31": "1.87", "2014-10-31": "1.77", "2014-07-31": "1.90", "2014-04-30": "1.98", "2014-01-31": "2.06", "2013-10-31": "1.73", "2013-07-31": "1.79", "2013-04-30": "2.21", "2013-01-31": "2.28", "2012-10-31": "2.16", "2012-07-31": "2.15", "2012-04-30": "2.41", "2012-01-31": "2.16", "2011-10-31": "1.91", "2011-07-31": "1.85", "2011-04-30": "1.95", "2011-01-31": "2.57", "2010-10-31": "2.43", "2010-07-31": "2.40", "2010-04-30": "2.51", "2010-01-31": "2.01", "2009-10-31": "1.90", "2009-07-31": "1.90", "2009-04-30": "1.81", "2009-01-31": "2.01", "2008-10-31": "1.75", "2008-07-31": "1.89", "2008-04-30": "1.96", "2008-01-31": "2.06", "2007-10-31": "1.87", "2007-07-31": "2.25", "2007-04-30": "2.60", "2007-01-31": "1.91", "2006-10-31": "1.72", "2006-07-31": "1.66", "2006-04-30": "1.79", "2006-01-31": "1.77", "2005-10-31": "1.68", "2005-07-31": "2.04", "2005-04-30": "2.11", "2005-01-31": "1.92"}, "quick ratio": {"2020-10-31": "0.47", "2020-07-31": "0.53", "2020-04-30": "0.57", "2020-01-31": "0.37", "2019-10-31": "0.26", "2019-07-31": "0.35", "2019-04-30": "0.25", "2019-01-31": "0.41", "2018-10-31": "0.44", "2018-07-31": "0.54", "2018-04-30": "0.44", "2018-01-31": "0.45", "2017-10-31": "0.30", "2017-07-31": "0.41", "2017-04-30": "0.32", "2017-01-31": "0.44", "2016-10-31": "0.30", "2016-07-31": "0.40", "2016-04-30": "0.30", "2016-01-31": "0.37", "2015-10-31": "0.47", "2015-07-31": "0.99", "2015-04-30": "1.15", "2015-01-31": "1.25", "2014-10-31": "1.03", "2014-07-31": "1.26", "2014-04-30": "1.33", "2014-01-31": "1.46", "2013-10-31": "1.14", "2013-07-31": "1.29", "2013-04-30": "1.56", "2013-01-31": "1.67", "2012-10-31": "1.48", "2012-07-31": "1.58", "2012-04-30": "1.79", "2012-01-31": "1.71", "2011-10-31": "1.37", "2011-07-31": "1.40", "2011-04-30": "1.49", "2011-01-31": "2.05", "2010-10-31": "1.76", "2010-07-31": "1.86", "2010-04-30": "1.90", "2010-01-31": "1.57", "2009-10-31": "1.33", "2009-07-31": "1.44", "2009-04-30": "1.26", "2009-01-31": "1.45", "2008-10-31": "1.12", "2008-07-31": "1.33", "2008-04-30": "1.31", "2008-01-31": "1.47", "2007-10-31": "1.18", "2007-07-31": "1.57", "2007-04-30": "1.82", "2007-01-31": "1.22", "2006-10-31": "0.92", "2006-07-31": "1.10", "2006-04-30": "1.09", "2006-01-31": "1.18", "2005-10-31": "0.96", "2005-07-31": "1.34", "2005-04-30": "1.29", "2005-01-31": "1.23"}, "debt equity ratio": {"current": "10.98", "2020-10-31": "37.93", "2020-07-31": "53.80", "2020-04-30": "24.11", "2020-01-31": "8.95", "2019-10-31": "10.84", "2019-07-31": "12.09", "2019-04-30": "13.34", "2019-01-31": "8.03", "2018-10-31": "6.24", "2018-07-31": "6.45", "2018-04-30": "6.49", "2018-01-31": "7.31", "2017-10-31": "8.59", "2017-07-31": "9.40", "2017-04-30": "10.48", "2017-01-31": "8.03", "2016-10-31": "8.26", "2016-07-31": "7.68", "2016-04-30": "7.80", "2016-01-31": "7.84", "2015-10-31": "5.10", "2015-07-31": "2.89", "2015-04-30": "2.74", "2015-01-31": "2.79", "2014-10-31": "3.08", "2014-07-31": "3.24", "2014-04-30": "3.24", "2014-01-31": "3.12", "2013-10-31": "3.32", "2013-07-31": "3.21", "2013-04-30": "3.31", "2013-01-31": "3.23", "2012-10-31": "3.39", "2012-07-31": "3.49", "2012-04-30": "2.96", "2012-01-31": "3.34", "2011-10-31": "3.40", "2011-07-31": "2.86", "2011-04-30": "2.63", "2011-01-31": "2.69", "2010-10-31": "2.95", "2010-07-31": "3.03", "2010-04-30": "3.11", "2010-01-31": "3.19", "2009-10-31": "3.56", "2009-07-31": "3.67", "2009-04-30": "3.52", "2009-01-31": "3.68", "2008-10-31": "4.22", "2008-07-31": "4.15", "2008-04-30": "4.28", "2008-01-31": "4.02", "2007-10-31": "3.20", "2007-07-31": "1.92", "2007-04-30": "1.51", "2007-01-31": "1.22", "2006-10-31": "1.40", "2006-07-31": "1.60", "2006-04-30": "1.36", "2006-01-31": "1.35", "2005-10-31": "1.46", "2005-07-31": "1.44", "2005-04-30": "1.44", "2005-01-31": "1.57"}, "return on equity": {"2020-10-31": "-117.87%", "2020-07-31": "-76.30%", "2020-04-30": "-8.31%", "2020-01-31": "61.23%", "2019-10-31": "70.45%", "2019-07-31": "56.57%", "2019-04-30": "53.17%", "2019-01-31": "52.64%", "2018-10-31": "42.46%", "2018-07-31": "50.78%", "2018-04-30": "50.03%", "2018-01-31": "53.08%", "2017-10-31": "61.27%", "2017-07-31": "45.61%", "2017-04-30": "44.38%", "2017-01-31": "39.98%", "2016-10-31": "37.60%", "2016-07-31": "41.46%", "2016-04-30": "36.71%", "2016-01-31": "32.76%", "2015-10-31": "30.36%", "2015-07-31": "30.16%", "2015-04-30": "30.22%", "2015-01-31": "32.54%", "2014-10-31": "34.53%", "2014-07-31": "35.49%", "2014-04-30": "35.85%", "2014-01-31": "36.76%", "2013-10-31": "38.36%", "2013-07-31": "39.35%", "2013-04-30": "38.88%", "2013-01-31": "38.10%", "2012-10-31": "35.42%", "2012-07-31": "34.38%", "2012-04-30": "34.62%", "2012-01-31": "34.20%", "2011-10-31": "33.72%", "2011-07-31": "33.43%", "2011-04-30": "32.77%", "2011-01-31": "33.15%", "2010-10-31": "31.84%", "2010-07-31": "31.79%", "2010-04-30": "31.46%", "2010-01-31": "31.32%", "2009-10-31": "25.57%", "2009-07-31": "25.98%", "2009-04-30": "30.41%", "2009-01-31": "35.18%", "2008-10-31": "48.84%", "2008-07-31": "55.53%", "2008-04-30": "50.27%", "2008-01-31": "43.02%", "2007-10-31": "38.17%", "2007-07-31": "33.75%", "2007-04-30": "33.95%", "2007-01-31": "33.89%", "2006-10-31": "32.09%", "2006-07-31": "30.68%", "2006-04-30": "28.53%", "2006-01-31": "27.71%", "2005-10-31": "26.20%"}, "return on assets": {"2020-10-31": "-5.44%", "2020-07-31": "-4.66%", "2020-04-30": "-0.62%", "2020-01-31": "5.08%", "2019-10-31": "5.93%", "2019-07-31": "5.50%", "2019-04-30": "5.97%", "2019-01-31": "6.82%", "2018-10-31": "5.59%", "2018-07-31": "6.25%", "2018-04-30": "5.68%", "2018-01-31": "5.42%", "2017-10-31": "6.10%", "2017-07-31": "4.58%", "2017-04-30": "4.68%", "2017-01-31": "4.47%", "2016-10-31": "4.23%", "2016-07-31": "5.28%", "2016-04-30": "6.15%", "2016-01-31": "6.75%", "2015-10-31": "7.28%", "2015-07-31": "7.79%", "2015-04-30": "7.66%", "2015-01-31": "7.99%", "2014-10-31": "8.29%", "2014-07-31": "8.39%", "2014-04-30": "8.49%", "2014-01-31": "8.68%", "2013-10-31": "8.99%", "2013-07-31": "9.19%", "2013-04-30": "8.93%", "2013-01-31": "8.95%", "2012-10-31": "8.26%", "2012-07-31": "8.02%", "2012-04-30": "8.37%", "2012-01-31": "8.45%", "2011-10-31": "8.68%", "2011-07-31": "8.85%", "2011-04-30": "8.59%", "2011-01-31": "8.43%", "2010-10-31": "7.84%", "2010-07-31": "7.56%", "2010-04-30": "7.21%", "2010-01-31": "7.00%", "2009-10-31": "5.55%", "2009-07-31": "5.46%", "2009-04-30": "6.23%", "2009-01-31": "6.94%", "2008-10-31": "9.45%", "2008-07-31": "11.39%", "2008-04-30": "12.18%", "2008-01-31": "12.72%", "2007-10-31": "13.54%", "2007-07-31": "13.48%", "2007-04-30": "13.97%", "2007-01-31": "14.19%", "2006-10-31": "13.24%", "2006-07-31": "12.59%", "2006-04-30": "11.89%", "2006-01-31": "11.45%", "2005-10-31": "10.59%"}, "return on investments": {"2020-10-31": "-22.62%", "2020-07-31": "-19.38%", "2020-04-30": "-3.08%", "2020-01-31": "24.22%", "2019-10-31": "25.50%", "2019-07-31": "22.16%", "2019-04-30": "21.62%", "2019-01-31": "22.32%", "2018-10-31": "22.61%", "2018-07-31": "25.93%", "2018-04-30": "25.68%", "2018-01-31": "26.24%", "2017-10-31": "28.36%", "2017-07-31": "23.86%", "2017-04-30": "23.65%", "2017-01-31": "22.02%", "2016-10-31": "19.27%", "2016-07-31": "21.16%", "2016-04-30": "22.87%", "2016-01-31": "23.34%", "2015-10-31": "23.93%", "2015-07-31": "24.59%", "2015-04-30": "23.84%", "2015-01-31": "24.83%", "2014-10-31": "25.70%", "2014-07-31": "26.40%", "2014-04-30": "27.10%", "2014-01-31": "27.50%", "2013-10-31": "27.93%", "2013-07-31": "27.98%", "2013-04-30": "26.77%", "2013-01-31": "26.58%", "2012-10-31": "24.91%", "2012-07-31": "24.55%", "2012-04-30": "26.02%", "2012-01-31": "26.99%", "2011-10-31": "27.19%", "2011-07-31": "26.82%", "2011-04-30": "25.34%", "2011-01-31": "24.14%", "2010-10-31": "23.28%", "2010-07-31": "23.49%", "2010-04-30": "23.28%", "2010-01-31": "23.15%", "2009-10-31": "19.42%", "2009-07-31": "18.55%", "2009-04-30": "20.77%", "2009-01-31": "23.16%", "2008-10-31": "35.39%", "2008-07-31": "38.03%", "2008-04-30": "37.04%", "2008-01-31": "35.04%", "2007-10-31": "32.44%", "2007-07-31": "33.28%", "2007-04-30": "36.08%", "2007-01-31": "38.66%", "2006-10-31": "32.41%", "2006-07-31": "30.60%", "2006-04-30": "27.95%", "2006-01-31": "26.55%", "2005-10-31": "24.63%"}, "return on tangible equity": {"2020-10-31": "-263.52%", "2020-07-31": "-130.39%", "2020-04-30": "-12.46%", "2020-01-31": "88.41%", "2019-10-31": "103.27%", "2019-07-31": "79.20%", "2019-04-30": "71.61%", "2019-01-31": "68.57%", "2018-10-31": "54.74%", "2018-07-31": "66.91%", "2018-04-30": "67.72%", "2018-01-31": "74.67%", "2017-10-31": "87.38%", "2017-07-31": "65.00%", "2017-04-30": "67.61%", "2017-01-31": "64.48%", "2016-10-31": "66.60%", "2016-07-31": "72.51%", "2016-04-30": "53.39%", "2016-01-31": "43.25%", "2015-10-31": "37.93%", "2015-07-31": "36.82%", "2015-04-30": "35.95%", "2015-01-31": "37.75%", "2014-10-31": "38.94%", "2014-07-31": "38.80%", "2014-04-30": "39.22%", "2014-01-31": "40.29%", "2013-10-31": "42.13%", "2013-07-31": "43.27%", "2013-04-30": "42.87%", "2013-01-31": "41.90%", "2012-10-31": "38.93%", "2012-07-31": "37.92%", "2012-04-30": "38.23%", "2012-01-31": "37.87%", "2011-10-31": "36.70%", "2011-07-31": "35.68%", "2011-04-30": "34.35%", "2011-01-31": "34.13%", "2010-10-31": "32.84%", "2010-07-31": "32.86%", "2010-04-30": "32.60%", "2010-01-31": "32.54%", "2009-10-31": "26.65%", "2009-07-31": "27.13%", "2009-04-30": "31.82%", "2009-01-31": "36.90%", "2008-10-31": "51.27%", "2008-07-31": "58.21%", "2008-04-30": "52.33%", "2008-01-31": "45.01%", "2007-10-31": "40.14%", "2007-07-31": "35.71%", "2007-04-30": "35.81%", "2007-01-31": "35.82%", "2006-10-31": "33.94%", "2006-07-31": "32.45%", "2006-04-30": "30.59%", "2006-01-31": "29.74%", "2005-10-31": "28.20%"}, "dividend yield history": {"last payout": "$0.00", "last yield": "0.00%"}}