{"ticker": "NDSN", "price": {"title": "Nordson Historical Annual Stock Price Data", "value": 188.07, "historical": {"2021": {"Average Stock Price": "193.0754", "Year Open": "196.5600", "Year High": "207.3400", "Year Low": "178.9900", "Year Close": "188.0700", "Annual % Change": "-6.41%"}, "2020": {"Average Stock Price": "179.4644", "Year Open": "165.2300", "Year High": "211.1700", "Year Low": "99.4600", "Year Close": "200.9500", "Annual % Change": "23.40%"}, "2019": {"Average Stock Price": "141.3845", "Year Open": "117.0700", "Year High": "167.6600", "Year Low": "112.7600", "Year Close": "162.8400", "Annual % Change": "36.44%"}, "2018": {"Average Stock Price": "132.9440", "Year Open": "147.4200", "Year High": "151.1400", "Year Low": "110.6800", "Year Close": "119.3500", "Annual % Change": "-18.48%"}, "2017": {"Average Stock Price": "122.1827", "Year Open": "113.4200", "Year High": "146.8400", "Year Low": "108.3200", "Year Close": "146.4000", "Annual % Change": "30.66%"}, "2016": {"Average Stock Price": "86.1716", "Year Open": "63.3500", "Year High": "114.9900", "Year Low": "53.7500", "Year Close": "112.0500", "Annual % Change": "74.67%"}, "2015": {"Average Stock Price": "73.7844", "Year Open": "78.2500", "Year High": "83.9700", "Year Low": "61.4800", "Year Close": "64.1500", "Annual % Change": "-17.71%"}, "2014": {"Average Stock Price": "75.6069", "Year Open": "73.5500", "Year High": "84.3000", "Year Low": "67.7500", "Year Close": "77.9600", "Annual % Change": "4.93%"}, "2013": {"Average Stock Price": "70.1840", "Year Open": "65.2900", "Year High": "75.0200", "Year Low": "61.3300", "Year Close": "74.3000", "Annual % Change": "17.71%"}, "2012": {"Average Stock Price": "54.5114", "Year Open": "41.5900", "Year High": "63.7000", "Year Low": "41.3200", "Year Close": "63.1200", "Annual % Change": "53.28%"}, "2011": {"Average Stock Price": "48.4837", "Year Open": "47.5800", "Year High": "59.0100", "Year Low": "37.2100", "Year Close": "41.1800", "Annual % Change": "-10.36%"}, "2010": {"Average Stock Price": "34.7574", "Year Open": "31.5300", "Year High": "47.1050", "Year Low": "27.1100", "Year Close": "45.9400", "Annual % Change": "50.18%"}, "2009": {"Average Stock Price": "21.4735", "Year Open": "17.2900", "Year High": "31.9350", "Year Low": "10.2000", "Year Close": "30.5900", "Annual % Change": "89.47%"}, "2008": {"Average Stock Price": "26.5664", "Year Open": "27.9000", "Year High": "39.3100", "Year Low": "12.3600", "Year Close": "16.1450", "Annual % Change": "-44.29%"}, "2007": {"Average Stock Price": "25.1221", "Year Open": "25.2400", "Year High": "30.4500", "Year Low": "22.2850", "Year Close": "28.9800", "Annual % Change": "16.32%"}, "2006": {"Average Stock Price": "23.2718", "Year Open": "20.4950", "Year High": "28.5850", "Year Low": "19.4100", "Year Close": "24.9150", "Annual % Change": "23.01%"}, "2005": {"Average Stock Price": "18.0161", "Year Open": "19.8200", "Year High": "21.4100", "Year Low": "14.9800", "Year Close": "20.2550", "Annual % Change": "1.10%"}, "2004": {"Average Stock Price": "18.6278", "Year Open": "17.6250", "Year High": "21.8700", "Year Low": "16.2550", "Year Close": "20.0350", "Annual % Change": "15.78%"}, "2003": {"Average Stock Price": "13.0528", "Year Open": "12.5000", "Year High": "17.9450", "Year Low": "10.3600", "Year Close": "17.3050", "Annual % Change": "39.39%"}, "2002": {"Average Stock Price": "13.2163", "Year Open": "13.2600", "Year High": "16.6600", "Year Low": "10.7250", "Year Close": "12.4150", "Annual % Change": "-5.98%"}, "2001": {"Average Stock Price": "13.1166", "Year Open": "13.2500", "Year High": "15.8750", "Year Low": "10.5700", "Year Close": "13.2050", "Annual % Change": "3.57%"}, "2000": {"Average Stock Price": "12.7111", "Year Open": "12.2825", "Year High": "16.2825", "Year Low": "9.0475", "Year Close": "12.7500", "Annual % Change": "5.70%"}, "1999": {"Average Stock Price": "13.5375", "Year Open": "13.2500", "Year High": "16.1875", "Year Low": "10.8125", "Year Close": "12.0625", "Annual % Change": "-6.09%"}, "1998": {"Average Stock Price": "11.9865", "Year Open": "11.5000", "Year High": "13.0000", "Year Low": "10.6575", "Year Close": "12.8450", "Annual % Change": "11.99%"}, "1997": {"Average Stock Price": "13.9326", "Year Open": "15.6875", "Year High": "16.0625", "Year Low": "11.1250", "Year Close": "11.4700", "Annual % Change": "-28.03%"}, "1996": {"Average Stock Price": "13.9802", "Year Open": "14.0000", "Year High": "15.9375", "Year Low": "11.7500", "Year Close": "15.9375", "Annual % Change": "13.33%"}, "1995": {"Average Stock Price": "14.1308", "Year Open": "14.6875", "Year High": "15.1250", "Year Low": "13.4375", "Year Close": "14.0625", "Annual % Change": "-6.25%"}, "1994": {"Average Stock Price": "14.3013", "Year Open": "13.4375", "Year High": "15.7500", "Year Low": "13.3125", "Year Close": "15.0000", "Annual % Change": "11.63%"}, "1993": {"Average Stock Price": "11.5397", "Year Open": "11.8450", "Year High": "13.5625", "Year Low": "9.6250", "Year Close": "13.4375", "Annual % Change": "13.16%"}, "1992": {"Average Stock Price": "12.1646", "Year Open": "11.6250", "Year High": "14.2500", "Year Low": "10.9375", "Year Close": "11.8750", "Annual % Change": "3.26%"}, "1991": {"Average Stock Price": "7.2924", "Year Open": "5.7500", "Year High": "11.5000", "Year Low": "5.5625", "Year Close": "11.5000", "Annual % Change": "93.68%"}}}, "market cap": {"value": "$10.93B"}, "income statement": {"Revenue": {"2020-10-31": "2121.10000", "2019-10-31": "2194.22600", "2018-10-31": "2254.66800", "2017-10-31": "2066.98200", "2016-10-31": "1808.99400", "2015-10-31": "1688.66600", "2014-10-31": "1704.02100", "2013-10-31": "1542.92100", "2012-10-31": "1409.57800", "2011-10-31": "1233.15900", "2010-10-31": "1041.55100", "2009-10-31": "819.16500", "2008-10-31": "1124.82900", "2007-10-31": "993.64900", "2006-10-31": "892.22100", "2005-10-31": "832.17900"}, "Cost Of Goods Sold": {"2020-10-31": "990.63200", "2019-10-31": "1002.12300", "2018-10-31": "1018.34000", "2017-10-31": "927.69200", "2016-10-31": "815.49500", "2015-10-31": "774.70200", "2014-10-31": "758.92300", "2013-10-31": "676.77700", "2012-10-31": "586.28900", "2011-10-31": "484.72700", "2010-10-31": "419.93700", "2009-10-31": "350.23900", "2008-10-31": "494.39400", "2007-10-31": "439.80400", "2006-10-31": "379.80000", "2005-10-31": "362.82400"}, "Gross Profit": {"2020-10-31": "1130.46800", "2019-10-31": "1192.10300", "2018-10-31": "1236.32800", "2017-10-31": "1139.29000", "2016-10-31": "993.49900", "2015-10-31": "913.96400", "2014-10-31": "945.09800", "2013-10-31": "866.14400", "2012-10-31": "823.28900", "2011-10-31": "748.43210", "2010-10-31": "621.61400", "2009-10-31": "468.92600", "2008-10-31": "630.43490", "2007-10-31": "553.84500", "2006-10-31": "512.42100", "2005-10-31": "469.35500"}, "Research And Development Expenses": {"2020-10-31": "", "2019-10-31": "", "2018-10-31": "", "2017-10-31": "", "2016-10-31": "", "2015-10-31": "", "2014-10-31": "", "2013-10-31": "", "2012-10-31": "", "2011-10-31": "", "2010-10-31": "", "2009-10-31": "", "2008-10-31": "", "2007-10-31": "", "2006-10-31": "", "2005-10-31": ""}, "SG&A Expenses": {"2020-10-31": "693.55200", "2019-10-31": "708.99000", "2018-10-31": "733.74900", "2017-10-31": "672.88800", "2016-10-31": "605.06800", "2015-10-31": "584.82300", "2014-10-31": "575.44200", "2013-10-31": "541.16900", "2012-10-31": "487.80900", "2011-10-31": "429.48900", "2010-10-31": "384.75200", "2009-10-31": "337.29400", "2008-10-31": "434.47600", "2007-10-31": "401.29400", "2006-10-31": "362.17900", "2005-10-31": "337.78200"}, "Other Operating Income Or Expenses": {"2020-10-31": "-87.37100", "2019-10-31": "", "2018-10-31": "", "2017-10-31": "", "2016-10-31": "", "2015-10-31": "-11.41100", "2014-10-31": "-2.55100", "2013-10-31": "-1.12600", "2012-10-31": "", "2011-10-31": "-1.58900", "2010-10-31": "-2.02900", "2009-10-31": "-16.39600", "2008-10-31": "-5.62100", "2007-10-31": "-0.40900", "2006-10-31": "-2.62700", "2005-10-31": "-0.87500"}, "Operating Expenses": {"2020-10-31": "1771.55500", "2019-10-31": "1711.11300", "2018-10-31": "1752.08900", "2017-10-31": "1600.58000", "2016-10-31": "1420.56300", "2015-10-31": "1370.93600", "2014-10-31": "1336.91600", "2013-10-31": "1219.07200", "2012-10-31": "1074.09800", "2011-10-31": "917.61600", "2010-10-31": "806.71800", "2009-10-31": "946.97200", "2008-10-31": "934.49100", "2007-10-31": "841.50700", "2006-10-31": "744.60600", "2005-10-31": "701.48100"}, "Operating Income": {"2020-10-31": "349.54500", "2019-10-31": "483.11300", "2018-10-31": "502.57890", "2017-10-31": "466.40190", "2016-10-31": "388.43100", "2015-10-31": "317.73000", "2014-10-31": "367.10500", "2013-10-31": "323.84900", "2012-10-31": "335.48000", "2011-10-31": "315.54310", "2010-10-31": "234.83300", "2009-10-31": "-127.80700", "2008-10-31": "190.33800", "2007-10-31": "152.14200", "2006-10-31": "147.61500", "2005-10-31": "130.69800"}, "Total Non-Operating Income/Expense": {"2020-10-31": "-48.05600", "2019-10-31": "-52.00900", "2018-10-31": "-54.06000", "2017-10-31": "-46.11100", "2016-10-31": "-19.93700", "2015-10-31": "-16.86800", "2014-10-31": "-14.59200", "2013-10-31": "-12.72600", "2012-10-31": "-9.22700", "2011-10-31": "-0.98200", "2010-10-31": "-3.51400", "2009-10-31": "0.61600", "2008-10-31": "-10.55000", "2007-10-31": "-16.42000", "2006-10-31": "-11.18100", "2005-10-31": "-10.41300"}, "Pre-Tax Income": {"2020-10-31": "301.48900", "2019-10-31": "431.10400", "2018-10-31": "448.51900", "2017-10-31": "420.29100", "2016-10-31": "368.49400", "2015-10-31": "300.86200", "2014-10-31": "352.51300", "2013-10-31": "311.12300", "2012-10-31": "326.25300", "2011-10-31": "314.56100", "2010-10-31": "231.31900", "2009-10-31": "-127.19100", "2008-10-31": "179.78800", "2007-10-31": "135.72200", "2006-10-31": "136.43400", "2005-10-31": "120.28500"}, "Income Taxes": {"2020-10-31": "51.95000", "2019-10-31": "94.01300", "2018-10-31": "71.14400", "2017-10-31": "124.48900", "2016-10-31": "96.65100", "2015-10-31": "89.75100", "2014-10-31": "105.74000", "2013-10-31": "89.30600", "2012-10-31": "101.42400", "2011-10-31": "92.19700", "2010-10-31": "63.27100", "2009-10-31": "32.86400", "2008-10-31": "62.28400", "2007-10-31": "45.03000", "2006-10-31": "38.76700", "2005-10-31": "35.77500"}, "Income After Taxes": {"2020-10-31": "249.53900", "2019-10-31": "337.09100", "2018-10-31": "377.37500", "2017-10-31": "295.80200", "2016-10-31": "271.84300", "2015-10-31": "211.11100", "2014-10-31": "246.77300", "2013-10-31": "221.81700", "2012-10-31": "224.82900", "2011-10-31": "222.36400", "2010-10-31": "168.04800", "2009-10-31": "-160.05500", "2008-10-31": "117.50400", "2007-10-31": "90.69200", "2006-10-31": "97.66700", "2005-10-31": "84.51000"}, "Other Income": {"2020-10-31": "", "2019-10-31": "", "2018-10-31": "", "2017-10-31": "", "2016-10-31": "", "2015-10-31": "", "2014-10-31": "", "2013-10-31": "", "2012-10-31": "", "2011-10-31": "", "2010-10-31": "", "2009-10-31": "", "2008-10-31": "", "2007-10-31": "", "2006-10-31": "", "2005-10-31": ""}, "Income From Continuous Operations": {"2020-10-31": "249.53900", "2019-10-31": "337.09100", "2018-10-31": "377.37500", "2017-10-31": "295.80200", "2016-10-31": "271.84300", "2015-10-31": "211.11100", "2014-10-31": "246.77300", "2013-10-31": "221.81700", "2012-10-31": "224.82900", "2011-10-31": "222.36400", "2010-10-31": "168.04800", "2009-10-31": "-160.05500", "2008-10-31": "117.50400", "2007-10-31": "90.69200", "2006-10-31": "97.66700", "2005-10-31": "84.51000"}, "Income From Discontinued Operations": {"2020-10-31": "", "2019-10-31": "", "2018-10-31": "", "2017-10-31": "", "2016-10-31": "", "2015-10-31": "", "2014-10-31": "", "2013-10-31": "", "2012-10-31": "", "2011-10-31": "", "2010-10-31": "", "2009-10-31": "", "2008-10-31": "", "2007-10-31": "", "2006-10-31": "-7.06900", "2005-10-31": "-6.17200"}, "Net Income": {"2020-10-31": "249.53900", "2019-10-31": "337.09100", "2018-10-31": "377.37500", "2017-10-31": "295.80200", "2016-10-31": "271.84300", "2015-10-31": "211.11100", "2014-10-31": "246.77300", "2013-10-31": "221.81700", "2012-10-31": "224.82900", "2011-10-31": "222.36400", "2010-10-31": "168.04800", "2009-10-31": "-160.05500", "2008-10-31": "117.50400", "2007-10-31": "90.69200", "2006-10-31": "90.59800", "2005-10-31": "78.33800"}, "EBITDA": {"2020-10-31": "462.84700", "2019-10-31": "593.35710", "2018-10-31": "610.98580", "2017-10-31": "557.25590", "2016-10-31": "458.73500", "2015-10-31": "382.92400", "2014-10-31": "426.85900", "2013-10-31": "378.28700", "2012-10-31": "374.47000", "2011-10-31": "346.13010", "2010-10-31": "263.72100", "2009-10-31": "146.64600", "2008-10-31": "222.57500", "2007-10-31": "180.07500", "2006-10-31": "170.92500", "2005-10-31": "154.15700"}, "EBIT": {"2020-10-31": "349.54500", "2019-10-31": "483.11300", "2018-10-31": "502.57890", "2017-10-31": "466.40190", "2016-10-31": "388.43100", "2015-10-31": "317.73000", "2014-10-31": "367.10500", "2013-10-31": "323.84900", "2012-10-31": "335.48000", "2011-10-31": "315.54310", "2010-10-31": "234.83300", "2009-10-31": "-127.80700", "2008-10-31": "190.33800", "2007-10-31": "152.14200", "2006-10-31": "147.61500", "2005-10-31": "130.69800"}, "Basic Shares Outstanding": {"2020-10-31": "57.75700", "2019-10-31": "57.46200", "2018-10-31": "57.97000", "2017-10-31": "57.53300", "2016-10-31": "57.06000", "2015-10-31": "60.65200", "2014-10-31": "63.65600", "2013-10-31": "64.21400", "2012-10-31": "64.40700", "2011-10-31": "67.61600", "2010-10-31": "67.61000", "2009-10-31": "67.12900", "2008-10-31": "67.49200", "2007-10-31": "67.09400", "2006-10-31": "66.73000", "2005-10-31": "71.43600"}, "Shares Outstanding": {"2020-10-31": "58.47300", "2019-10-31": "58.20200", "2018-10-31": "58.93100", "2017-10-31": "58.20400", "2016-10-31": "57.53000", "2015-10-31": "61.15100", "2014-10-31": "64.28100", "2013-10-31": "64.90800", "2012-10-31": "65.10300", "2011-10-31": "68.42500", "2010-10-31": "68.44200", "2009-10-31": "67.12900", "2008-10-31": "68.61400", "2007-10-31": "68.36400", "2006-10-31": "68.36000", "2005-10-31": "73.05400"}, "Basic EPS": {"2020-10-31": "4.32000", "2019-10-31": "5.87000", "2018-10-31": "6.51000", "2017-10-31": "5.14000", "2016-10-31": "4.76000", "2015-10-31": "3.48000", "2014-10-31": "3.88000", "2013-10-31": "3.45000", "2012-10-31": "3.49000", "2011-10-31": "3.29000", "2010-10-31": "2.49000", "2009-10-31": "-2.38000", "2008-10-31": "1.74000", "2007-10-31": "1.35000", "2006-10-31": "1.36000", "2005-10-31": "1.09500"}, "EPS - Earnings Per Share": {"2020-10-31": "4.27000", "2019-10-31": "5.79000", "2018-10-31": "6.40000", "2017-10-31": "5.08000", "2016-10-31": "4.73000", "2015-10-31": "3.45000", "2014-10-31": "3.84000", "2013-10-31": "3.42000", "2012-10-31": "3.45000", "2011-10-31": "3.25000", "2010-10-31": "2.46000", "2009-10-31": "-2.38000", "2008-10-31": "1.71500", "2007-10-31": "1.32500", "2006-10-31": "1.32500", "2005-10-31": "1.07000"}}, "income statement, quarterly": {"Revenue": {"2020-10-31": "558.52500", "2020-07-31": "538.18100", "2020-04-30": "529.47800", "2020-01-31": "494.91600", "2019-10-31": "585.45100", "2019-07-31": "559.74600", "2019-04-30": "551.11900", "2019-01-31": "497.91000", "2018-10-31": "569.29500", "2018-07-31": "581.24300", "2018-04-30": "553.70600", "2018-01-31": "550.42400", "2017-10-31": "573.93700", "2017-07-31": "589.43800", "2017-04-30": "496.13700", "2017-01-31": "407.47000", "2016-10-31": "509.28290", "2016-07-31": "489.89900", "2016-04-30": "437.59200", "2016-01-31": "372.22000", "2015-10-31": "446.20010", "2015-07-31": "462.73100", "2015-04-30": "400.72700", "2015-01-31": "379.00800", "2014-10-31": "468.58990", "2014-07-31": "458.55000", "2014-04-30": "417.46100", "2014-01-31": "359.42000", "2013-10-31": "410.81810", "2013-07-31": "402.96000", "2013-04-30": "382.10000", "2013-01-31": "347.04300", "2012-10-31": "438.67710", "2012-07-31": "379.87200", "2012-04-30": "315.19300", "2012-01-31": "275.83600", "2011-10-31": "331.01800", "2011-07-31": "312.25500", "2011-04-30": "318.92400", "2011-01-31": "270.96200", "2010-10-31": "290.18210", "2010-07-31": "279.12100", "2010-04-30": "251.65900", "2010-01-31": "220.58900", "2009-10-31": "237.44400", "2009-07-31": "206.27300", "2009-04-30": "188.84000", "2009-01-31": "186.60800", "2008-10-31": "297.66200", "2008-07-31": "288.36200", "2008-04-30": "294.11600", "2008-01-31": "244.68900", "2007-10-31": "290.76800", "2007-07-31": "257.71300", "2007-04-30": "241.29300", "2007-01-31": "203.87500", "2006-10-31": "241.51200", "2006-07-31": "225.51800", "2006-04-30": "227.84000", "2006-01-31": "197.35100", "2005-10-31": "232.82000", "2005-07-31": "201.57000", "2005-04-30": "207.62300", "2005-01-31": "190.16600"}, "Cost Of Goods Sold": {"2020-10-31": "261.65700", "2020-07-31": "257.37300", "2020-04-30": "239.88000", "2020-01-31": "231.72200", "2019-10-31": "266.47600", "2019-07-31": "257.12300", "2019-04-30": "249.59000", "2019-01-31": "228.93400", "2018-10-31": "261.43100", "2018-07-31": "260.76700", "2018-04-30": "246.69100", "2018-01-31": "249.45100", "2017-10-31": "261.56200", "2017-07-31": "263.17300", "2017-04-30": "220.62500", "2017-01-31": "182.33200", "2016-10-31": "234.31600", "2016-07-31": "216.67900", "2016-04-30": "189.18700", "2016-01-31": "175.31300", "2015-10-31": "211.33900", "2015-07-31": "214.23900", "2015-04-30": "178.83700", "2015-01-31": "170.28700", "2014-10-31": "211.33700", "2014-07-31": "201.03900", "2014-04-30": "181.90900", "2014-01-31": "164.63800", "2013-10-31": "183.92400", "2013-07-31": "177.87700", "2013-04-30": "165.16200", "2013-01-31": "149.81400", "2012-10-31": "197.60400", "2012-07-31": "156.65800", "2012-04-30": "125.53700", "2012-01-31": "106.49000", "2011-10-31": "134.55900", "2011-07-31": "124.20500", "2011-04-30": "121.17200", "2011-01-31": "104.79100", "2010-10-31": "119.91100", "2010-07-31": "113.32000", "2010-04-30": "97.79200", "2010-01-31": "88.91400", "2009-10-31": "100.37500", "2009-07-31": "84.53600", "2009-04-30": "85.95700", "2009-01-31": "79.37100", "2008-10-31": "135.39800", "2008-07-31": "125.92300", "2008-04-30": "128.24300", "2008-01-31": "104.83000", "2007-10-31": "131.16600", "2007-07-31": "113.00500", "2007-04-30": "109.41900", "2007-01-31": "86.21400", "2006-10-31": "102.08800", "2006-07-31": "97.22600", "2006-04-30": "97.15000", "2006-01-31": "83.33600", "2005-10-31": "99.38300", "2005-07-31": "87.74800", "2005-04-30": "92.06800", "2005-01-31": "83.62500"}, "Gross Profit": {"2020-10-31": "296.86800", "2020-07-31": "280.80800", "2020-04-30": "289.59800", "2020-01-31": "263.19400", "2019-10-31": "318.97500", "2019-07-31": "302.62300", "2019-04-30": "301.52900", "2019-01-31": "268.97600", "2018-10-31": "307.86400", "2018-07-31": "320.47600", "2018-04-30": "307.01500", "2018-01-31": "300.97300", "2017-10-31": "312.37500", "2017-07-31": "326.26500", "2017-04-30": "275.51200", "2017-01-31": "225.13800", "2016-10-31": "274.96700", "2016-07-31": "273.22000", "2016-04-30": "248.40500", "2016-01-31": "196.90700", "2015-10-31": "234.86110", "2015-07-31": "248.49200", "2015-04-30": "221.89000", "2015-01-31": "208.72100", "2014-10-31": "257.25300", "2014-07-31": "257.51100", "2014-04-30": "235.55200", "2014-01-31": "194.78200", "2013-10-31": "226.89410", "2013-07-31": "225.08300", "2013-04-30": "216.93800", "2013-01-31": "197.22900", "2012-10-31": "241.07310", "2012-07-31": "223.21400", "2012-04-30": "189.65600", "2012-01-31": "169.34600", "2011-10-31": "196.45910", "2011-07-31": "188.05000", "2011-04-30": "197.75200", "2011-01-31": "166.17100", "2010-10-31": "170.27110", "2010-07-31": "165.80100", "2010-04-30": "153.86700", "2010-01-31": "131.67500", "2009-10-31": "137.06900", "2009-07-31": "121.73700", "2009-04-30": "102.88300", "2009-01-31": "107.23700", "2008-10-31": "162.26390", "2008-07-31": "162.43900", "2008-04-30": "165.87300", "2008-01-31": "139.85900", "2007-10-31": "159.60200", "2007-07-31": "144.70800", "2007-04-30": "131.87400", "2007-01-31": "117.66100", "2006-10-31": "139.42400", "2006-07-31": "128.29200", "2006-04-30": "130.69000", "2006-01-31": "114.01500", "2005-10-31": "133.43700", "2005-07-31": "113.82200", "2005-04-30": "115.55500", "2005-01-31": "106.54100"}, "Research And Development Expenses": {"2020-10-31": "", "2020-07-31": "", "2020-04-30": "", "2020-01-31": "", "2019-10-31": "", "2019-07-31": "", "2019-04-30": "", "2019-01-31": "", "2018-10-31": "", "2018-07-31": "", "2018-04-30": "", "2018-01-31": "", "2017-10-31": "", "2017-07-31": "", "2017-04-30": "", "2017-01-31": "", "2016-10-31": "", "2016-07-31": "", "2016-04-30": "", "2016-01-31": "", "2015-10-31": "", "2015-07-31": "", "2015-04-30": "", "2015-01-31": "", "2014-10-31": "", "2014-07-31": "", "2014-04-30": "", "2014-01-31": "", "2013-10-31": "", "2013-07-31": "", "2013-04-30": "", "2013-01-31": "", "2012-10-31": "", "2012-07-31": "", "2012-04-30": "", "2012-01-31": "", "2011-10-31": "", "2011-07-31": "", "2011-04-30": "", "2011-01-31": "", "2010-10-31": "", "2010-07-31": "", "2010-04-30": "", "2010-01-31": "", "2009-10-31": "", "2009-07-31": "", "2009-04-30": "", "2009-01-31": "", "2008-10-31": "", "2008-07-31": "", "2008-04-30": "", "2008-01-31": "", "2007-10-31": "", "2007-07-31": "", "2007-04-30": "", "2007-01-31": "", "2006-10-31": "", "2006-07-31": "", "2006-04-30": "", "2006-01-31": "", "2005-10-31": "", "2005-07-31": "", "2005-04-30": "", "2005-01-31": ""}, "SG&A Expenses": {"2020-10-31": "172.12900", "2020-07-31": "168.75300", "2020-04-30": "164.56900", "2020-01-31": "188.10100", "2019-10-31": "179.31500", "2019-07-31": "172.34700", "2019-04-30": "172.63300", "2019-01-31": "184.69500", "2018-10-31": "191.06900", "2018-07-31": "182.93400", "2018-04-30": "178.12300", "2018-01-31": "181.62300", "2017-10-31": "178.88800", "2017-07-31": "172.79900", "2017-04-30": "171.98100", "2017-01-31": "149.22000", "2016-10-31": "164.10400", "2016-07-31": "149.53400", "2016-04-30": "146.50100", "2016-01-31": "144.92900", "2015-10-31": "147.80200", "2015-07-31": "145.64200", "2015-04-30": "145.47600", "2015-01-31": "145.90300", "2014-10-31": "148.74500", "2014-07-31": "143.05600", "2014-04-30": "142.71800", "2014-01-31": "140.92300", "2013-10-31": "139.48700", "2013-07-31": "131.86700", "2013-04-30": "134.73600", "2013-01-31": "135.07900", "2012-10-31": "140.14300", "2012-07-31": "124.55500", "2012-04-30": "111.06300", "2012-01-31": "112.04800", "2011-10-31": "114.18800", "2011-07-31": "109.33000", "2011-04-30": "105.32400", "2011-01-31": "100.64700", "2010-10-31": "95.49500", "2010-07-31": "98.10600", "2010-04-30": "96.27700", "2010-01-31": "94.87400", "2009-10-31": "88.36400", "2009-07-31": "83.58200", "2009-04-30": "79.25000", "2009-01-31": "86.09800", "2008-10-31": "108.52400", "2008-07-31": "110.90200", "2008-04-30": "111.68200", "2008-01-31": "103.36800", "2007-10-31": "110.94100", "2007-07-31": "103.51600", "2007-04-30": "97.44200", "2007-01-31": "89.39500", "2006-10-31": "98.10200", "2006-07-31": "91.09300", "2006-04-30": "90.59400", "2006-01-31": "82.39000", "2005-10-31": "81.74000", "2005-07-31": "85.87400", "2005-04-30": "87.37700", "2005-01-31": "82.79100"}, "Other Operating Income Or Expenses": {"2020-10-31": "", "2020-07-31": "", "2020-04-30": "", "2020-01-31": "", "2019-10-31": "", "2019-07-31": "", "2019-04-30": "", "2019-01-31": "", "2018-10-31": "", "2018-07-31": "", "2018-04-30": "", "2018-01-31": "", "2017-10-31": "", "2017-07-31": "", "2017-04-30": "", "2017-01-31": "", "2016-10-31": "", "2016-07-31": "", "2016-04-30": "", "2016-01-31": "", "2015-10-31": "", "2015-07-31": "", "2015-04-30": "", "2015-01-31": "", "2014-10-31": "", "2014-07-31": "", "2014-04-30": "", "2014-01-31": "", "2013-10-31": "-0.54000", "2013-07-31": "", "2013-04-30": "", "2013-01-31": "-0.58600", "2012-10-31": "", "2012-07-31": "-0.12100", "2012-04-30": "-1.73600", "2012-01-31": "-0.81100", "2011-10-31": "-1.52500", "2011-07-31": "-0.06400", "2011-04-30": "0.00000", "2011-01-31": "0.00000", "2010-10-31": "-1.49800", "2010-07-31": "", "2010-04-30": "", "2010-01-31": "-0.53100", "2009-10-31": "-2.30100", "2009-07-31": "-0.97700", "2009-04-30": "-5.05400", "2009-01-31": "-8.06400", "2008-10-31": "-5.32100", "2008-07-31": "-0.24000", "2008-04-30": "0.03200", "2008-01-31": "-0.09200", "2007-10-31": "-0.14100", "2007-07-31": "-0.21300", "2007-04-30": "-0.05500", "2007-01-31": "", "2006-10-31": "0.10400", "2006-07-31": "-0.55600", "2006-04-30": "-0.94200", "2006-01-31": "-1.23300", "2005-10-31": "", "2005-07-31": "", "2005-04-30": "", "2005-01-31": ""}, "Operating Expenses": {"2020-10-31": "521.15710", "2020-07-31": "426.12600", "2020-04-30": "404.44900", "2020-01-31": "419.82300", "2019-10-31": "445.79100", "2019-07-31": "429.47000", "2019-04-30": "422.22300", "2019-01-31": "413.62900", "2018-10-31": "452.50020", "2018-07-31": "443.70100", "2018-04-30": "424.81400", "2018-01-31": "431.07400", "2017-10-31": "440.45010", "2017-07-31": "435.97200", "2017-04-30": "392.60600", "2017-01-31": "331.55200", "2016-10-31": "398.42000", "2016-07-31": "366.21300", "2016-04-30": "335.68800", "2016-01-31": "320.24200", "2015-10-31": "370.55210", "2015-07-31": "359.88100", "2015-04-30": "324.31300", "2015-01-31": "316.19000", "2014-10-31": "362.63300", "2014-07-31": "344.09500", "2014-04-30": "324.62700", "2014-01-31": "305.56100", "2013-10-31": "323.95100", "2013-07-31": "309.74400", "2013-04-30": "299.89800", "2013-01-31": "285.47900", "2012-10-31": "335.07900", "2012-07-31": "281.33400", "2012-04-30": "238.33600", "2012-01-31": "219.34900", "2011-10-31": "252.08300", "2011-07-31": "233.59900", "2011-04-30": "226.49600", "2011-01-31": "205.43800", "2010-10-31": "216.90400", "2010-07-31": "211.42600", "2010-04-30": "194.06900", "2010-01-31": "184.31900", "2009-10-31": "434.08300", "2009-07-31": "169.09500", "2009-04-30": "170.26100", "2009-01-31": "173.53300", "2008-10-31": "249.24300", "2008-07-31": "237.06500", "2008-04-30": "239.89300", "2008-01-31": "208.29000", "2007-10-31": "242.24800", "2007-07-31": "216.73400", "2007-04-30": "206.91600", "2007-01-31": "175.60900", "2006-10-31": "200.08600", "2006-07-31": "188.87500", "2006-04-30": "188.68600", "2006-01-31": "166.95900", "2005-10-31": "181.99800", "2005-07-31": "173.62200", "2005-04-30": "179.44500", "2005-01-31": "166.41600"}, "Operating Income": {"2020-10-31": "37.36790", "2020-07-31": "112.05510", "2020-04-30": "125.02900", "2020-01-31": "75.09300", "2019-10-31": "139.66000", "2019-07-31": "130.27600", "2019-04-30": "128.89600", "2019-01-31": "84.28100", "2018-10-31": "116.79480", "2018-07-31": "137.54200", "2018-04-30": "128.89200", "2018-01-31": "119.35000", "2017-10-31": "133.48690", "2017-07-31": "153.46600", "2017-04-30": "103.53100", "2017-01-31": "75.91800", "2016-10-31": "110.86290", "2016-07-31": "123.68600", "2016-04-30": "101.90400", "2016-01-31": "51.97800", "2015-10-31": "75.64800", "2015-07-31": "102.85000", "2015-04-30": "76.41400", "2015-01-31": "62.81800", "2014-10-31": "105.95690", "2014-07-31": "114.45500", "2014-04-30": "92.83400", "2014-01-31": "53.85900", "2013-10-31": "86.86710", "2013-07-31": "93.21600", "2013-04-30": "82.20200", "2013-01-31": "61.56400", "2012-10-31": "103.59800", "2012-07-31": "98.53800", "2012-04-30": "76.85700", "2012-01-31": "56.48700", "2011-10-31": "78.93510", "2011-07-31": "78.65600", "2011-04-30": "92.42800", "2011-01-31": "65.52400", "2010-10-31": "73.27810", "2010-07-31": "67.69500", "2010-04-30": "57.59000", "2010-01-31": "36.27000", "2009-10-31": "-196.63900", "2009-07-31": "37.17800", "2009-04-30": "18.57900", "2009-01-31": "13.07500", "2008-10-31": "48.41900", "2008-07-31": "51.29700", "2008-04-30": "54.22300", "2008-01-31": "36.39900", "2007-10-31": "48.51990", "2007-07-31": "40.97900", "2007-04-30": "34.37700", "2007-01-31": "28.26600", "2006-10-31": "41.42600", "2006-07-31": "36.64300", "2006-04-30": "39.15400", "2006-01-31": "30.39200", "2005-10-31": "50.82200", "2005-07-31": "27.94800", "2005-04-30": "28.17800", "2005-01-31": "23.75000"}, "Total Non-Operating Income/Expense": {"2020-10-31": "-11.06600", "2020-07-31": "-16.54800", "2020-04-30": "-8.44400", "2020-01-31": "-11.99800", "2019-10-31": "-12.37700", "2019-07-31": "-10.77900", "2019-04-30": "-12.61500", "2019-01-31": "-16.23800", "2018-10-31": "-12.60800", "2018-07-31": "-14.84700", "2018-04-30": "-10.77300", "2018-01-31": "-15.83200", "2017-10-31": "-20.61700", "2017-07-31": "-11.01100", "2017-04-30": "-8.95800", "2017-01-31": "-5.52500", "2016-10-31": "-5.49900", "2016-07-31": "-6.44900", "2016-04-30": "-3.08500", "2016-01-31": "-4.90400", "2015-10-31": "-3.52300", "2015-07-31": "-4.39100", "2015-04-30": "-4.84900", "2015-01-31": "-4.10500", "2014-10-31": "-3.29000", "2014-07-31": "-3.90900", "2014-04-30": "-3.72100", "2014-01-31": "-3.67200", "2013-10-31": "-2.91900", "2013-07-31": "-0.54200", "2013-04-30": "-4.08300", "2013-01-31": "-5.18200", "2012-10-31": "-3.09000", "2012-07-31": "-3.40300", "2012-04-30": "-1.87700", "2012-01-31": "-0.85700", "2011-10-31": "-0.74800", "2011-07-31": "-0.46800", "2011-04-30": "0.56800", "2011-01-31": "-0.33400", "2010-10-31": "-0.20200", "2010-07-31": "-1.23300", "2010-04-30": "-1.21700", "2010-01-31": "-0.86200", "2009-10-31": "-0.85200", "2009-07-31": "-1.56200", "2009-04-30": "-1.05800", "2009-01-31": "4.08800", "2008-10-31": "-3.02000", "2008-07-31": "-0.60800", "2008-04-30": "-3.00500", "2008-01-31": "-3.91700", "2007-10-31": "-4.26500", "2007-07-31": "-5.04800", "2007-04-30": "-2.22400", "2007-01-31": "-4.88300", "2006-10-31": "-2.63800", "2006-07-31": "-1.51500", "2006-04-30": "-3.01600", "2006-01-31": "-4.01200", "2005-10-31": "-2.82400", "2005-07-31": "-2.83700", "2005-04-30": "-2.28500", "2005-01-31": "-2.46700"}, "Pre-Tax Income": {"2020-10-31": "26.30200", "2020-07-31": "95.50700", "2020-04-30": "116.58500", "2020-01-31": "63.09500", "2019-10-31": "127.28300", "2019-07-31": "119.49700", "2019-04-30": "116.28100", "2019-01-31": "68.04300", "2018-10-31": "104.18700", "2018-07-31": "122.69500", "2018-04-30": "118.11900", "2018-01-31": "103.51800", "2017-10-31": "112.87000", "2017-07-31": "142.45500", "2017-04-30": "94.57300", "2017-01-31": "70.39300", "2016-10-31": "105.36400", "2016-07-31": "117.23700", "2016-04-30": "98.81900", "2016-01-31": "47.07400", "2015-10-31": "72.12500", "2015-07-31": "98.45900", "2015-04-30": "71.56500", "2015-01-31": "58.71300", "2014-10-31": "102.66700", "2014-07-31": "110.54600", "2014-04-30": "89.11300", "2014-01-31": "50.18700", "2013-10-31": "83.94800", "2013-07-31": "92.67400", "2013-04-30": "78.11900", "2013-01-31": "56.38200", "2012-10-31": "100.50800", "2012-07-31": "95.13500", "2012-04-30": "74.98000", "2012-01-31": "55.63000", "2011-10-31": "78.18700", "2011-07-31": "78.18800", "2011-04-30": "92.99600", "2011-01-31": "65.19000", "2010-10-31": "73.07600", "2010-07-31": "66.46200", "2010-04-30": "56.37300", "2010-01-31": "35.40800", "2009-10-31": "-197.49100", "2009-07-31": "35.61600", "2009-04-30": "17.52100", "2009-01-31": "17.16300", "2008-10-31": "45.39900", "2008-07-31": "50.68900", "2008-04-30": "51.21800", "2008-01-31": "32.48200", "2007-10-31": "44.25500", "2007-07-31": "35.93100", "2007-04-30": "32.15300", "2007-01-31": "23.38300", "2006-10-31": "38.78800", "2006-07-31": "35.12800", "2006-04-30": "36.13800", "2006-01-31": "26.38000", "2005-10-31": "47.99800", "2005-07-31": "25.11100", "2005-04-30": "25.89300", "2005-01-31": "21.28300"}, "Income Taxes": {"2020-10-31": "7.82700", "2020-07-31": "8.52600", "2020-04-30": "24.50600", "2020-01-31": "11.09100", "2019-10-31": "24.61000", "2019-07-31": "25.56900", "2019-04-30": "24.35800", "2019-01-31": "19.47600", "2018-10-31": "17.48600", "2018-07-31": "27.81100", "2018-04-30": "26.88400", "2018-01-31": "-1.03700", "2017-10-31": "33.03500", "2017-07-31": "40.99900", "2017-04-30": "30.05000", "2017-01-31": "20.40500", "2016-10-31": "29.49700", "2016-07-31": "33.02300", "2016-04-30": "28.21800", "2016-01-31": "5.91300", "2015-10-31": "22.50100", "2015-07-31": "29.07100", "2015-04-30": "22.35100", "2015-01-31": "15.82800", "2014-10-31": "30.58700", "2014-07-31": "32.66700", "2014-04-30": "27.17900", "2014-01-31": "15.30700", "2013-10-31": "24.17100", "2013-07-31": "27.25000", "2013-04-30": "23.51400", "2013-01-31": "14.37100", "2012-10-31": "32.82200", "2012-07-31": "28.44100", "2012-04-30": "22.86900", "2012-01-31": "17.29200", "2011-10-31": "23.51200", "2011-07-31": "21.63800", "2011-04-30": "27.75400", "2011-01-31": "19.29300", "2010-10-31": "19.52000", "2010-07-31": "11.13300", "2010-04-30": "23.94200", "2010-01-31": "8.67600", "2009-10-31": "11.54200", "2009-07-31": "11.63700", "2009-04-30": "3.67800", "2009-01-31": "6.00700", "2008-10-31": "14.65300", "2008-07-31": "18.31900", "2008-04-30": "18.16900", "2008-01-31": "11.14300", "2007-10-31": "14.62100", "2007-07-31": "11.41000", "2007-04-30": "11.17300", "2007-01-31": "7.82600", "2006-10-31": "9.31000", "2006-07-31": "8.53800", "2006-04-30": "12.09200", "2006-01-31": "8.82700", "2005-10-31": "13.92300", "2005-07-31": "6.52000", "2005-04-30": "8.41500", "2005-01-31": "6.91700"}, "Income After Taxes": {"2020-10-31": "18.47500", "2020-07-31": "86.98100", "2020-04-30": "92.07900", "2020-01-31": "52.00400", "2019-10-31": "102.67300", "2019-07-31": "93.92800", "2019-04-30": "91.92300", "2019-01-31": "48.56700", "2018-10-31": "86.70100", "2018-07-31": "94.88400", "2018-04-30": "91.23500", "2018-01-31": "104.55500", "2017-10-31": "79.83500", "2017-07-31": "101.45600", "2017-04-30": "64.52300", "2017-01-31": "49.98800", "2016-10-31": "75.86700", "2016-07-31": "84.21400", "2016-04-30": "70.60100", "2016-01-31": "41.16100", "2015-10-31": "49.62400", "2015-07-31": "69.38800", "2015-04-30": "49.21400", "2015-01-31": "42.88500", "2014-10-31": "72.08000", "2014-07-31": "77.87900", "2014-04-30": "61.93400", "2014-01-31": "34.88000", "2013-10-31": "59.77700", "2013-07-31": "65.42400", "2013-04-30": "54.60500", "2013-01-31": "42.01100", "2012-10-31": "67.68600", "2012-07-31": "66.69400", "2012-04-30": "52.11100", "2012-01-31": "38.33800", "2011-10-31": "54.67500", "2011-07-31": "56.55000", "2011-04-30": "65.24200", "2011-01-31": "45.89700", "2010-10-31": "53.55600", "2010-07-31": "55.32900", "2010-04-30": "32.43100", "2010-01-31": "26.73200", "2009-10-31": "-209.03300", "2009-07-31": "23.97900", "2009-04-30": "13.84300", "2009-01-31": "11.15600", "2008-10-31": "30.74600", "2008-07-31": "32.37000", "2008-04-30": "33.04900", "2008-01-31": "21.33900", "2007-10-31": "29.63400", "2007-07-31": "24.52100", "2007-04-30": "20.98000", "2007-01-31": "15.55700", "2006-10-31": "29.47800", "2006-07-31": "26.59000", "2006-04-30": "24.04600", "2006-01-31": "17.55300", "2005-10-31": "34.07500", "2005-07-31": "18.59100", "2005-04-30": "17.47800", "2005-01-31": "14.36600"}, "Other Income": {"2020-10-31": "", "2020-07-31": "", "2020-04-30": "", "2020-01-31": "", "2019-10-31": "", "2019-07-31": "", "2019-04-30": "", "2019-01-31": "", "2018-10-31": "", "2018-07-31": "", "2018-04-30": "", "2018-01-31": "", "2017-10-31": "", "2017-07-31": "", "2017-04-30": "", "2017-01-31": "", "2016-10-31": "", "2016-07-31": "", "2016-04-30": "", "2016-01-31": "", "2015-10-31": "", "2015-07-31": "", "2015-04-30": "", "2015-01-31": "", "2014-10-31": "", "2014-07-31": "", "2014-04-30": "", "2014-01-31": "", "2013-10-31": "", "2013-07-31": "", "2013-04-30": "", "2013-01-31": "", "2012-10-31": "", "2012-07-31": "", "2012-04-30": "", "2012-01-31": "", "2011-10-31": "", "2011-07-31": "", "2011-04-30": "", "2011-01-31": "", "2010-10-31": "", "2010-07-31": "", "2010-04-30": "", "2010-01-31": "", "2009-10-31": "", "2009-07-31": "", "2009-04-30": "", "2009-01-31": "", "2008-10-31": "", "2008-07-31": "", "2008-04-30": "", "2008-01-31": "", "2007-10-31": "", "2007-07-31": "", "2007-04-30": "", "2007-01-31": "", "2006-10-31": "", "2006-07-31": "", "2006-04-30": "", "2006-01-31": "", "2005-10-31": "", "2005-07-31": "", "2005-04-30": "", "2005-01-31": ""}, "Income From Continuous Operations": {"2020-10-31": "18.47500", "2020-07-31": "86.98100", "2020-04-30": "92.07900", "2020-01-31": "52.00400", "2019-10-31": "102.67300", "2019-07-31": "93.92800", "2019-04-30": "91.92300", "2019-01-31": "48.56700", "2018-10-31": "86.70100", "2018-07-31": "94.88400", "2018-04-30": "91.23500", "2018-01-31": "104.55500", "2017-10-31": "79.83500", "2017-07-31": "101.45600", "2017-04-30": "64.52300", "2017-01-31": "49.98800", "2016-10-31": "75.86700", "2016-07-31": "84.21400", "2016-04-30": "70.60100", "2016-01-31": "41.16100", "2015-10-31": "49.62400", "2015-07-31": "69.38800", "2015-04-30": "49.21400", "2015-01-31": "42.88500", "2014-10-31": "72.08000", "2014-07-31": "77.87900", "2014-04-30": "61.93400", "2014-01-31": "34.88000", "2013-10-31": "59.77700", "2013-07-31": "65.42400", "2013-04-30": "54.60500", "2013-01-31": "42.01100", "2012-10-31": "67.68600", "2012-07-31": "66.69400", "2012-04-30": "52.11100", "2012-01-31": "38.33800", "2011-10-31": "54.67500", "2011-07-31": "56.55000", "2011-04-30": "65.24200", "2011-01-31": "45.89700", "2010-10-31": "53.55600", "2010-07-31": "55.32900", "2010-04-30": "32.43100", "2010-01-31": "26.73200", "2009-10-31": "-209.03300", "2009-07-31": "23.97900", "2009-04-30": "13.84300", "2009-01-31": "11.15600", "2008-10-31": "30.74600", "2008-07-31": "32.37000", "2008-04-30": "33.04900", "2008-01-31": "21.33900", "2007-10-31": "29.63400", "2007-07-31": "24.52100", "2007-04-30": "20.98000", "2007-01-31": "15.55700", "2006-10-31": "29.47800", "2006-07-31": "26.59000", "2006-04-30": "24.04600", "2006-01-31": "17.55300", "2005-10-31": "34.07500", "2005-07-31": "18.59100", "2005-04-30": "17.47800", "2005-01-31": "14.36600"}, "Income From Discontinued Operations": {"2020-10-31": "", "2020-07-31": "", "2020-04-30": "", "2020-01-31": "", "2019-10-31": "", "2019-07-31": "", "2019-04-30": "", "2019-01-31": "", "2018-10-31": "", "2018-07-31": "", "2018-04-30": "", "2018-01-31": "", "2017-10-31": "", "2017-07-31": "", "2017-04-30": "", "2017-01-31": "", "2016-10-31": "", "2016-07-31": "", "2016-04-30": "", "2016-01-31": "", "2015-10-31": "", "2015-07-31": "", "2015-04-30": "", "2015-01-31": "", "2014-10-31": "", "2014-07-31": "", "2014-04-30": "", "2014-01-31": "", "2013-10-31": "", "2013-07-31": "", "2013-04-30": "", "2013-01-31": "", "2012-10-31": "", "2012-07-31": "", "2012-04-30": "", "2012-01-31": "", "2011-10-31": "", "2011-07-31": "", "2011-04-30": "", "2011-01-31": "", "2010-10-31": "", "2010-07-31": "", "2010-04-30": "", "2010-01-31": "", "2009-10-31": "", "2009-07-31": "", "2009-04-30": "", "2009-01-31": "", "2008-10-31": "", "2008-07-31": "", "2008-04-30": "", "2008-01-31": "", "2007-10-31": "", "2007-07-31": "", "2007-04-30": "", "2007-01-31": "", "2006-10-31": "-1.69200", "2006-07-31": "-1.77600", "2006-04-30": "-2.11500", "2006-01-31": "-1.48600", "2005-10-31": "", "2005-07-31": "", "2005-04-30": "", "2005-01-31": ""}, "Net Income": {"2020-10-31": "18.47500", "2020-07-31": "86.98100", "2020-04-30": "92.07900", "2020-01-31": "52.00400", "2019-10-31": "102.67300", "2019-07-31": "93.92800", "2019-04-30": "91.92300", "2019-01-31": "48.56700", "2018-10-31": "86.70100", "2018-07-31": "94.88400", "2018-04-30": "91.23500", "2018-01-31": "104.55500", "2017-10-31": "79.83500", "2017-07-31": "101.45600", "2017-04-30": "64.52300", "2017-01-31": "49.98800", "2016-10-31": "75.86700", "2016-07-31": "84.21400", "2016-04-30": "70.60100", "2016-01-31": "41.16100", "2015-10-31": "49.62400", "2015-07-31": "69.38800", "2015-04-30": "49.21400", "2015-01-31": "42.88500", "2014-10-31": "72.08000", "2014-07-31": "77.87900", "2014-04-30": "61.93400", "2014-01-31": "34.88000", "2013-10-31": "59.77700", "2013-07-31": "65.42400", "2013-04-30": "54.60500", "2013-01-31": "42.01100", "2012-10-31": "67.68600", "2012-07-31": "66.69400", "2012-04-30": "52.11100", "2012-01-31": "38.33800", "2011-10-31": "54.67500", "2011-07-31": "56.55000", "2011-04-30": "65.24200", "2011-01-31": "45.89700", "2010-10-31": "53.55600", "2010-07-31": "55.32900", "2010-04-30": "32.43100", "2010-01-31": "26.73200", "2009-10-31": "-209.03300", "2009-07-31": "23.97900", "2009-04-30": "13.84300", "2009-01-31": "11.15600", "2008-10-31": "30.74600", "2008-07-31": "32.37000", "2008-04-30": "33.04900", "2008-01-31": "21.33900", "2007-10-31": "29.63400", "2007-07-31": "24.52100", "2007-04-30": "20.98000", "2007-01-31": "15.55700", "2006-10-31": "27.78600", "2006-07-31": "24.81400", "2006-04-30": "21.93100", "2006-01-31": "16.06700", "2005-10-31": "27.90300", "2005-07-31": "18.59100", "2005-04-30": "17.47800", "2005-01-31": "14.36600"}, "EBITDA": {"2020-10-31": "66.50590", "2020-07-31": "140.55510", "2020-04-30": "152.07500", "2020-01-31": "103.71100", "2019-10-31": "166.57300", "2019-07-31": "158.11900", "2019-04-30": "156.63600", "2019-01-31": "112.02900", "2018-10-31": "144.16480", "2018-07-31": "164.86300", "2018-04-30": "156.32300", "2018-01-31": "145.63500", "2017-10-31": "158.97490", "2017-07-31": "179.42000", "2017-04-30": "124.44600", "2017-01-31": "94.41500", "2016-10-31": "128.34290", "2016-07-31": "141.34800", "2016-04-30": "119.85600", "2016-01-31": "69.18800", "2015-10-31": "91.77100", "2015-07-31": "119.69900", "2015-04-30": "92.65200", "2015-01-31": "78.80200", "2014-10-31": "121.87190", "2014-07-31": "129.06300", "2014-04-30": "107.57700", "2014-01-31": "68.34700", "2013-10-31": "101.75010", "2013-07-31": "106.58200", "2013-04-30": "95.34200", "2013-01-31": "74.61300", "2012-10-31": "117.06900", "2012-07-31": "108.09800", "2012-04-30": "84.84700", "2012-01-31": "64.45600", "2011-10-31": "88.71710", "2011-07-31": "85.21500", "2011-04-30": "99.35900", "2011-01-31": "72.83900", "2010-10-31": "79.82110", "2010-07-31": "74.94300", "2010-04-30": "64.98200", "2010-01-31": "43.97500", "2009-10-31": "53.61300", "2009-07-31": "45.01500", "2009-04-30": "27.03700", "2009-01-31": "20.98100", "2008-10-31": "57.01100", "2008-07-31": "59.39500", "2008-04-30": "62.03700", "2008-01-31": "44.13200", "2007-10-31": "56.12700", "2007-07-31": "48.57600", "2007-04-30": "41.01300", "2007-01-31": "34.35900", "2006-10-31": "47.86400", "2006-07-31": "42.31700", "2006-04-30": "44.83400", "2006-01-31": "35.91000", "2005-10-31": "55.16400", "2005-07-31": "34.28300", "2005-04-30": "34.57300", "2005-01-31": "30.13700"}, "EBIT": {"2020-10-31": "37.36800", "2020-07-31": "112.05510", "2020-04-30": "125.02900", "2020-01-31": "75.09300", "2019-10-31": "139.66000", "2019-07-31": "130.27600", "2019-04-30": "128.89600", "2019-01-31": "84.28100", "2018-10-31": "116.79490", "2018-07-31": "137.54200", "2018-04-30": "128.89200", "2018-01-31": "119.35000", "2017-10-31": "133.48690", "2017-07-31": "153.46600", "2017-04-30": "103.53100", "2017-01-31": "75.91800", "2016-10-31": "110.86300", "2016-07-31": "123.68600", "2016-04-30": "101.90400", "2016-01-31": "51.97800", "2015-10-31": "75.64800", "2015-07-31": "102.85000", "2015-04-30": "76.41400", "2015-01-31": "62.81800", "2014-10-31": "105.95700", "2014-07-31": "114.45500", "2014-04-30": "92.83400", "2014-01-31": "53.85900", "2013-10-31": "86.86700", "2013-07-31": "93.21600", "2013-04-30": "82.20200", "2013-01-31": "61.56400", "2012-10-31": "103.59800", "2012-07-31": "98.53800", "2012-04-30": "76.85700", "2012-01-31": "56.48700", "2011-10-31": "78.93510", "2011-07-31": "78.65600", "2011-04-30": "92.42800", "2011-01-31": "65.52400", "2010-10-31": "73.27800", "2010-07-31": "67.69500", "2010-04-30": "57.59000", "2010-01-31": "36.27000", "2009-10-31": "-196.63900", "2009-07-31": "37.17800", "2009-04-30": "18.57900", "2009-01-31": "13.07500", "2008-10-31": "48.41900", "2008-07-31": "51.29700", "2008-04-30": "54.22300", "2008-01-31": "36.39900", "2007-10-31": "48.51990", "2007-07-31": "40.97900", "2007-04-30": "34.37700", "2007-01-31": "28.26600", "2006-10-31": "41.42600", "2006-07-31": "36.64300", "2006-04-30": "39.15400", "2006-01-31": "30.39200", "2005-10-31": "50.82200", "2005-07-31": "27.94800", "2005-04-30": "28.17800", "2005-01-31": "23.75000"}, "Basic Shares Outstanding": {"2020-10-31": "57.75700", "2020-07-31": "57.69300", "2020-04-30": "57.67700", "2020-01-31": "57.66800", "2019-10-31": "57.46200", "2019-07-31": "57.39500", "2019-04-30": "57.28800", "2019-01-31": "57.70200", "2018-10-31": "57.97000", "2018-07-31": "58.05300", "2018-04-30": "57.98900", "2018-01-31": "57.75500", "2017-10-31": "57.53300", "2017-07-31": "57.59400", "2017-04-30": "57.54500", "2017-01-31": "57.34900", "2016-10-31": "57.06000", "2016-07-31": "57.08500", "2016-04-30": "56.95200", "2016-01-31": "56.99700", "2015-10-31": "60.65200", "2015-07-31": "60.57800", "2015-04-30": "61.11600", "2015-01-31": "62.53600", "2014-10-31": "63.65600", "2014-07-31": "63.48200", "2014-04-30": "63.96400", "2014-01-31": "64.22100", "2013-10-31": "64.21400", "2013-07-31": "64.13700", "2013-04-30": "64.32000", "2013-01-31": "64.27300", "2012-10-31": "64.40700", "2012-07-31": "64.02900", "2012-04-30": "64.42600", "2012-01-31": "65.06500", "2011-10-31": "67.61600", "2011-07-31": "67.94500", "2011-04-30": "68.11000", "2011-01-31": "68.01400", "2010-10-31": "67.61000", "2010-07-31": "68.09500", "2010-04-30": "67.91000", "2010-01-31": "67.33000", "2009-10-31": "67.12900", "2009-07-31": "67.12400", "2009-04-30": "67.11000", "2009-01-31": "67.05200", "2008-10-31": "67.49200", "2008-07-31": "67.79400", "2008-04-30": "67.05000", "2008-01-31": "67.23400", "2007-10-31": "67.09400", "2007-07-31": "67.22200", "2007-04-30": "68.29200", "2007-01-31": "66.76600", "2006-10-31": "66.73000", "2006-07-31": "67.19400", "2006-04-30": "66.87400", "2006-01-31": "66.00400", "2005-10-31": "71.43600", "2005-07-31": "72.41600", "2005-04-30": "72.64000", "2005-01-31": "72.45200"}, "Shares Outstanding": {"2020-10-31": "58.47300", "2020-07-31": "58.42700", "2020-04-30": "58.26000", "2020-01-31": "58.52400", "2019-10-31": "58.20200", "2019-07-31": "58.11700", "2019-04-30": "58.05600", "2019-01-31": "58.37200", "2018-10-31": "58.93100", "2018-07-31": "58.91200", "2018-04-30": "58.94500", "2018-01-31": "58.87400", "2017-10-31": "58.20400", "2017-07-31": "58.25900", "2017-04-30": "58.23200", "2017-01-31": "58.02300", "2016-10-31": "57.53000", "2016-07-31": "57.61600", "2016-04-30": "57.33400", "2016-01-31": "57.30500", "2015-10-31": "61.15100", "2015-07-31": "61.09900", "2015-04-30": "61.63800", "2015-01-31": "62.53600", "2014-10-31": "64.28100", "2014-07-31": "64.14100", "2014-04-30": "64.55700", "2014-01-31": "64.86000", "2013-10-31": "64.90800", "2013-07-31": "64.85400", "2013-04-30": "64.97000", "2013-01-31": "64.94900", "2012-10-31": "65.10300", "2012-07-31": "64.72500", "2012-04-30": "65.17900", "2012-01-31": "65.62700", "2011-10-31": "68.42500", "2011-07-31": "68.78100", "2011-04-30": "69.00200", "2011-01-31": "68.87800", "2010-10-31": "68.44200", "2010-07-31": "68.76900", "2010-04-30": "68.83600", "2010-01-31": "68.24800", "2009-10-31": "67.12900", "2009-07-31": "67.22000", "2009-04-30": "67.14200", "2009-01-31": "67.09200", "2008-10-31": "68.61400", "2008-07-31": "69.27400", "2008-04-30": "68.22200", "2008-01-31": "68.37800", "2007-10-31": "68.36400", "2007-07-31": "68.43000", "2007-04-30": "68.29200", "2007-01-31": "68.23400", "2006-10-31": "68.36000", "2006-07-31": "68.92000", "2006-04-30": "68.71600", "2006-01-31": "67.69400", "2005-10-31": "73.05400", "2005-07-31": "73.68600", "2005-04-30": "74.29200", "2005-01-31": "74.40000"}, "Basic EPS": {"2020-10-31": "0.31000", "2020-07-31": "1.51000", "2020-04-30": "1.60000", "2020-01-31": "0.90000", "2019-10-31": "1.79000", "2019-07-31": "1.64000", "2019-04-30": "1.60000", "2019-01-31": "0.84000", "2018-10-31": "1.50000", "2018-07-31": "1.63000", "2018-04-30": "1.57000", "2018-01-31": "1.81000", "2017-10-31": "1.39000", "2017-07-31": "1.76000", "2017-04-30": "1.12000", "2017-01-31": "0.87000", "2016-10-31": "1.32000", "2016-07-31": "1.48000", "2016-04-30": "1.24000", "2016-01-31": "0.72000", "2015-10-31": "0.83000", "2015-07-31": "1.15000", "2015-04-30": "0.81000", "2015-01-31": "0.69000", "2014-10-31": "1.14000", "2014-07-31": "1.23000", "2014-04-30": "0.97000", "2014-01-31": "0.54000", "2013-10-31": "0.93000", "2013-07-31": "1.02000", "2013-04-30": "0.85000", "2013-01-31": "0.65000", "2012-10-31": "1.05000", "2012-07-31": "1.04000", "2012-04-30": "0.81000", "2012-01-31": "0.59000", "2011-10-31": "0.83000", "2011-07-31": "0.83000", "2011-04-30": "0.96000", "2011-01-31": "0.67000", "2010-10-31": "0.80500", "2010-07-31": "0.81000", "2010-04-30": "0.48000", "2010-01-31": "0.39500", "2009-10-31": "-3.10500", "2009-07-31": "0.35500", "2009-04-30": "0.20500", "2009-01-31": "0.16500", "2008-10-31": "0.45500", "2008-07-31": "0.47500", "2008-04-30": "0.49500", "2008-01-31": "0.31500", "2007-10-31": "0.44000", "2007-07-31": "0.36500", "2007-04-30": "0.31000", "2007-01-31": "0.23500", "2006-10-31": "0.41500", "2006-07-31": "0.37000", "2006-04-30": "0.33000", "2006-01-31": "0.24500", "2005-10-31": "0.40000", "2005-07-31": "0.25500", "2005-04-30": "0.24000", "2005-01-31": "0.20000"}, "EPS - Earnings Per Share": {"2020-10-31": "0.31000", "2020-07-31": "1.49000", "2020-04-30": "1.58000", "2020-01-31": "0.89000", "2019-10-31": "1.76000", "2019-07-31": "1.62000", "2019-04-30": "1.58000", "2019-01-31": "0.83000", "2018-10-31": "1.46000", "2018-07-31": "1.61000", "2018-04-30": "1.55000", "2018-01-31": "1.78000", "2017-10-31": "1.37000", "2017-07-31": "1.74000", "2017-04-30": "1.11000", "2017-01-31": "0.86000", "2016-10-31": "1.32000", "2016-07-31": "1.46000", "2016-04-30": "1.23000", "2016-01-31": "0.72000", "2015-10-31": "0.82000", "2015-07-31": "1.14000", "2015-04-30": "0.80000", "2015-01-31": "0.69000", "2014-10-31": "1.13000", "2014-07-31": "1.21000", "2014-04-30": "0.96000", "2014-01-31": "0.54000", "2013-10-31": "0.92000", "2013-07-31": "1.01000", "2013-04-30": "0.84000", "2013-01-31": "0.65000", "2012-10-31": "1.04000", "2012-07-31": "1.03000", "2012-04-30": "0.80000", "2012-01-31": "0.58000", "2011-10-31": "0.81000", "2011-07-31": "0.82000", "2011-04-30": "0.95000", "2011-01-31": "0.67000", "2010-10-31": "0.80000", "2010-07-31": "0.80000", "2010-04-30": "0.47000", "2010-01-31": "0.39000", "2009-10-31": "-3.10500", "2009-07-31": "0.35500", "2009-04-30": "0.20500", "2009-01-31": "0.16500", "2008-10-31": "0.45500", "2008-07-31": "0.46500", "2008-04-30": "0.48500", "2008-01-31": "0.31000", "2007-10-31": "0.43000", "2007-07-31": "0.36000", "2007-04-30": "0.30500", "2007-01-31": "0.23000", "2006-10-31": "0.41000", "2006-07-31": "0.36000", "2006-04-30": "0.32000", "2006-01-31": "0.23500", "2005-10-31": "0.39000", "2005-07-31": "0.25000", "2005-04-30": "0.23500", "2005-01-31": "0.19500"}}, "balance sheet": {"Cash On Hand": {"2020-10-31": "208.29300", "2019-10-31": "151.16400", "2018-10-31": "95.67800", "2017-10-31": "90.38300", "2016-10-31": "67.23900", "2015-10-31": "50.26800", "2014-10-31": "42.31400", "2013-10-31": "42.37500", "2012-10-31": "41.51800", "2011-10-31": "37.40800", "2010-10-31": "50.16900", "2009-10-31": "18.82400", "2008-10-31": "11.76000", "2007-10-31": "31.14500", "2006-10-31": "48.86800", "2005-10-31": "11.53300"}, "Receivables": {"2020-10-31": "471.87300", "2019-10-31": "530.76500", "2018-10-31": "491.42300", "2017-10-31": "505.08700", "2016-10-31": "428.56000", "2015-10-31": "389.55000", "2014-10-31": "365.84400", "2013-10-31": "308.70700", "2012-10-31": "324.56300", "2011-10-31": "254.31000", "2010-10-31": "243.79000", "2009-10-31": "191.20100", "2008-10-31": "224.81300", "2007-10-31": "229.99300", "2006-10-31": "190.45900", "2005-10-31": "179.23100"}, "Inventory": {"2020-10-31": "277.03300", "2019-10-31": "283.39900", "2018-10-31": "264.47700", "2017-10-31": "264.26600", "2016-10-31": "220.36100", "2015-10-31": "225.67200", "2014-10-31": "210.87100", "2013-10-31": "198.40100", "2012-10-31": "169.58500", "2011-10-31": "141.91200", "2010-10-31": "117.72100", "2009-10-31": "97.63600", "2008-10-31": "118.03400", "2007-10-31": "119.65000", "2006-10-31": "83.68800", "2005-10-31": "80.58800"}, "Pre-Paid Expenses": {"2020-10-31": "43.79800", "2019-10-31": "45.86700", "2018-10-31": "32.52400", "2017-10-31": "28.63600", "2016-10-31": "29.41500", "2015-10-31": "21.23600", "2014-10-31": "23.72800", "2013-10-31": "21.73300", "2012-10-31": "21.02800", "2011-10-31": "17.94900", "2010-10-31": "5.77500", "2009-10-31": "9.25400", "2008-10-31": "7.25100", "2007-10-31": "8.06800", "2006-10-31": "5.00200", "2005-10-31": "5.39900"}, "Other Current Assets": {"2020-10-31": "19.61500", "2019-10-31": "", "2018-10-31": "", "2017-10-31": "", "2016-10-31": "", "2015-10-31": "", "2014-10-31": "", "2013-10-31": "", "2012-10-31": "", "2011-10-31": "", "2010-10-31": "", "2009-10-31": "", "2008-10-31": "", "2007-10-31": "", "2006-10-31": "", "2005-10-31": ""}, "Total Current Assets": {"2020-10-31": "1020.61200", "2019-10-31": "1011.19500", "2018-10-31": "884.10200", "2017-10-31": "888.37200", "2016-10-31": "745.57500", "2015-10-31": "711.59100", "2014-10-31": "672.68300", "2013-10-31": "602.06600", "2012-10-31": "586.62300", "2011-10-31": "476.95700", "2010-10-31": "451.03100", "2009-10-31": "346.67100", "2008-10-31": "384.31300", "2007-10-31": "409.92400", "2006-10-31": "347.30400", "2005-10-31": "313.60700"}, "Property, Plant, And Equipment": {"2020-10-31": "358.61800", "2019-10-31": "398.89500", "2018-10-31": "386.66600", "2017-10-31": "346.41100", "2016-10-31": "273.12900", "2015-10-31": "249.94000", "2014-10-31": "224.43900", "2013-10-31": "200.97900", "2012-10-31": "174.93100", "2011-10-31": "130.88300", "2010-10-31": "116.39500", "2009-10-31": "118.29100", "2008-10-31": "133.84300", "2007-10-31": "132.93700", "2006-10-31": "105.41500", "2005-10-31": "108.30600"}, "Long-Term Investments": {"2020-10-31": "", "2019-10-31": "", "2018-10-31": "", "2017-10-31": "", "2016-10-31": "", "2015-10-31": "", "2014-10-31": "", "2013-10-31": "", "2012-10-31": "", "2011-10-31": "", "2010-10-31": "", "2009-10-31": "", "2008-10-31": "", "2007-10-31": "", "2006-10-31": "", "2005-10-31": ""}, "Goodwill And Intangible Assets": {"2020-10-31": "2120.94000", "2019-10-31": "2060.31400", "2018-10-31": "2107.75900", "2017-10-31": "2136.39000", "2016-10-31": "1367.43900", "2015-10-31": "1359.80100", "2014-10-31": "1343.84700", "2013-10-31": "1208.28400", "2012-10-31": "1040.70800", "2011-10-31": "668.52500", "2010-10-31": "390.25300", "2009-10-31": "383.90600", "2008-10-31": "625.80700", "2007-10-31": "638.72200", "2006-10-31": "340.72100", "2005-10-31": "341.79400"}, "Other Long-Term Assets": {"2020-10-31": "42.53000", "2019-10-31": "34.78200", "2018-10-31": "32.70500", "2017-10-31": "32.34600", "2016-10-31": "23.75900", "2015-10-31": "33.40700", "2014-10-31": "32.60200", "2013-10-31": "32.45600", "2012-10-31": "27.25300", "2011-10-31": "28.08500", "2010-10-31": "28.67500", "2009-10-31": "23.68700", "2008-10-31": "22.70600", "2007-10-31": "29.39600", "2006-10-31": "19.48900", "2005-10-31": "16.70200"}, "Total Long-Term Assets": {"2020-10-31": "2654.04400", "2019-10-31": "2505.25200", "2018-10-31": "2536.91000", "2017-10-31": "2526.16700", "2016-10-31": "1675.00800", "2015-10-31": "1648.85300", "2014-10-31": "1607.44700", "2013-10-31": "1451.11300", "2012-10-31": "1242.89200", "2011-10-31": "827.49300", "2010-10-31": "535.32300", "2009-10-31": "544.00310", "2008-10-31": "782.35600", "2007-10-31": "801.91610", "2006-10-31": "475.58600", "2005-10-31": "476.81000"}, "Total Assets": {"2020-10-31": "3674.65600", "2019-10-31": "3516.44700", "2018-10-31": "3421.01200", "2017-10-31": "3414.53900", "2016-10-31": "2420.58300", "2015-10-31": "2360.44400", "2014-10-31": "2280.13000", "2013-10-31": "2053.17900", "2012-10-31": "1829.51500", "2011-10-31": "1304.45000", "2010-10-31": "986.35400", "2009-10-31": "890.67400", "2008-10-31": "1166.66900", "2007-10-31": "1211.84000", "2006-10-31": "822.89000", "2005-10-31": "790.41700"}, "Total Current Liabilities": {"2020-10-31": "363.08900", "2019-10-31": "477.62600", "2018-10-31": "350.28000", "2017-10-31": "647.74600", "2016-10-31": "331.54300", "2015-10-31": "290.77600", "2014-10-31": "370.86800", "2013-10-31": "236.79700", "2012-10-31": "343.68400", "2011-10-31": "182.16100", "2010-10-31": "191.91400", "2009-10-31": "156.42200", "2008-10-31": "203.99600", "2007-10-31": "509.91400", "2006-10-31": "241.32500", "2005-10-31": "251.96500"}, "Long Term Debt": {"2020-10-31": "1078.42200", "2019-10-31": "1084.91700", "2018-10-31": "1294.20700", "2017-10-31": "1266.09000", "2016-10-31": "952.48500", "2015-10-31": "1102.34100", "2014-10-31": "693.88600", "2013-10-31": "648.27000", "2012-10-31": "538.98600", "2011-10-31": "318.66100", "2010-10-31": "99.31600", "2009-10-31": "155.24200", "2008-10-31": "244.64800", "2007-10-31": "29.87800", "2006-10-31": "52.20100", "2005-10-31": "106.35100"}, "Other Non-Current Liabilities": {"2020-10-31": "47.06400", "2019-10-31": "44.42100", "2018-10-31": "41.70400", "2017-10-31": "25.86500", "2016-10-31": "22.34300", "2015-10-31": "32.78000", "2014-10-31": "31.10500", "2013-10-31": "27.16000", "2012-10-31": "19.66600", "2011-10-31": "19.88900", "2010-10-31": "23.06100", "2009-10-31": "25.16200", "2008-10-31": "39.37400", "2007-10-31": "41.38800", "2006-10-31": "32.01600", "2005-10-31": "44.49600"}, "Total Long Term Liabilities": {"2020-10-31": "1552.57600", "2019-10-31": "1457.77600", "2018-10-31": "1619.99100", "2017-10-31": "1611.30000", "2016-10-31": "1237.43700", "2015-10-31": "1409.65200", "2014-10-31": "1004.46500", "2013-10-31": "928.51900", "2012-10-31": "816.06100", "2011-10-31": "550.96590", "2010-10-31": "289.36800", "2009-10-31": "364.27600", "2008-10-31": "388.56100", "2007-10-31": "170.80900", "2006-10-31": "151.03700", "2005-10-31": "207.54000"}, "Total Liabilities": {"2020-10-31": "1915.66500", "2019-10-31": "1935.40200", "2018-10-31": "1970.27100", "2017-10-31": "2259.04600", "2016-10-31": "1568.98000", "2015-10-31": "1700.42800", "2014-10-31": "1375.33300", "2013-10-31": "1165.31600", "2012-10-31": "1159.74500", "2011-10-31": "733.12700", "2010-10-31": "481.28200", "2009-10-31": "520.69800", "2008-10-31": "592.55700", "2007-10-31": "680.72300", "2006-10-31": "392.36200", "2005-10-31": "459.50500"}, "Common Stock Net": {"2020-10-31": "12.25300", "2019-10-31": "12.25300", "2018-10-31": "12.25300", "2017-10-31": "12.25300", "2016-10-31": "12.25300", "2015-10-31": "12.25300", "2014-10-31": "12.25300", "2013-10-31": "12.25300", "2012-10-31": "12.25300", "2011-10-31": "12.25300", "2010-10-31": "12.25300", "2009-10-31": "12.25300", "2008-10-31": "12.25300", "2007-10-31": "12.25300", "2006-10-31": "12.25300", "2005-10-31": "12.25300"}, "Retained Earnings (Accumulated Deficit)": {"2020-10-31": "2908.73800", "2019-10-31": "2747.65000", "2018-10-31": "2488.37500", "2017-10-31": "2164.59700", "2016-10-31": "1932.63500", "2015-10-31": "1717.22800", "2014-10-31": "1560.96600", "2013-10-31": "1362.58400", "2012-10-31": "1181.24500", "2011-10-31": "990.22100", "2010-10-31": "797.69500", "2009-10-31": "656.08600", "2008-10-31": "840.88800", "2007-10-31": "748.22900", "2006-10-31": "681.01800", "2005-10-31": "613.58000"}, "Comprehensive Income": {"2020-10-31": "-226.11800", "2019-10-31": "-231.88100", "2018-10-31": "-179.31400", "2017-10-31": "-134.43500", "2016-10-31": "-168.24700", "2015-10-31": "-144.68600", "2014-10-31": "-103.19900", "2013-10-31": "-57.38000", "2012-10-31": "-104.22600", "2011-10-31": "-80.01200", "2010-10-31": "-66.30600", "2009-10-31": "-55.47000", "2008-10-31": "-40.79500", "2007-10-31": "8.20000", "2006-10-31": "-12.51800", "2005-10-31": "-25.88300"}, "Other Share Holders Equity": {"2020-10-31": "", "2019-10-31": "", "2018-10-31": "", "2017-10-31": "", "2016-10-31": "", "2015-10-31": "", "2014-10-31": "", "2013-10-31": "", "2012-10-31": "", "2011-10-31": "", "2010-10-31": "", "2009-10-31": "", "2008-10-31": "", "2007-10-31": "", "2006-10-31": "", "2005-10-31": ""}, "Share Holder Equity": {"2020-10-31": "1758.99100", "2019-10-31": "1581.04500", "2018-10-31": "1450.74100", "2017-10-31": "1155.49300", "2016-10-31": "851.60300", "2015-10-31": "660.01600", "2014-10-31": "904.79700", "2013-10-31": "887.86300", "2012-10-31": "669.77000", "2011-10-31": "571.32300", "2010-10-31": "505.07200", "2009-10-31": "369.97600", "2008-10-31": "574.11200", "2007-10-31": "531.11700", "2006-10-31": "430.52800", "2005-10-31": "330.91200"}, "Total Liabilities And Share Holders Equity": {"2020-10-31": "3674.65600", "2019-10-31": "3516.44700", "2018-10-31": "3421.01200", "2017-10-31": "3414.53900", "2016-10-31": "2420.58300", "2015-10-31": "2360.44400", "2014-10-31": "2280.13000", "2013-10-31": "2053.17900", "2012-10-31": "1829.51500", "2011-10-31": "1304.45000", "2010-10-31": "986.35400", "2009-10-31": "890.67400", "2008-10-31": "1166.66900", "2007-10-31": "1211.84000", "2006-10-31": "822.89000", "2005-10-31": "790.41700"}}, "balance sheet, quarterly": {"Cash On Hand": {"2020-10-31": "208.29300", "2020-07-31": "221.78300", "2020-04-30": "306.25500", "2020-01-31": "115.09700", "2019-10-31": "151.16400", "2019-07-31": "147.84500", "2019-04-30": "149.18300", "2019-01-31": "85.54600", "2018-10-31": "95.67800", "2018-07-31": "266.80200", "2018-04-30": "155.94600", "2018-01-31": "132.84200", "2017-10-31": "90.38300", "2017-07-31": "110.70500", "2017-04-30": "88.40600", "2017-01-31": "87.65800", "2016-10-31": "67.23900", "2016-07-31": "60.29400", "2016-04-30": "47.91900", "2016-01-31": "60.73600", "2015-10-31": "50.26800", "2015-07-31": "61.00000", "2015-04-30": "51.45400", "2015-01-31": "40.92600", "2014-10-31": "42.31400", "2014-07-31": "53.22300", "2014-04-30": "49.73200", "2014-01-31": "46.85800", "2013-10-31": "42.37500", "2013-07-31": "75.36800", "2013-04-30": "62.79200", "2013-01-31": "54.72500", "2012-10-31": "41.51800", "2012-07-31": "53.63900", "2012-04-30": "57.53700", "2012-01-31": "49.48300", "2011-10-31": "37.40800", "2011-07-31": "69.05700", "2011-04-30": "66.78500", "2011-01-31": "61.12800", "2010-10-31": "50.16900", "2010-07-31": "49.01500", "2010-04-30": "34.64600", "2010-01-31": "29.38100", "2009-10-31": "18.82400", "2009-07-31": "20.52200", "2009-04-30": "19.63800", "2009-01-31": "19.13600", "2008-10-31": "11.76000", "2008-07-31": "24.57900", "2008-04-30": "27.68200", "2008-01-31": "40.99100", "2007-10-31": "31.14500", "2007-07-31": "30.93000", "2007-04-30": "28.06700", "2007-01-31": "29.78700", "2006-10-31": "48.86800", "2006-07-31": "20.08600", "2006-04-30": "43.91200", "2006-01-31": "17.98100", "2005-10-31": "11.53300", "2005-07-31": "99.67200", "2005-04-30": "95.17200", "2005-01-31": "62.62200"}, "Receivables": {"2020-10-31": "471.87300", "2020-07-31": "498.28300", "2020-04-30": "474.91300", "2020-01-31": "471.62600", "2019-10-31": "530.76500", "2019-07-31": "499.98100", "2019-04-30": "489.74500", "2019-01-31": "463.22800", "2018-10-31": "491.42300", "2018-07-31": "507.68100", "2018-04-30": "512.38900", "2018-01-31": "488.28200", "2017-10-31": "505.08700", "2017-07-31": "498.84800", "2017-04-30": "428.73300", "2017-01-31": "358.36500", "2016-10-31": "428.56000", "2016-07-31": "412.60500", "2016-04-30": "382.81300", "2016-01-31": "343.92600", "2015-10-31": "389.55000", "2015-07-31": "375.75200", "2015-04-30": "316.09100", "2015-01-31": "348.31600", "2014-10-31": "365.84400", "2014-07-31": "358.18900", "2014-04-30": "327.39100", "2014-01-31": "279.97800", "2013-10-31": "308.70700", "2013-07-31": "295.07400", "2013-04-30": "302.91200", "2013-01-31": "281.73000", "2012-10-31": "324.56300", "2012-07-31": "301.36900", "2012-04-30": "249.18400", "2012-01-31": "229.37400", "2011-10-31": "254.31000", "2011-07-31": "259.84700", "2011-04-30": "253.94100", "2011-01-31": "214.40000", "2010-10-31": "243.79000", "2010-07-31": "225.24000", "2010-04-30": "185.39000", "2010-01-31": "170.35200", "2009-10-31": "191.20100", "2009-07-31": "174.52200", "2009-04-30": "152.25300", "2009-01-31": "173.14100", "2008-10-31": "224.81300", "2008-07-31": "224.74700", "2008-04-30": "227.55600", "2008-01-31": "208.72800", "2007-10-31": "229.99300", "2007-07-31": "198.02800", "2007-04-30": "206.38900", "2007-01-31": "181.12900", "2006-10-31": "190.45900", "2006-07-31": "179.61500", "2006-04-30": "180.48200", "2006-01-31": "151.53900", "2005-10-31": "179.23100", "2005-07-31": "156.50900", "2005-04-30": "163.69800", "2005-01-31": "171.22100"}, "Inventory": {"2020-10-31": "277.03300", "2020-07-31": "310.55700", "2020-04-30": "312.11800", "2020-01-31": "294.76800", "2019-10-31": "283.39900", "2019-07-31": "282.61400", "2019-04-30": "280.73300", "2019-01-31": "271.15600", "2018-10-31": "264.47700", "2018-07-31": "271.36000", "2018-04-30": "284.36300", "2018-01-31": "275.69000", "2017-10-31": "264.26600", "2017-07-31": "275.70500", "2017-04-30": "275.80600", "2017-01-31": "241.26400", "2016-10-31": "220.36100", "2016-07-31": "239.61100", "2016-04-30": "240.64500", "2016-01-31": "224.79300", "2015-10-31": "225.67200", "2015-07-31": "228.82900", "2015-04-30": "239.40600", "2015-01-31": "212.61000", "2014-10-31": "210.87100", "2014-07-31": "210.35200", "2014-04-30": "206.43800", "2014-01-31": "200.61700", "2013-10-31": "198.40100", "2013-07-31": "183.85500", "2013-04-30": "188.52000", "2013-01-31": "183.41500", "2012-10-31": "169.58500", "2012-07-31": "179.13900", "2012-04-30": "154.93400", "2012-01-31": "148.07900", "2011-10-31": "141.91200", "2011-07-31": "137.79200", "2011-04-30": "133.53900", "2011-01-31": "122.63200", "2010-10-31": "117.72100", "2010-07-31": "119.55700", "2010-04-30": "113.07000", "2010-01-31": "105.23400", "2009-10-31": "97.63600", "2009-07-31": "106.75800", "2009-04-30": "107.96300", "2009-01-31": "123.81800", "2008-10-31": "118.03400", "2008-07-31": "135.81900", "2008-04-30": "139.63400", "2008-01-31": "135.54600", "2007-10-31": "119.65000", "2007-07-31": "116.40400", "2007-04-30": "112.72300", "2007-01-31": "114.09600", "2006-10-31": "83.68800", "2006-07-31": "88.59100", "2006-04-30": "87.78000", "2006-01-31": "92.93600", "2005-10-31": "80.58800", "2005-07-31": "90.53000", "2005-04-30": "87.28900", "2005-01-31": "88.40900"}, "Pre-Paid Expenses": {"2020-10-31": "43.79800", "2020-07-31": "50.07500", "2020-04-30": "49.99000", "2020-01-31": "48.83300", "2019-10-31": "45.86700", "2019-07-31": "50.30000", "2019-04-30": "45.27600", "2019-01-31": "47.27100", "2018-10-31": "32.52400", "2018-07-31": "31.97800", "2018-04-30": "31.32300", "2018-01-31": "31.22100", "2017-10-31": "28.63600", "2017-07-31": "34.90100", "2017-04-30": "35.90000", "2017-01-31": "32.66500", "2016-10-31": "29.41500", "2016-07-31": "31.65600", "2016-04-30": "27.07600", "2016-01-31": "26.86200", "2015-10-31": "21.23600", "2015-07-31": "25.94400", "2015-04-30": "25.89500", "2015-01-31": "26.35800", "2014-10-31": "23.72800", "2014-07-31": "28.19700", "2014-04-30": "26.17000", "2014-01-31": "26.70700", "2013-10-31": "21.73300", "2013-07-31": "22.97900", "2013-04-30": "22.15400", "2013-01-31": "23.40000", "2012-10-31": "21.02800", "2012-07-31": "10.79200", "2012-04-30": "9.02500", "2012-01-31": "10.38000", "2011-10-31": "17.94900", "2011-07-31": "8.80900", "2011-04-30": "8.36400", "2011-01-31": "9.23000", "2010-10-31": "5.77500", "2010-07-31": "6.91600", "2010-04-30": "9.90400", "2010-01-31": "10.85500", "2009-10-31": "9.25400", "2009-07-31": "8.98400", "2009-04-30": "8.56700", "2009-01-31": "8.77100", "2008-10-31": "7.25100", "2008-07-31": "8.71300", "2008-04-30": "9.13700", "2008-01-31": "9.45800", "2007-10-31": "8.06800", "2007-07-31": "8.86300", "2007-04-30": "8.12700", "2007-01-31": "7.84800", "2006-10-31": "5.00200", "2006-07-31": "6.35700", "2006-04-30": "6.56400", "2006-01-31": "7.30100", "2005-10-31": "5.39900", "2005-07-31": "6.57000", "2005-04-30": "6.58800", "2005-01-31": "8.11300"}, "Other Current Assets": {"2020-10-31": "19.61500", "2020-07-31": "", "2020-04-30": "", "2020-01-31": "", "2019-10-31": "", "2019-07-31": "", "2019-04-30": "", "2019-01-31": "", "2018-10-31": "", "2018-07-31": "", "2018-04-30": "", "2018-01-31": "", "2017-10-31": "", "2017-07-31": "", "2017-04-30": "", "2017-01-31": "", "2016-10-31": "", "2016-07-31": "", "2016-04-30": "", "2016-01-31": "", "2015-10-31": "", "2015-07-31": "", "2015-04-30": "", "2015-01-31": "", "2014-10-31": "", "2014-07-31": "", "2014-04-30": "", "2014-01-31": "", "2013-10-31": "", "2013-07-31": "", "2013-04-30": "", "2013-01-31": "", "2012-10-31": "", "2012-07-31": "", "2012-04-30": "", "2012-01-31": "", "2011-10-31": "", "2011-07-31": "", "2011-04-30": "", "2011-01-31": "", "2010-10-31": "", "2010-07-31": "", "2010-04-30": "", "2010-01-31": "", "2009-10-31": "", "2009-07-31": "", "2009-04-30": "", "2009-01-31": "", "2008-10-31": "", "2008-07-31": "", "2008-04-30": "", "2008-01-31": "", "2007-10-31": "", "2007-07-31": "", "2007-04-30": "", "2007-01-31": "", "2006-10-31": "", "2006-07-31": "", "2006-04-30": "", "2006-01-31": "", "2005-10-31": "", "2005-07-31": "", "2005-04-30": "", "2005-01-31": ""}, "Total Current Assets": {"2020-10-31": "1020.61200", "2020-07-31": "1080.69800", "2020-04-30": "1143.27600", "2020-01-31": "930.32400", "2019-10-31": "1011.19500", "2019-07-31": "980.74000", "2019-04-30": "964.93700", "2019-01-31": "867.20100", "2018-10-31": "884.10200", "2018-07-31": "1077.82100", "2018-04-30": "984.02100", "2018-01-31": "928.03500", "2017-10-31": "888.37200", "2017-07-31": "920.15900", "2017-04-30": "828.84500", "2017-01-31": "719.95200", "2016-10-31": "745.57500", "2016-07-31": "769.65000", "2016-04-30": "723.46600", "2016-01-31": "680.87300", "2015-10-31": "711.59100", "2015-07-31": "721.35700", "2015-04-30": "662.14300", "2015-01-31": "657.64600", "2014-10-31": "672.68300", "2014-07-31": "679.79100", "2014-04-30": "638.75200", "2014-01-31": "583.26100", "2013-10-31": "602.06600", "2013-07-31": "608.88400", "2013-04-30": "607.74600", "2013-01-31": "574.47200", "2012-10-31": "586.62300", "2012-07-31": "582.25000", "2012-04-30": "506.53200", "2012-01-31": "473.02300", "2011-10-31": "476.95700", "2011-07-31": "511.16400", "2011-04-30": "497.37900", "2011-01-31": "441.42500", "2010-10-31": "451.03100", "2010-07-31": "433.40900", "2010-04-30": "374.33500", "2010-01-31": "346.72800", "2009-10-31": "346.67100", "2009-07-31": "331.57600", "2009-04-30": "309.67900", "2009-01-31": "346.70400", "2008-10-31": "384.31300", "2008-07-31": "415.99400", "2008-04-30": "426.53900", "2008-01-31": "417.17400", "2007-10-31": "409.92400", "2007-07-31": "376.79100", "2007-04-30": "375.89200", "2007-01-31": "352.79400", "2006-10-31": "347.30400", "2006-07-31": "324.88100", "2006-04-30": "348.96200", "2006-01-31": "300.32100", "2005-10-31": "313.60700", "2005-07-31": "392.63000", "2005-04-30": "391.29500", "2005-01-31": "368.13400"}, "Property, Plant, And Equipment": {"2020-10-31": "358.61800", "2020-07-31": "414.98200", "2020-04-30": "400.10300", "2020-01-31": "400.63600", "2019-10-31": "398.89500", "2019-07-31": "392.03400", "2019-04-30": "386.34900", "2019-01-31": "387.71900", "2018-10-31": "386.66600", "2018-07-31": "356.77700", "2018-04-30": "359.48900", "2018-01-31": "356.77400", "2017-10-31": "346.41100", "2017-07-31": "335.68000", "2017-04-30": "319.97300", "2017-01-31": "269.75300", "2016-10-31": "273.12900", "2016-07-31": "267.56700", "2016-04-30": "257.19600", "2016-01-31": "250.70300", "2015-10-31": "249.94000", "2015-07-31": "244.30300", "2015-04-30": "241.66700", "2015-01-31": "229.66900", "2014-10-31": "224.43900", "2014-07-31": "209.28500", "2014-04-30": "206.84000", "2014-01-31": "201.89200", "2013-10-31": "200.97900", "2013-07-31": "189.18000", "2013-04-30": "187.17400", "2013-01-31": "177.84700", "2012-10-31": "174.93100", "2012-07-31": "174.10900", "2012-04-30": "141.61000", "2012-01-31": "135.08100", "2011-10-31": "130.88300", "2011-07-31": "124.30400", "2011-04-30": "121.05000", "2011-01-31": "119.18400", "2010-10-31": "116.39500", "2010-07-31": "113.01200", "2010-04-30": "113.50300", "2010-01-31": "115.87500", "2009-10-31": "118.29100", "2009-07-31": "125.00600", "2009-04-30": "126.79100", "2009-01-31": "130.59700", "2008-10-31": "133.84300", "2008-07-31": "136.38400", "2008-04-30": "134.10700", "2008-01-31": "132.15600", "2007-10-31": "132.93700", "2007-07-31": "119.35200", "2007-04-30": "117.42400", "2007-01-31": "113.77400", "2006-10-31": "105.41500", "2006-07-31": "108.38200", "2006-04-30": "110.05800", "2006-01-31": "111.26300", "2005-10-31": "108.30600", "2005-07-31": "109.42900", "2005-04-30": "113.12300", "2005-01-31": "112.52400"}, "Long-Term Investments": {"2020-10-31": "", "2020-07-31": "", "2020-04-30": "", "2020-01-31": "", "2019-10-31": "", "2019-07-31": "", "2019-04-30": "", "2019-01-31": "", "2018-10-31": "", "2018-07-31": "", "2018-04-30": "", "2018-01-31": "", "2017-10-31": "", "2017-07-31": "", "2017-04-30": "", "2017-01-31": "", "2016-10-31": "", "2016-07-31": "", "2016-04-30": "", "2016-01-31": "", "2015-10-31": "", "2015-07-31": "", "2015-04-30": "", "2015-01-31": "", "2014-10-31": "", "2014-07-31": "", "2014-04-30": "", "2014-01-31": "", "2013-10-31": "", "2013-07-31": "", "2013-04-30": "", "2013-01-31": "", "2012-10-31": "", "2012-07-31": "", "2012-04-30": "", "2012-01-31": "", "2011-10-31": "", "2011-07-31": "", "2011-04-30": "", "2011-01-31": "", "2010-10-31": "", "2010-07-31": "", "2010-04-30": "", "2010-01-31": "", "2009-10-31": "", "2009-07-31": "", "2009-04-30": "", "2009-01-31": "", "2008-10-31": "", "2008-07-31": "", "2008-04-30": "", "2008-01-31": "", "2007-10-31": "", "2007-07-31": "", "2007-04-30": "", "2007-01-31": "", "2006-10-31": "", "2006-07-31": "", "2006-04-30": "", "2006-01-31": "", "2005-10-31": "", "2005-07-31": "", "2005-04-30": "", "2005-01-31": ""}, "Goodwill And Intangible Assets": {"2020-10-31": "2120.94000", "2020-07-31": "2137.73100", "2020-04-30": "2028.21700", "2020-01-31": "2045.39700", "2019-10-31": "2060.31400", "2019-07-31": "2072.50300", "2019-04-30": "2078.71600", "2019-01-31": "2097.69600", "2018-10-31": "2107.75900", "2018-07-31": "2126.57600", "2018-04-30": "2148.27800", "2018-01-31": "2170.11200", "2017-10-31": "2136.39000", "2017-07-31": "2147.49200", "2017-04-30": "2174.48400", "2017-01-31": "1368.41900", "2016-10-31": "1367.43900", "2016-07-31": "1339.62600", "2016-04-30": "1353.47600", "2016-01-31": "1347.85000", "2015-10-31": "1359.80100", "2015-07-31": "1314.12500", "2015-04-30": "1310.26400", "2015-01-31": "1317.89400", "2014-10-31": "1343.84700", "2014-07-31": "1187.22200", "2014-04-30": "1200.57000", "2014-01-31": "1200.65600", "2013-10-31": "1208.28400", "2013-07-31": "1028.50400", "2013-04-30": "1034.30200", "2013-01-31": "1036.99700", "2012-10-31": "1040.70800", "2012-07-31": "1009.13000", "2012-04-30": "661.83610", "2012-01-31": "663.51200", "2011-10-31": "668.52500", "2011-07-31": "419.08800", "2011-04-30": "409.33900", "2011-01-31": "408.33900", "2010-10-31": "390.25300", "2010-07-31": "389.48900", "2010-04-30": "389.87100", "2010-01-31": "393.18500", "2009-10-31": "383.90600", "2009-07-31": "626.10800", "2009-04-30": "621.57300", "2009-01-31": "621.17300", "2008-10-31": "625.80700", "2008-07-31": "637.49300", "2008-04-30": "636.80500", "2008-01-31": "636.98100", "2007-10-31": "638.72200", "2007-07-31": "616.99700", "2007-04-30": "613.53000", "2007-01-31": "556.72500", "2006-10-31": "340.72100", "2006-07-31": "346.16600", "2006-04-30": "346.38300", "2006-01-31": "346.44600", "2005-10-31": "341.79400", "2005-07-31": "347.60100", "2005-04-30": "348.58900", "2005-01-31": "349.44500"}, "Other Long-Term Assets": {"2020-10-31": "42.53000", "2020-07-31": "42.81100", "2020-04-30": "34.33800", "2020-01-31": "33.29700", "2019-10-31": "34.78200", "2019-07-31": "34.97400", "2019-04-30": "33.88200", "2019-01-31": "34.00000", "2018-10-31": "32.70500", "2018-07-31": "34.75800", "2018-04-30": "35.18400", "2018-01-31": "33.44200", "2017-10-31": "32.34600", "2017-07-31": "31.96500", "2017-04-30": "31.00100", "2017-01-31": "26.31900", "2016-10-31": "23.75900", "2016-07-31": "29.14900", "2016-04-30": "32.43100", "2016-01-31": "32.52600", "2015-10-31": "33.40700", "2015-07-31": "33.47300", "2015-04-30": "32.12300", "2015-01-31": "31.18800", "2014-10-31": "32.60200", "2014-07-31": "33.14700", "2014-04-30": "32.89600", "2014-01-31": "32.51300", "2013-10-31": "32.45600", "2013-07-31": "28.11200", "2013-04-30": "28.11500", "2013-01-31": "28.66800", "2012-10-31": "27.25300", "2012-07-31": "26.71300", "2012-04-30": "27.23900", "2012-01-31": "29.20900", "2011-10-31": "28.08500", "2011-07-31": "29.88800", "2011-04-30": "31.13800", "2011-01-31": "28.48600", "2010-10-31": "28.67500", "2010-07-31": "26.88400", "2010-04-30": "26.03400", "2010-01-31": "25.28000", "2009-10-31": "23.68700", "2009-07-31": "23.52600", "2009-04-30": "21.57300", "2009-01-31": "21.03700", "2008-10-31": "22.70600", "2008-07-31": "26.06800", "2008-04-30": "27.89700", "2008-01-31": "27.39700", "2007-10-31": "29.39600", "2007-07-31": "26.52300", "2007-04-30": "20.18000", "2007-01-31": "19.74800", "2006-10-31": "19.48900", "2006-07-31": "19.79700", "2006-04-30": "19.07300", "2006-01-31": "18.95100", "2005-10-31": "16.70200", "2005-07-31": "19.56300", "2005-04-30": "15.91500", "2005-01-31": "15.75800"}, "Total Long-Term Assets": {"2020-10-31": "2654.04400", "2020-07-31": "2739.26000", "2020-04-30": "2599.62800", "2020-01-31": "2620.54300", "2019-10-31": "2505.25200", "2019-07-31": "2510.79800", "2019-04-30": "2510.15100", "2019-01-31": "2530.54600", "2018-10-31": "2536.91000", "2018-07-31": "2529.57100", "2018-04-30": "2555.19500", "2018-01-31": "2572.60100", "2017-10-31": "2526.16700", "2017-07-31": "2540.35700", "2017-04-30": "2550.40000", "2017-01-31": "1673.07000", "2016-10-31": "1675.00800", "2016-07-31": "1639.87500", "2016-04-30": "1648.71800", "2016-01-31": "1636.36700", "2015-10-31": "1648.85300", "2015-07-31": "1595.00000", "2015-04-30": "1588.09400", "2015-01-31": "1584.05500", "2014-10-31": "1607.44700", "2014-07-31": "1429.65400", "2014-04-30": "1440.30600", "2014-01-31": "1435.06100", "2013-10-31": "1451.11300", "2013-07-31": "1245.79600", "2013-04-30": "1249.59100", "2013-01-31": "1243.51200", "2012-10-31": "1242.89200", "2012-07-31": "1209.95200", "2012-04-30": "830.68510", "2012-01-31": "827.80200", "2011-10-31": "827.49300", "2011-07-31": "573.28000", "2011-04-30": "561.52700", "2011-01-31": "556.00900", "2010-10-31": "535.32300", "2010-07-31": "529.38500", "2010-04-30": "542.69700", "2010-01-31": "549.76100", "2009-10-31": "544.00310", "2009-07-31": "774.64000", "2009-04-30": "769.93700", "2009-01-31": "772.80690", "2008-10-31": "782.35600", "2008-07-31": "799.94510", "2008-04-30": "798.80900", "2008-01-31": "796.92000", "2007-10-31": "801.91610", "2007-07-31": "762.87200", "2007-04-30": "751.13400", "2007-01-31": "690.24690", "2006-10-31": "475.58600", "2006-07-31": "474.34500", "2006-04-30": "475.51400", "2006-01-31": "476.66000", "2005-10-31": "476.81000", "2005-07-31": "476.59300", "2005-04-30": "477.62700", "2005-01-31": "477.72700"}, "Total Assets": {"2020-10-31": "3674.65600", "2020-07-31": "3819.95800", "2020-04-30": "3742.90400", "2020-01-31": "3550.86700", "2019-10-31": "3516.44700", "2019-07-31": "3491.53800", "2019-04-30": "3475.08800", "2019-01-31": "3397.74700", "2018-10-31": "3421.01200", "2018-07-31": "3607.39200", "2018-04-30": "3539.21600", "2018-01-31": "3500.63600", "2017-10-31": "3414.53900", "2017-07-31": "3460.51600", "2017-04-30": "3379.24500", "2017-01-31": "2393.02200", "2016-10-31": "2420.58300", "2016-07-31": "2409.52500", "2016-04-30": "2372.18400", "2016-01-31": "2317.24000", "2015-10-31": "2360.44400", "2015-07-31": "2316.35700", "2015-04-30": "2250.23700", "2015-01-31": "2241.70100", "2014-10-31": "2280.13000", "2014-07-31": "2109.44500", "2014-04-30": "2079.05800", "2014-01-31": "2018.32200", "2013-10-31": "2053.17900", "2013-07-31": "1854.68000", "2013-04-30": "1857.33700", "2013-01-31": "1817.98400", "2012-10-31": "1829.51500", "2012-07-31": "1792.20200", "2012-04-30": "1337.21700", "2012-01-31": "1300.82500", "2011-10-31": "1304.45000", "2011-07-31": "1084.44400", "2011-04-30": "1058.90600", "2011-01-31": "997.43400", "2010-10-31": "986.35400", "2010-07-31": "962.79400", "2010-04-30": "917.03200", "2010-01-31": "896.48900", "2009-10-31": "890.67400", "2009-07-31": "1106.21600", "2009-04-30": "1079.61600", "2009-01-31": "1119.51100", "2008-10-31": "1166.66900", "2008-07-31": "1215.93900", "2008-04-30": "1225.34800", "2008-01-31": "1214.09400", "2007-10-31": "1211.84000", "2007-07-31": "1139.66300", "2007-04-30": "1127.02600", "2007-01-31": "1043.04100", "2006-10-31": "822.89000", "2006-07-31": "799.22600", "2006-04-30": "824.47600", "2006-01-31": "776.98100", "2005-10-31": "790.41700", "2005-07-31": "869.22300", "2005-04-30": "868.92200", "2005-01-31": "845.86100"}, "Total Current Liabilities": {"2020-10-31": "363.08900", "2020-07-31": "347.21800", "2020-04-30": "360.18900", "2020-01-31": "343.32100", "2019-10-31": "477.62600", "2019-07-31": "444.22200", "2019-04-30": "446.49100", "2019-01-31": "324.49700", "2018-10-31": "350.28000", "2018-07-31": "341.10400", "2018-04-30": "534.66100", "2018-01-31": "609.77300", "2017-10-31": "647.74600", "2017-07-31": "437.38600", "2017-04-30": "456.49300", "2017-01-31": "290.21600", "2016-10-31": "331.54300", "2016-07-31": "278.42000", "2016-04-30": "270.80100", "2016-01-31": "236.82100", "2015-10-31": "290.77600", "2015-07-31": "260.61500", "2015-04-30": "298.27400", "2015-01-31": "388.18000", "2014-10-31": "370.86800", "2014-07-31": "260.05700", "2014-04-30": "236.55300", "2014-01-31": "213.62800", "2013-10-31": "236.79700", "2013-07-31": "222.40200", "2013-04-30": "273.28300", "2013-01-31": "292.38000", "2012-10-31": "343.68400", "2012-07-31": "334.46100", "2012-04-30": "224.22600", "2012-01-31": "161.87500", "2011-10-31": "182.16100", "2011-07-31": "177.24100", "2011-04-30": "182.25200", "2011-01-31": "167.79000", "2010-10-31": "191.91400", "2010-07-31": "190.66800", "2010-04-30": "173.48500", "2010-01-31": "163.67300", "2009-10-31": "156.42200", "2009-07-31": "126.21900", "2009-04-30": "123.70300", "2009-01-31": "336.67300", "2008-10-31": "203.99600", "2008-07-31": "369.95000", "2008-04-30": "404.73600", "2008-01-31": "486.17000", "2007-10-31": "509.91400", "2007-07-31": "481.63700", "2007-04-30": "477.89900", "2007-01-31": "420.55900", "2006-10-31": "241.32500", "2006-07-31": "179.10400", "2006-04-30": "224.32400", "2006-01-31": "212.29400", "2005-10-31": "251.96500", "2005-07-31": "232.43000", "2005-04-30": "186.52300", "2005-01-31": "170.02900"}, "Long Term Debt": {"2020-10-31": "1078.42200", "2020-07-31": "1232.05100", "2020-04-30": "1248.32500", "2020-01-31": "1084.40000", "2019-10-31": "1084.91700", "2019-07-31": "1179.87200", "2019-04-30": "1220.39100", "2019-01-31": "1331.39200", "2018-10-31": "1294.20700", "2018-07-31": "1521.39300", "2018-04-30": "1312.45900", "2018-01-31": "1258.84300", "2017-10-31": "1266.09000", "2017-07-31": "1569.68000", "2017-04-30": "1574.19100", "2017-01-31": "912.40300", "2016-10-31": "952.48500", "2016-07-31": "1026.55300", "2016-04-30": "1054.98100", "2016-01-31": "1116.17900", "2015-10-31": "1102.34100", "2015-07-31": "922.73200", "2015-04-30": "819.20300", "2015-01-31": "699.13200", "2014-10-31": "693.88600", "2014-07-31": "612.35800", "2014-04-30": "636.58700", "2014-01-31": "613.40100", "2013-10-31": "648.27000", "2013-07-31": "548.23200", "2013-04-30": "551.56000", "2013-01-31": "517.56300", "2012-10-31": "538.98600", "2012-07-31": "587.97700", "2012-04-30": "286.48000", "2012-01-31": "345.93100", "2011-10-31": "318.66100", "2011-07-31": "51.83800", "2011-04-30": "51.86500", "2011-01-31": "87.91500", "2010-10-31": "99.31600", "2010-07-31": "152.00000", "2010-04-30": "172.26000", "2010-01-31": "137.26000", "2009-10-31": "155.24200", "2009-07-31": "197.26000", "2009-04-30": "230.35000", "2009-01-31": "68.55000", "2008-10-31": "244.64800", "2008-07-31": "68.55000", "2008-04-30": "72.84000", "2008-01-31": "22.84000", "2007-10-31": "29.87800", "2007-07-31": "22.84000", "2007-04-30": "47.13000", "2007-01-31": "47.13000", "2006-10-31": "52.20100", "2006-07-31": "97.13000", "2006-04-30": "101.42000", "2006-01-31": "101.42000", "2005-10-31": "106.35100", "2005-07-31": "101.42000", "2005-04-30": "147.46800", "2005-01-31": "147.61200"}, "Other Non-Current Liabilities": {"2020-10-31": "47.06400", "2020-07-31": "47.58800", "2020-04-30": "41.09500", "2020-01-31": "41.16700", "2019-10-31": "44.42100", "2019-07-31": "52.90400", "2019-04-30": "54.65400", "2019-01-31": "55.32200", "2018-10-31": "41.70400", "2018-07-31": "55.77100", "2018-04-30": "57.79900", "2018-01-31": "60.80900", "2017-10-31": "25.86500", "2017-07-31": "34.33600", "2017-04-30": "34.11600", "2017-01-31": "33.61200", "2016-10-31": "22.34300", "2016-07-31": "36.59400", "2016-04-30": "39.26600", "2016-01-31": "43.63400", "2015-10-31": "32.78000", "2015-07-31": "42.32900", "2015-04-30": "41.96200", "2015-01-31": "41.48300", "2014-10-31": "31.10500", "2014-07-31": "41.30600", "2014-04-30": "42.22500", "2014-01-31": "38.42200", "2013-10-31": "27.16000", "2013-07-31": "32.35600", "2013-04-30": "34.42800", "2013-01-31": "30.12400", "2012-10-31": "19.66600", "2012-07-31": "34.78700", "2012-04-30": "29.95100", "2012-01-31": "98.63500", "2011-10-31": "19.88900", "2011-07-31": "83.99500", "2011-04-30": "82.67200", "2011-01-31": "80.70300", "2010-10-31": "23.06100", "2010-07-31": "164.84600", "2010-04-30": "159.25300", "2010-01-31": "211.42100", "2009-10-31": "25.16200", "2009-07-31": "158.46600", "2009-04-30": "147.70100", "2009-01-31": "152.02500", "2008-10-31": "39.37400", "2008-07-31": "146.89400", "2008-04-30": "157.86400", "2008-01-31": "155.92800", "2007-10-31": "41.38800", "2007-07-31": "119.02900", "2007-04-30": "119.68400", "2007-01-31": "117.92100", "2006-10-31": "32.01600", "2006-07-31": "112.99300", "2006-04-30": "105.17400", "2006-01-31": "102.03900", "2005-10-31": "44.49600", "2005-07-31": "103.14800", "2005-04-30": "102.83100", "2005-01-31": "102.49100"}, "Total Long Term Liabilities": {"2020-10-31": "1552.57600", "2020-07-31": "1702.82800", "2020-04-30": "1730.22100", "2020-01-31": "1573.27200", "2019-10-31": "1457.77600", "2019-07-31": "1500.42800", "2019-04-30": "1557.33400", "2019-01-31": "1671.70900", "2018-10-31": "1619.99100", "2018-07-31": "1843.37200", "2018-04-30": "1641.64500", "2018-01-31": "1595.74200", "2017-10-31": "1611.30000", "2017-07-31": "1938.69900", "2017-04-30": "1960.48300", "2017-01-31": "1208.96200", "2016-10-31": "1237.43700", "2016-07-31": "1319.29800", "2016-04-30": "1364.68500", "2016-01-31": "1430.30900", "2015-10-31": "1409.65200", "2015-07-31": "1235.31700", "2015-04-30": "1133.73300", "2015-01-31": "1015.62000", "2014-10-31": "1004.46500", "2014-07-31": "890.61290", "2014-04-30": "919.28200", "2014-01-31": "893.01900", "2013-10-31": "928.51900", "2013-07-31": "842.63600", "2013-04-30": "848.45900", "2013-01-31": "811.17500", "2012-10-31": "816.06100", "2012-07-31": "842.80700", "2012-04-30": "535.14800", "2012-01-31": "586.79000", "2011-10-31": "550.96590", "2011-07-31": "261.39600", "2011-04-30": "255.15000", "2011-01-31": "286.86900", "2010-10-31": "289.36800", "2010-07-31": "316.84600", "2010-04-30": "331.51300", "2010-01-31": "348.68100", "2009-10-31": "364.27600", "2009-07-31": "355.72600", "2009-04-30": "378.05100", "2009-01-31": "220.57500", "2008-10-31": "388.56100", "2008-07-31": "215.44400", "2008-04-30": "230.70400", "2008-01-31": "178.76800", "2007-10-31": "170.80900", "2007-07-31": "156.02700", "2007-04-30": "173.19700", "2007-01-31": "171.76900", "2006-10-31": "151.03700", "2006-07-31": "210.12300", "2006-04-30": "206.59400", "2006-01-31": "203.45900", "2005-10-31": "207.54000", "2005-07-31": "204.56800", "2005-04-30": "250.29900", "2005-01-31": "250.10300"}, "Total Liabilities": {"2020-10-31": "1915.66500", "2020-07-31": "2050.04600", "2020-04-30": "2090.41000", "2020-01-31": "1916.59300", "2019-10-31": "1935.40200", "2019-07-31": "1944.65000", "2019-04-30": "2003.82500", "2019-01-31": "1996.20600", "2018-10-31": "1970.27100", "2018-07-31": "2184.47600", "2018-04-30": "2176.30600", "2018-01-31": "2205.51500", "2017-10-31": "2259.04600", "2017-07-31": "2376.08500", "2017-04-30": "2416.97600", "2017-01-31": "1499.17800", "2016-10-31": "1568.98000", "2016-07-31": "1597.71800", "2016-04-30": "1635.48600", "2016-01-31": "1667.13000", "2015-10-31": "1700.42800", "2015-07-31": "1495.93200", "2015-04-30": "1432.00700", "2015-01-31": "1403.80000", "2014-10-31": "1375.33300", "2014-07-31": "1150.67000", "2014-04-30": "1155.83500", "2014-01-31": "1106.64700", "2013-10-31": "1165.31600", "2013-07-31": "1065.03800", "2013-04-30": "1121.74200", "2013-01-31": "1103.55500", "2012-10-31": "1159.74500", "2012-07-31": "1177.26800", "2012-04-30": "759.37400", "2012-01-31": "748.66500", "2011-10-31": "733.12700", "2011-07-31": "438.63700", "2011-04-30": "437.40200", "2011-01-31": "454.65900", "2010-10-31": "481.28200", "2010-07-31": "507.51400", "2010-04-30": "504.99800", "2010-01-31": "512.35400", "2009-10-31": "520.69800", "2009-07-31": "481.94500", "2009-04-30": "501.75400", "2009-01-31": "557.24800", "2008-10-31": "592.55700", "2008-07-31": "585.39400", "2008-04-30": "635.44000", "2008-01-31": "664.93800", "2007-10-31": "680.72300", "2007-07-31": "637.66400", "2007-04-30": "651.09600", "2007-01-31": "592.32800", "2006-10-31": "392.36200", "2006-07-31": "389.22700", "2006-04-30": "430.91800", "2006-01-31": "415.75300", "2005-10-31": "459.50500", "2005-07-31": "436.99800", "2005-04-30": "436.82200", "2005-01-31": "420.13200"}, "Common Stock Net": {"2020-10-31": "12.25300", "2020-07-31": "12.25300", "2020-04-30": "12.25300", "2020-01-31": "12.25300", "2019-10-31": "12.25300", "2019-07-31": "12.25300", "2019-04-30": "12.25300", "2019-01-31": "12.25300", "2018-10-31": "12.25300", "2018-07-31": "12.25300", "2018-04-30": "12.25300", "2018-01-31": "12.25300", "2017-10-31": "12.25300", "2017-07-31": "12.25300", "2017-04-30": "12.25300", "2017-01-31": "12.25300", "2016-10-31": "12.25300", "2016-07-31": "12.25300", "2016-04-30": "12.25300", "2016-01-31": "12.25300", "2015-10-31": "12.25300", "2015-07-31": "12.25300", "2015-04-30": "12.25300", "2015-01-31": "12.25300", "2014-10-31": "12.25300", "2014-07-31": "12.25300", "2014-04-30": "12.25300", "2014-01-31": "12.25300", "2013-10-31": "12.25300", "2013-07-31": "12.25300", "2013-04-30": "12.25300", "2013-01-31": "12.25300", "2012-10-31": "12.25300", "2012-07-31": "12.25300", "2012-04-30": "12.25300", "2012-01-31": "12.25300", "2011-10-31": "12.25300", "2011-07-31": "12.25300", "2011-04-30": "12.25300", "2011-01-31": "12.25300", "2010-10-31": "12.25300", "2010-07-31": "12.25300", "2010-04-30": "12.25300", "2010-01-31": "12.25300", "2009-10-31": "12.25300", "2009-07-31": "12.25300", "2009-04-30": "12.25300", "2009-01-31": "12.25300", "2008-10-31": "12.25300", "2008-07-31": "12.25300", "2008-04-30": "12.25300", "2008-01-31": "12.25300", "2007-10-31": "12.25300", "2007-07-31": "12.25300", "2007-04-30": "12.25300", "2007-01-31": "12.25300", "2006-10-31": "12.25300", "2006-07-31": "12.25300", "2006-04-30": "12.25300", "2006-01-31": "12.25300", "2005-10-31": "12.25300", "2005-07-31": "12.25300", "2005-04-30": "12.25300", "2005-01-31": "12.25300"}, "Retained Earnings (Accumulated Deficit)": {"2020-10-31": "2908.73800", "2020-07-31": "2912.84800", "2020-04-30": "2847.75600", "2020-01-31": "2776.68400", "2019-10-31": "2747.65000", "2019-07-31": "2666.79700", "2019-04-30": "2592.95500", "2019-01-31": "2521.06100", "2018-10-31": "2488.37500", "2018-07-31": "2403.16200", "2018-04-30": "2325.69000", "2018-01-31": "2251.83100", "2017-10-31": "2164.59700", "2017-07-31": "2102.05400", "2017-04-30": "2016.14700", "2017-01-31": "1967.14900", "2016-10-31": "1932.63500", "2016-07-31": "1872.19700", "2016-04-30": "1801.67300", "2016-01-31": "1744.73500", "2015-10-31": "1717.22800", "2015-07-31": "1681.98700", "2015-04-30": "1625.95000", "2015-01-31": "1590.21500", "2014-10-31": "1560.96600", "2014-07-31": "1502.75200", "2014-04-30": "1436.29400", "2014-01-31": "1385.90300", "2013-10-31": "1362.58400", "2013-07-31": "1314.35600", "2013-04-30": "1258.55400", "2013-01-31": "1213.61600", "2012-10-31": "1181.24500", "2012-07-31": "1123.17500", "2012-04-30": "1064.48000", "2012-01-31": "1020.42600", "2011-10-31": "990.22100", "2011-07-31": "943.94200", "2011-04-30": "894.54200", "2011-01-31": "836.44800", "2010-10-31": "797.69500", "2010-07-31": "751.26400", "2010-04-30": "702.41100", "2010-01-31": "676.42100", "2009-10-31": "656.08600", "2009-07-31": "871.50500", "2009-04-30": "853.65100", "2009-01-31": "845.93100", "2008-10-31": "840.88800", "2008-07-31": "816.35600", "2008-04-30": "790.17100", "2008-01-31": "763.23500", "2007-10-31": "748.22900", "2007-07-31": "724.48300", "2007-04-30": "705.83800", "2007-01-31": "690.73600", "2006-10-31": "681.01800", "2006-07-31": "658.92100", "2006-04-30": "639.82700", "2006-01-31": "623.40300", "2005-10-31": "613.58000", "2005-07-31": "591.64500", "2005-04-30": "578.85000", "2005-01-31": "567.18500"}, "Comprehensive Income": {"2020-10-31": "-226.11800", "2020-07-31": "-211.62400", "2020-04-30": "-243.18800", "2020-01-31": "-225.85900", "2019-10-31": "-231.88100", "2019-07-31": "-173.75900", "2019-04-30": "-168.96500", "2019-01-31": "-161.49900", "2018-10-31": "-179.31400", "2018-07-31": "-134.38000", "2018-04-30": "-110.81600", "2018-01-31": "-94.34400", "2017-10-31": "-134.43500", "2017-07-31": "-135.42500", "2017-04-30": "-164.75000", "2017-01-31": "-172.30700", "2016-10-31": "-168.24700", "2016-07-31": "-138.86900", "2016-04-30": "-132.46400", "2016-01-31": "-154.63600", "2015-10-31": "-144.68600", "2015-07-31": "-139.43000", "2015-04-30": "-129.47300", "2015-01-31": "-131.90200", "2014-10-31": "-103.19900", "2014-07-31": "-55.71700", "2014-04-30": "-52.67000", "2014-01-31": "-61.17700", "2013-10-31": "-57.38000", "2013-07-31": "-105.72900", "2013-04-30": "-103.28300", "2013-01-31": "-98.12000", "2012-10-31": "-104.22600", "2012-07-31": "-94.48700", "2012-04-30": "-82.18900", "2012-01-31": "-85.65400", "2011-10-31": "-80.01200", "2011-07-31": "-49.01600", "2011-04-30": "-48.49000", "2011-01-31": "-71.58800", "2010-10-31": "-66.30600", "2010-07-31": "-75.28400", "2010-04-30": "-76.31600", "2010-01-31": "-67.80800", "2009-10-31": "-55.47000", "2009-07-31": "-12.88800", "2009-04-30": "-40.22000", "2009-01-31": "-47.82100", "2008-10-31": "-40.79500", "2008-07-31": "24.31200", "2008-04-30": "24.81700", "2008-01-31": "12.94100", "2007-10-31": "8.20000", "2007-07-31": "1.37600", "2007-04-30": "-1.60100", "2007-01-31": "-10.58400", "2006-10-31": "-12.51800", "2006-07-31": "-17.46900", "2006-04-30": "-18.75900", "2006-01-31": "-24.78800", "2005-10-31": "-25.88300", "2005-07-31": "-17.74600", "2005-04-30": "-9.95400", "2005-01-31": "-4.62500"}, "Other Share Holders Equity": {"2020-10-31": "", "2020-07-31": "", "2020-04-30": "", "2020-01-31": "", "2019-10-31": "", "2019-07-31": "", "2019-04-30": "", "2019-01-31": "", "2018-10-31": "", "2018-07-31": "", "2018-04-30": "", "2018-01-31": "", "2017-10-31": "", "2017-07-31": "", "2017-04-30": "", "2017-01-31": "", "2016-10-31": "", "2016-07-31": "", "2016-04-30": "", "2016-01-31": "", "2015-10-31": "", "2015-07-31": "", "2015-04-30": "", "2015-01-31": "", "2014-10-31": "", "2014-07-31": "", "2014-04-30": "", "2014-01-31": "", "2013-10-31": "", "2013-07-31": "", "2013-04-30": "", "2013-01-31": "", "2012-10-31": "", "2012-07-31": "", "2012-04-30": "", "2012-01-31": "", "2011-10-31": "", "2011-07-31": "", "2011-04-30": "", "2011-01-31": "", "2010-10-31": "", "2010-07-31": "", "2010-04-30": "", "2010-01-31": "", "2009-10-31": "", "2009-07-31": "", "2009-04-30": "", "2009-01-31": "", "2008-10-31": "", "2008-07-31": "", "2008-04-30": "", "2008-01-31": "", "2007-10-31": "", "2007-07-31": "", "2007-04-30": "", "2007-01-31": "", "2006-10-31": "", "2006-07-31": "", "2006-04-30": "", "2006-01-31": "", "2005-10-31": "", "2005-07-31": "", "2005-04-30": "", "2005-01-31": ""}, "Share Holder Equity": {"2020-10-31": "1758.99100", "2020-07-31": "1769.91200", "2020-04-30": "1652.49400", "2020-01-31": "1634.27400", "2019-10-31": "1581.04500", "2019-07-31": "1546.88800", "2019-04-30": "1471.26300", "2019-01-31": "1401.54100", "2018-10-31": "1450.74100", "2018-07-31": "1422.91600", "2018-04-30": "1362.91000", "2018-01-31": "1295.12100", "2017-10-31": "1155.49300", "2017-07-31": "1084.43100", "2017-04-30": "962.26900", "2017-01-31": "893.84400", "2016-10-31": "851.60300", "2016-07-31": "811.80700", "2016-04-30": "736.69800", "2016-01-31": "650.11000", "2015-10-31": "660.01600", "2015-07-31": "820.42500", "2015-04-30": "818.23000", "2015-01-31": "837.90100", "2014-10-31": "904.79700", "2014-07-31": "958.77500", "2014-04-30": "923.22300", "2014-01-31": "911.67500", "2013-10-31": "887.86300", "2013-07-31": "789.64200", "2013-04-30": "735.59500", "2013-01-31": "714.42900", "2012-10-31": "669.77000", "2012-07-31": "614.93400", "2012-04-30": "577.84300", "2012-01-31": "552.16000", "2011-10-31": "571.32300", "2011-07-31": "645.80700", "2011-04-30": "621.50400", "2011-01-31": "542.77500", "2010-10-31": "505.07200", "2010-07-31": "455.28000", "2010-04-30": "412.03400", "2010-01-31": "384.13500", "2009-10-31": "369.97600", "2009-07-31": "624.27100", "2009-04-30": "577.86200", "2009-01-31": "562.26300", "2008-10-31": "574.11200", "2008-07-31": "630.54500", "2008-04-30": "589.90800", "2008-01-31": "549.15600", "2007-10-31": "531.11700", "2007-07-31": "501.99900", "2007-04-30": "475.93000", "2007-01-31": "450.71300", "2006-10-31": "430.52800", "2006-07-31": "409.99900", "2006-04-30": "393.55800", "2006-01-31": "361.22800", "2005-10-31": "330.91200", "2005-07-31": "432.22500", "2005-04-30": "432.10000", "2005-01-31": "425.72900"}, "Total Liabilities And Share Holders Equity": {"2020-10-31": "3674.65600", "2020-07-31": "3819.95800", "2020-04-30": "3742.90400", "2020-01-31": "3550.86700", "2019-10-31": "3516.44700", "2019-07-31": "3491.53800", "2019-04-30": "3475.08800", "2019-01-31": "3397.74700", "2018-10-31": "3421.01200", "2018-07-31": "3607.39200", "2018-04-30": "3539.21600", "2018-01-31": "3500.63600", "2017-10-31": "3414.53900", "2017-07-31": "3460.51600", "2017-04-30": "3379.24500", "2017-01-31": "2393.02200", "2016-10-31": "2420.58300", "2016-07-31": "2409.52500", "2016-04-30": "2372.18400", "2016-01-31": "2317.24000", "2015-10-31": "2360.44400", "2015-07-31": "2316.35700", "2015-04-30": "2250.23700", "2015-01-31": "2241.70100", "2014-10-31": "2280.13000", "2014-07-31": "2109.44500", "2014-04-30": "2079.05800", "2014-01-31": "2018.32200", "2013-10-31": "2053.17900", "2013-07-31": "1854.68000", "2013-04-30": "1857.33700", "2013-01-31": "1817.98400", "2012-10-31": "1829.51500", "2012-07-31": "1792.20200", "2012-04-30": "1337.21700", "2012-01-31": "1300.82500", "2011-10-31": "1304.45000", "2011-07-31": "1084.44400", "2011-04-30": "1058.90600", "2011-01-31": "997.43400", "2010-10-31": "986.35400", "2010-07-31": "962.79400", "2010-04-30": "917.03200", "2010-01-31": "896.48900", "2009-10-31": "890.67400", "2009-07-31": "1106.21600", "2009-04-30": "1079.61600", "2009-01-31": "1119.51100", "2008-10-31": "1166.66900", "2008-07-31": "1215.93900", "2008-04-30": "1225.34800", "2008-01-31": "1214.09400", "2007-10-31": "1211.84000", "2007-07-31": "1139.66300", "2007-04-30": "1127.02600", "2007-01-31": "1043.04100", "2006-10-31": "822.89000", "2006-07-31": "799.22600", "2006-04-30": "824.47600", "2006-01-31": "776.98100", "2005-10-31": "790.41700", "2005-07-31": "869.22300", "2005-04-30": "868.92200", "2005-01-31": "845.86100"}}, "cash flow statement": {"Net Income/Loss": {"2020-10-31": "249.53900", "2019-10-31": "337.09100", "2018-10-31": "377.37500", "2017-10-31": "295.80200", "2016-10-31": "271.84300", "2015-10-31": "211.11100", "2014-10-31": "246.77300", "2013-10-31": "221.81700", "2012-10-31": "224.82900", "2011-10-31": "222.36400", "2010-10-31": "168.04800", "2009-10-31": "-160.05500", "2008-10-31": "117.50400", "2007-10-31": "90.69200", "2006-10-31": "90.59800", "2005-10-31": "78.33800"}, "Total Depreciation And Amortization - Cash Flow": {"2020-10-31": "113.30200", "2019-10-31": "110.24400", "2018-10-31": "108.40700", "2017-10-31": "90.85400", "2016-10-31": "70.30400", "2015-10-31": "65.19400", "2014-10-31": "59.75400", "2013-10-31": "54.43800", "2012-10-31": "38.99000", "2011-10-31": "30.58700", "2010-10-31": "28.88800", "2009-10-31": "274.45300", "2008-10-31": "32.23700", "2007-10-31": "27.93300", "2006-10-31": "23.31000", "2005-10-31": "23.45900"}, "Other Non-Cash Items": {"2020-10-31": "92.64900", "2019-10-31": "19.60600", "2018-10-31": "-9.02500", "2017-10-31": "26.68400", "2016-10-31": "20.31300", "2015-10-31": "15.14700", "2014-10-31": "16.00200", "2013-10-31": "11.12300", "2012-10-31": "15.07200", "2011-10-31": "2.45700", "2010-10-31": "27.61100", "2009-10-31": "0.63100", "2008-10-31": "7.64400", "2007-10-31": "2.04200", "2006-10-31": "-3.06500", "2005-10-31": "18.66900"}, "Total Non-Cash Items": {"2020-10-31": "205.95100", "2019-10-31": "129.85000", "2018-10-31": "99.38200", "2017-10-31": "117.53800", "2016-10-31": "90.61700", "2015-10-31": "80.34100", "2014-10-31": "75.75600", "2013-10-31": "65.56100", "2012-10-31": "54.06200", "2011-10-31": "33.04400", "2010-10-31": "56.49900", "2009-10-31": "275.08400", "2008-10-31": "39.88100", "2007-10-31": "29.97500", "2006-10-31": "20.24500", "2005-10-31": "42.12800"}, "Change In Accounts Receivable": {"2020-10-31": "50.09800", "2019-10-31": "-39.99200", "2018-10-31": "10.23600", "2017-10-31": "-46.15200", "2016-10-31": "-41.24700", "2015-10-31": "-37.17900", "2014-10-31": "-65.69200", "2013-10-31": "19.97100", "2012-10-31": "-49.59500", "2011-10-31": "-4.47400", "2010-10-31": "-50.73200", "2009-10-31": "42.18200", "2008-10-31": "-8.11800", "2007-10-31": "-3.98300", "2006-10-31": "-25.06900", "2005-10-31": "-16.04700"}, "Change In Inventories": {"2020-10-31": "5.78500", "2019-10-31": "-23.11700", "2018-10-31": "5.53200", "2017-10-31": "-19.66700", "2016-10-31": "1.78400", "2015-10-31": "-14.20800", "2014-10-31": "-8.69900", "2013-10-31": "-10.74100", "2012-10-31": "0.17100", "2011-10-31": "-14.66600", "2010-10-31": "-15.00400", "2009-10-31": "22.68800", "2008-10-31": "-5.41300", "2007-10-31": "-1.07500", "2006-10-31": "-1.76900", "2005-10-31": "4.51100"}, "Change In Accounts Payable": {"2020-10-31": "-10.67300", "2019-10-31": "0.65400", "2018-10-31": "-2.67100", "2017-10-31": "4.80500", "2016-10-31": "7.29600", "2015-10-31": "-1.26100", "2014-10-31": "6.90600", "2013-10-31": "-2.54900", "2012-10-31": "4.88200", "2011-10-31": "4.38900", "2010-10-31": "7.04600", "2009-10-31": "-10.25700", "2008-10-31": "-7.67800", "2007-10-31": "5.09000", "2006-10-31": "-1.19000", "2005-10-31": "-9.24100"}, "Change In Assets/Liabilities": {"2020-10-31": "1.97800", "2019-10-31": "-2.02400", "2018-10-31": "-4.04600", "2017-10-31": "-2.63000", "2016-10-31": "-18.63300", "2015-10-31": "6.36200", "2014-10-31": "-2.02500", "2013-10-31": "2.83800", "2012-10-31": "6.14700", "2011-10-31": "11.29100", "2010-10-31": "-41.13000", "2009-10-31": "-10.00800", "2008-10-31": "-2.87200", "2007-10-31": "2.43500", "2006-10-31": "4.80500", "2005-10-31": "5.66300"}, "Total Change In Assets/Liabilities": {"2020-10-31": "45.11300", "2019-10-31": "-80.14500", "2018-10-31": "13.51400", "2017-10-31": "-56.58800", "2016-10-31": "-26.52500", "2015-10-31": "-25.91500", "2014-10-31": "-34.15700", "2013-10-31": "-19.00200", "2012-10-31": "-4.49300", "2011-10-31": "-4.57200", "2010-10-31": "-73.57000", "2009-10-31": "30.14800", "2008-10-31": "-20.92600", "2007-10-31": "-7.01200", "2006-10-31": "0.96800", "2005-10-31": "1.58100"}, "Cash Flow From Operating Activities": {"2020-10-31": "502.42100", "2019-10-31": "382.89300", "2018-10-31": "504.63800", "2017-10-31": "356.75200", "2016-10-31": "334.63400", "2015-10-31": "261.95100", "2014-10-31": "288.15500", "2013-10-31": "268.37600", "2012-10-31": "274.39800", "2011-10-31": "246.72700", "2010-10-31": "140.18600", "2009-10-31": "168.67700", "2008-10-31": "114.04200", "2007-10-31": "124.24800", "2006-10-31": "120.02400", "2005-10-31": "118.45800"}, "Net Change In Property, Plant, And Equipment": {"2020-10-31": "-49.69500", "2019-10-31": "-62.95900", "2018-10-31": "-89.33200", "2017-10-31": "-67.55100", "2016-10-31": "-59.55100", "2015-10-31": "-61.49000", "2014-10-31": "-43.25100", "2013-10-31": "-43.37200", "2012-10-31": "-24.83900", "2011-10-31": "-20.07800", "2010-10-31": "-13.96300", "2009-10-31": "-3.90300", "2008-10-31": "-24.03700", "2007-10-31": "-22.86400", "2006-10-31": "-12.69700", "2005-10-31": "-15.05700"}, "Net Change In Intangible Assets": {"2020-10-31": "", "2019-10-31": "", "2018-10-31": "", "2017-10-31": "", "2016-10-31": "", "2015-10-31": "", "2014-10-31": "", "2013-10-31": "", "2012-10-31": "", "2011-10-31": "", "2010-10-31": "", "2009-10-31": "", "2008-10-31": "", "2007-10-31": "", "2006-10-31": "", "2005-10-31": ""}, "Net Acquisitions/Divestitures": {"2020-10-31": "-142.41400", "2019-10-31": "-12.48600", "2018-10-31": "-50.58600", "2017-10-31": "-805.94300", "2016-10-31": "-42.65000", "2015-10-31": "-75.56500", "2014-10-31": "-186.42000", "2013-10-31": "-176.33300", "2012-10-31": "-441.65100", "2011-10-31": "-292.98000", "2010-10-31": "-19.56600", "2009-10-31": "", "2008-10-31": "-7.89000", "2007-10-31": "-325.24500", "2006-10-31": "5.29600", "2005-10-31": "-0.56700"}, "Net Change In Short-term Investments": {"2020-10-31": "", "2019-10-31": "", "2018-10-31": "", "2017-10-31": "", "2016-10-31": "", "2015-10-31": "", "2014-10-31": "", "2013-10-31": "0.27600", "2012-10-31": "-0.27900", "2011-10-31": "7.55200", "2010-10-31": "-7.79500", "2009-10-31": "-0.03600", "2008-10-31": "0.00300", "2007-10-31": "", "2006-10-31": "0.20600", "2005-10-31": "49.18900"}, "Net Change In Long-Term Investments": {"2020-10-31": "", "2019-10-31": "", "2018-10-31": "", "2017-10-31": "-4.47000", "2016-10-31": "", "2015-10-31": "-1.48000", "2014-10-31": "-0.85400", "2013-10-31": "-1.11600", "2012-10-31": "", "2011-10-31": "", "2010-10-31": "", "2009-10-31": "", "2008-10-31": "", "2007-10-31": "", "2006-10-31": "", "2005-10-31": ""}, "Net Change In Investments - Total": {"2020-10-31": "", "2019-10-31": "", "2018-10-31": "", "2017-10-31": "-4.47000", "2016-10-31": "", "2015-10-31": "-1.48000", "2014-10-31": "-0.85400", "2013-10-31": "-0.84000", "2012-10-31": "-0.27900", "2011-10-31": "7.55200", "2010-10-31": "-7.79500", "2009-10-31": "-0.03600", "2008-10-31": "0.00300", "2007-10-31": "", "2006-10-31": "0.20600", "2005-10-31": "49.18900"}, "Investing Activities - Other": {"2020-10-31": "-2.00000", "2019-10-31": "-0.84400", "2018-10-31": "", "2017-10-31": "", "2016-10-31": "", "2015-10-31": "", "2014-10-31": "", "2013-10-31": "", "2012-10-31": "", "2011-10-31": "", "2010-10-31": "", "2009-10-31": "", "2008-10-31": "", "2007-10-31": "", "2006-10-31": "", "2005-10-31": ""}, "Cash Flow From Investing Activities": {"2020-10-31": "-194.10900", "2019-10-31": "-76.28900", "2018-10-31": "-139.91800", "2017-10-31": "-877.96400", "2016-10-31": "-102.20100", "2015-10-31": "-138.53500", "2014-10-31": "-230.52500", "2013-10-31": "-220.54500", "2012-10-31": "-466.76900", "2011-10-31": "-305.50600", "2010-10-31": "-41.32400", "2009-10-31": "-3.93900", "2008-10-31": "-31.92400", "2007-10-31": "-348.10900", "2006-10-31": "-7.19500", "2005-10-31": "33.56500"}, "Net Long-Term Debt": {"2020-10-31": "-161.42100", "2019-10-31": "-72.69700", "2018-10-31": "-274.21000", "2017-10-31": "599.06600", "2016-10-31": "-136.67300", "2015-10-31": "425.09200", "2014-10-31": "45.38300", "2013-10-31": "56.37400", "2012-10-31": "259.38300", "2011-10-31": "204.12510", "2010-10-31": "-50.68200", "2009-10-31": "-91.44800", "2008-10-31": "-90.31700", "2007-10-31": "219.96900", "2006-10-31": "-59.57500", "2005-10-31": "-9.76100"}, "Net Current Debt": {"2020-10-31": "", "2019-10-31": "", "2018-10-31": "-0.01000", "2017-10-31": "-2.13200", "2016-10-31": "1.39700", "2015-10-31": "-104.84600", "2014-10-31": "102.58600", "2013-10-31": "-46.46900", "2012-10-31": "49.96800", "2011-10-31": "-2.17100", "2010-10-31": "1.15500", "2009-10-31": "-40.97800", "2008-10-31": "22.72400", "2007-10-31": "1.29300", "2006-10-31": "-4.10900", "2005-10-31": "3.68300"}, "Debt Issuance/Retirement Net - Total": {"2020-10-31": "-161.42100", "2019-10-31": "-72.69700", "2018-10-31": "-274.22000", "2017-10-31": "596.93400", "2016-10-31": "-135.27600", "2015-10-31": "320.24600", "2014-10-31": "147.96900", "2013-10-31": "9.90500", "2012-10-31": "309.35100", "2011-10-31": "201.95410", "2010-10-31": "-49.52700", "2009-10-31": "-132.42600", "2008-10-31": "-67.59300", "2007-10-31": "221.26200", "2006-10-31": "-63.68400", "2005-10-31": "-6.07800"}, "Net Common Equity Issued/Repurchased": {"2020-10-31": "-1.76100", "2019-10-31": "-94.49000", "2018-10-31": "-5.20100", "2017-10-31": "10.87000", "2016-10-31": "-21.94500", "2015-10-31": "-378.47900", "2014-10-31": "-159.42100", "2013-10-31": "-27.38400", "2012-10-31": "-83.52100", "2011-10-31": "-128.33700", "2010-10-31": "-11.10700", "2009-10-31": "-4.12900", "2008-10-31": "-19.48000", "2007-10-31": "0.17400", "2006-10-31": "-0.98600", "2005-10-31": "-122.58400"}, "Net Total Equity Issued/Repurchased": {"2020-10-31": "-1.76100", "2019-10-31": "-94.49000", "2018-10-31": "-5.20100", "2017-10-31": "10.87000", "2016-10-31": "-21.94500", "2015-10-31": "-378.47900", "2014-10-31": "-159.42100", "2013-10-31": "-27.38400", "2012-10-31": "-83.52100", "2011-10-31": "-128.33700", "2010-10-31": "-11.10700", "2009-10-31": "-4.12900", "2008-10-31": "-19.48000", "2007-10-31": "0.17400", "2006-10-31": "-0.98600", "2005-10-31": "-122.58400"}, "Total Common And Preferred Stock Dividends Paid": {"2020-10-31": "-88.34700", "2019-10-31": "-82.14500", "2018-10-31": "-72.44300", "2017-10-31": "-63.84000", "2016-10-31": "-56.43600", "2015-10-31": "-54.84900", "2014-10-31": "-48.39100", "2013-10-31": "-40.47800", "2012-10-31": "-33.80500", "2011-10-31": "-29.83800", "2010-10-31": "-26.43900", "2009-10-31": "-24.74700", "2008-10-31": "-24.64500", "2007-10-31": "-23.48100", "2006-10-31": "-22.37200", "2005-10-31": "-23.37800"}, "Financial Activities - Other": {"2020-10-31": "", "2019-10-31": "-1.74200", "2018-10-31": "-1.82600", "2017-10-31": "-3.21400", "2016-10-31": "-0.09900", "2015-10-31": "2.10400", "2014-10-31": "6.38500", "2013-10-31": "5.53100", "2012-10-31": "4.79200", "2011-10-31": "6.92400", "2010-10-31": "7.79800", "2009-10-31": "0.28400", "2008-10-31": "9.00200", "2007-10-31": "4.26900", "2006-10-31": "9.07400", "2005-10-31": ""}, "Cash Flow From Financial Activities": {"2020-10-31": "-251.52900", "2019-10-31": "-251.07400", "2018-10-31": "-353.69000", "2017-10-31": "540.75000", "2016-10-31": "-213.75600", "2015-10-31": "-110.97800", "2014-10-31": "-53.45800", "2013-10-31": "-52.42600", "2012-10-31": "196.81700", "2011-10-31": "50.70300", "2010-10-31": "-79.27500", "2009-10-31": "-161.01800", "2008-10-31": "-102.71600", "2007-10-31": "202.22400", "2006-10-31": "-77.96800", "2005-10-31": "-152.04000"}, "Net Cash Flow": {"2020-10-31": "57.12900", "2019-10-31": "55.48600", "2018-10-31": "5.29500", "2017-10-31": "23.14400", "2016-10-31": "16.97100", "2015-10-31": "7.95400", "2014-10-31": "-0.06100", "2013-10-31": "1.13600", "2012-10-31": "3.83100", "2011-10-31": "-4.92100", "2010-10-31": "23.54800", "2009-10-31": "7.02600", "2008-10-31": "-19.38100", "2007-10-31": "-17.72300", "2006-10-31": "37.54100", "2005-10-31": "-0.28000"}, "Stock-Based Compensation": {"2020-10-31": "12.85600", "2019-10-31": "18.08600", "2018-10-31": "21.55000", "2017-10-31": "20.16800", "2016-10-31": "18.21100", "2015-10-31": "15.26200", "2014-10-31": "17.40700", "2013-10-31": "11.76200", "2012-10-31": "10.36500", "2011-10-31": "8.84500", "2010-10-31": "7.63300", "2009-10-31": "-0.81400", "2008-10-31": "9.24700", "2007-10-31": "8.21700", "2006-10-31": "7.12100", "2005-10-31": ""}, "Common Stock Dividends Paid": {"2020-10-31": "-88.34700", "2019-10-31": "-82.14500", "2018-10-31": "-72.44300", "2017-10-31": "-63.84000", "2016-10-31": "-56.43600", "2015-10-31": "-54.84900", "2014-10-31": "-48.39100", "2013-10-31": "-40.47800", "2012-10-31": "-33.80500", "2011-10-31": "-29.83800", "2010-10-31": "-26.43900", "2009-10-31": "-24.74700", "2008-10-31": "-24.64500", "2007-10-31": "-23.48100", "2006-10-31": "-22.37200", "2005-10-31": "-23.37800"}}, "cash flow statement, quarterly": {"Net Income/Loss": {"2020-10-31": 18.475, "2020-07-31": 86.981, "2020-04-30": 92.079, "2020-01-31": "52.00400", "2019-10-31": 102.673, "2019-07-31": 93.928, "2019-04-30": 91.923, "2019-01-31": "48.56700", "2018-10-31": 86.701, "2018-07-31": 94.884, "2018-04-30": 91.235, "2018-01-31": "104.55500", "2017-10-31": 79.835, "2017-07-31": 101.456, "2017-04-30": 64.523, "2017-01-31": "49.98800", "2016-10-31": 75.867, "2016-07-31": 84.214, "2016-04-30": 70.601, "2016-01-31": "41.16100", "2015-10-31": 49.624, "2015-07-31": 69.388, "2015-04-30": 49.214, "2015-01-31": "42.88500", "2014-10-31": 72.08, "2014-07-31": 77.879, "2014-04-30": 61.934, "2014-01-31": "34.88000", "2013-10-31": 59.777, "2013-07-31": 65.424, "2013-04-30": 54.605, "2013-01-31": "42.01100", "2012-10-31": 67.686, "2012-07-31": 66.694, "2012-04-30": 52.111, "2012-01-31": "38.33800", "2011-10-31": 54.675, "2011-07-31": 56.55, "2011-04-30": 65.242, "2011-01-31": "45.89700", "2010-10-31": 53.556, "2010-07-31": 55.329, "2010-04-30": 32.431, "2010-01-31": "26.73200", "2009-10-31": -209.033, "2009-07-31": 23.979, "2009-04-30": 13.843, "2009-01-31": "11.15600", "2008-10-31": 30.746, "2008-07-31": 32.37, "2008-04-30": 33.049, "2008-01-31": "21.33900", "2007-10-31": 29.634, "2007-07-31": 24.521, "2007-04-30": 20.98, "2007-01-31": "15.55700", "2006-10-31": 27.786, "2006-07-31": 24.814, "2006-04-30": 21.931, "2006-01-31": "16.06700", "2005-10-31": 27.903, "2005-07-31": 18.591, "2005-04-30": 17.478, "2005-01-31": "14.36600"}, "Total Depreciation And Amortization - Cash Flow": {"2020-10-31": 29.138, "2020-07-31": 28.5, "2020-04-30": 27.046, "2020-01-31": "28.61800", "2019-10-31": 26.913, "2019-07-31": 27.843, "2019-04-30": 27.74, "2019-01-31": "27.74800", "2018-10-31": 27.37, "2018-07-31": 27.321, "2018-04-30": 27.431, "2018-01-31": "26.28500", "2017-10-31": 25.488, "2017-07-31": 25.954, "2017-04-30": 20.915, "2017-01-31": "18.49700", "2016-10-31": 17.48, "2016-07-31": 17.662, "2016-04-30": 17.952, "2016-01-31": "17.21000", "2015-10-31": 16.123, "2015-07-31": 16.849, "2015-04-30": 16.238, "2015-01-31": "15.98400", "2014-10-31": 15.915, "2014-07-31": 14.608, "2014-04-30": 14.743, "2014-01-31": "14.48800", "2013-10-31": 14.883, "2013-07-31": 13.366, "2013-04-30": 13.14, "2013-01-31": "13.04900", "2012-10-31": 13.471, "2012-07-31": 9.56, "2012-04-30": 7.99, "2012-01-31": "7.96900", "2011-10-31": 9.782, "2011-07-31": 6.559, "2011-04-30": 6.931, "2011-01-31": "7.31500", "2010-10-31": 6.543, "2010-07-31": 7.248, "2010-04-30": 7.392, "2010-01-31": "7.70500", "2009-10-31": 250.252, "2009-07-31": 7.837, "2009-04-30": 8.458, "2009-01-31": "7.90600", "2008-10-31": 8.592, "2008-07-31": 8.098, "2008-04-30": 7.814, "2008-01-31": "7.73300", "2007-10-31": 7.607, "2007-07-31": 7.597, "2007-04-30": 6.636, "2007-01-31": "6.09300", "2006-10-31": 6.438, "2006-07-31": 5.674, "2006-04-30": 5.68, "2006-01-31": "5.51800", "2005-10-31": 4.342, "2005-07-31": 6.335, "2005-04-30": 6.395, "2005-01-31": "6.38700"}, "Other Non-Cash Items": {"2020-10-31": 83.898, "2020-07-31": 6.247, "2020-04-30": -4.663, "2020-01-31": "7.16700", "2019-10-31": 4.907, "2019-07-31": 4.202, "2019-04-30": 4.157, "2019-01-31": "6.34000", "2018-10-31": 20.244, "2018-07-31": 3.934, "2018-04-30": 4.69, "2018-01-31": "-37.89300", "2017-10-31": 9.918, "2017-07-31": 5.133, "2017-04-30": 5.926, "2017-01-31": "5.70700", "2016-10-31": 9.895, "2016-07-31": 2.619, "2016-04-30": 3.805, "2016-01-31": "3.99400", "2015-10-31": 3.17, "2015-07-31": 2.54, "2015-04-30": 2.891, "2015-01-31": "6.54600", "2014-10-31": 6.822, "2014-07-31": 0.671, "2014-04-30": 3.925, "2014-01-31": "4.58400", "2013-10-31": 1.61, "2013-07-31": 1.643, "2013-04-30": 4.414, "2013-01-31": "3.45600", "2012-10-31": 3.537, "2012-07-31": 5.352, "2012-04-30": 2.398, "2012-01-31": "3.78500", "2011-10-31": -0.177, "2011-07-31": 3.551, "2011-04-30": -0.02, "2011-01-31": "-0.89700", "2010-10-31": 6.699, "2010-07-31": 20.55, "2010-04-30": 0.309, "2010-01-31": "0.05300", "2009-10-31": 3.381, "2009-07-31": 3.395, "2009-04-30": -1.316, "2009-01-31": "-4.82900", "2008-10-31": 4.059, "2008-07-31": -0.685, "2008-04-30": 2.363, "2008-01-31": "1.90700", "2007-10-31": 3.349, "2007-07-31": -2.379, "2007-04-30": 1.764, "2007-01-31": "-0.69200", "2006-10-31": 3.617, "2006-07-31": 0.094, "2006-04-30": -1.211, "2006-01-31": "-5.56500", "2005-10-31": 18.585, "2005-07-31": 0, "2005-04-30": 0.029, "2005-01-31": "0.05500"}, "Total Non-Cash Items": {"2020-10-31": 113.036, "2020-07-31": 34.747, "2020-04-30": 22.383, "2020-01-31": "35.78500", "2019-10-31": 31.82, "2019-07-31": 32.045, "2019-04-30": 31.897, "2019-01-31": "34.08800", "2018-10-31": 47.614, "2018-07-31": 31.255, "2018-04-30": 32.121, "2018-01-31": "-11.60800", "2017-10-31": 35.406, "2017-07-31": 31.087, "2017-04-30": 26.841, "2017-01-31": "24.20400", "2016-10-31": 27.375, "2016-07-31": 20.281, "2016-04-30": 21.757, "2016-01-31": "21.20400", "2015-10-31": 19.293, "2015-07-31": 19.389, "2015-04-30": 19.129, "2015-01-31": "22.53000", "2014-10-31": 22.737, "2014-07-31": 15.279, "2014-04-30": 18.668, "2014-01-31": "19.07200", "2013-10-31": 16.493, "2013-07-31": 15.009, "2013-04-30": 17.554, "2013-01-31": "16.50500", "2012-10-31": 17.008, "2012-07-31": 14.912, "2012-04-30": 10.388, "2012-01-31": "11.75400", "2011-10-31": 9.605, "2011-07-31": 10.11, "2011-04-30": 6.911, "2011-01-31": "6.41800", "2010-10-31": 13.242, "2010-07-31": 27.798, "2010-04-30": 7.701, "2010-01-31": "7.75800", "2009-10-31": 253.633, "2009-07-31": 11.232, "2009-04-30": 7.142, "2009-01-31": "3.07700", "2008-10-31": 12.651, "2008-07-31": 7.413, "2008-04-30": 10.177, "2008-01-31": "9.64000", "2007-10-31": 10.956, "2007-07-31": 5.218, "2007-04-30": 8.4, "2007-01-31": "5.40100", "2006-10-31": 10.055, "2006-07-31": 5.768, "2006-04-30": 4.469, "2006-01-31": "-0.04700", "2005-10-31": 22.927, "2005-07-31": 6.335, "2005-04-30": 6.424, "2005-01-31": "6.44200"}, "Change In Accounts Receivable": {"2020-10-31": 50.098, "2020-07-31": 0, "2020-04-30": 0, "2020-01-31": "", "2019-10-31": -39.992, "2019-07-31": 0, "2019-04-30": 0, "2019-01-31": "", "2018-10-31": 10.236, "2018-07-31": 0, "2018-04-30": 0, "2018-01-31": "", "2017-10-31": -46.152, "2017-07-31": 0, "2017-04-30": 0, "2017-01-31": "", "2016-10-31": -41.247, "2016-07-31": 0, "2016-04-30": 0, "2016-01-31": "", "2015-10-31": -37.179, "2015-07-31": 0, "2015-04-30": 0, "2015-01-31": "", "2014-10-31": -65.692, "2014-07-31": 0, "2014-04-30": 0, "2014-01-31": "", "2013-10-31": 19.971, "2013-07-31": 0, "2013-04-30": 0, "2013-01-31": "", "2012-10-31": -49.595, "2012-07-31": 0, "2012-04-30": 0, "2012-01-31": "", "2011-10-31": -4.474, "2011-07-31": 0, "2011-04-30": 0, "2011-01-31": "", "2010-10-31": -50.732, "2010-07-31": 0, "2010-04-30": 0, "2010-01-31": "", "2009-10-31": 42.182, "2009-07-31": 0, "2009-04-30": 0, "2009-01-31": "", "2008-10-31": -8.118, "2008-07-31": 0, "2008-04-30": 0, "2008-01-31": "", "2007-10-31": -3.983, "2007-07-31": 0, "2007-04-30": 0, "2007-01-31": "", "2006-10-31": -25.069, "2006-07-31": 0, "2006-04-30": 0, "2006-01-31": "", "2005-10-31": -16.047, "2005-07-31": 0, "2005-04-30": 0, "2005-01-31": ""}, "Change In Inventories": {"2020-10-31": 5.785, "2020-07-31": 0, "2020-04-30": 0, "2020-01-31": "", "2019-10-31": -23.117, "2019-07-31": 0, "2019-04-30": 0, "2019-01-31": "", "2018-10-31": 5.532, "2018-07-31": 0, "2018-04-30": 0, "2018-01-31": "", "2017-10-31": -19.667, "2017-07-31": 0, "2017-04-30": 0, "2017-01-31": "", "2016-10-31": 1.784, "2016-07-31": 0, "2016-04-30": 0, "2016-01-31": "", "2015-10-31": -14.208, "2015-07-31": 0, "2015-04-30": 0, "2015-01-31": "", "2014-10-31": -8.699, "2014-07-31": 0, "2014-04-30": 0, "2014-01-31": "", "2013-10-31": -10.741, "2013-07-31": 0, "2013-04-30": 0, "2013-01-31": "", "2012-10-31": 0.171, "2012-07-31": 0, "2012-04-30": 0, "2012-01-31": "", "2011-10-31": -14.666, "2011-07-31": 0, "2011-04-30": 0, "2011-01-31": "", "2010-10-31": -15.004, "2010-07-31": 0, "2010-04-30": 0, "2010-01-31": "", "2009-10-31": 22.688, "2009-07-31": 0, "2009-04-30": 0, "2009-01-31": "", "2008-10-31": -5.413, "2008-07-31": 0, "2008-04-30": 0, "2008-01-31": "", "2007-10-31": -1.075, "2007-07-31": 0, "2007-04-30": 0, "2007-01-31": "", "2006-10-31": -1.769, "2006-07-31": 0, "2006-04-30": 0, "2006-01-31": "", "2005-10-31": 4.511, "2005-07-31": 0, "2005-04-30": 0, "2005-01-31": ""}, "Change In Accounts Payable": {"2020-10-31": -10.673, "2020-07-31": 0, "2020-04-30": 0, "2020-01-31": "", "2019-10-31": 0.654, "2019-07-31": 0, "2019-04-30": 0, "2019-01-31": "", "2018-10-31": -2.671, "2018-07-31": 0, "2018-04-30": 0, "2018-01-31": "", "2017-10-31": 4.805, "2017-07-31": 0, "2017-04-30": 0, "2017-01-31": "", "2016-10-31": 7.296, "2016-07-31": 0, "2016-04-30": 0, "2016-01-31": "", "2015-10-31": -1.261, "2015-07-31": 0, "2015-04-30": 0, "2015-01-31": "", "2014-10-31": 6.906, "2014-07-31": 0, "2014-04-30": 0, "2014-01-31": "", "2013-10-31": -2.549, "2013-07-31": 0, "2013-04-30": 0, "2013-01-31": "", "2012-10-31": 4.882, "2012-07-31": 0, "2012-04-30": 0, "2012-01-31": "", "2011-10-31": 4.389, "2011-07-31": 0, "2011-04-30": 0, "2011-01-31": "", "2010-10-31": 7.046, "2010-07-31": 0, "2010-04-30": 0, "2010-01-31": "", "2009-10-31": -10.257, "2009-07-31": 0, "2009-04-30": 0, "2009-01-31": "", "2008-10-31": -7.678, "2008-07-31": 0, "2008-04-30": 0, "2008-01-31": "", "2007-10-31": 5.09, "2007-07-31": 0, "2007-04-30": 0, "2007-01-31": "", "2006-10-31": -1.19, "2006-07-31": 0, "2006-04-30": 0, "2006-01-31": "", "2005-10-31": -9.241, "2005-07-31": 0, "2005-04-30": 0, "2005-01-31": ""}, "Change In Assets/Liabilities": {"2020-10-31": 15.999, "2020-07-31": -29.949, "2020-04-30": -12.558, "2020-01-31": "28.48600", "2019-10-31": 93.993, "2019-07-31": -51.454, "2019-04-30": -18.755, "2019-01-31": "-25.80800", "2018-10-31": -4.531, "2018-07-31": 4.477, "2018-04-30": -20.323, "2018-01-31": "16.33100", "2017-10-31": 73.678, "2017-07-31": -55.024, "2017-04-30": -28.243, "2017-01-31": "6.95900", "2016-10-31": 45.851, "2016-07-31": -36.649, "2016-04-30": -14.007, "2016-01-31": "-13.82800", "2015-10-31": 61.603, "2015-07-31": -38.919, "2015-04-30": 23.181, "2015-01-31": "-39.50300", "2014-10-31": 42.729, "2014-07-31": -12.389, "2014-04-30": -26.1, "2014-01-31": "-6.26500", "2013-10-31": 19.362, "2013-07-31": 11.522, "2013-04-30": -9.285, "2013-01-31": "-18.76100", "2012-10-31": 22.769, "2012-07-31": -3, "2012-04-30": -7.84, "2012-01-31": "-5.78200", "2011-10-31": 22.127, "2011-07-31": 1.57, "2011-04-30": -16.011, "2011-01-31": "3.60500", "2010-10-31": 50.09, "2010-07-31": -35.539, "2010-04-30": -70.642, "2010-01-31": "14.96100", "2009-10-31": -58.856, "2009-07-31": 7.929, "2009-04-30": 26.918, "2009-01-31": "14.00100", "2008-10-31": 24.558, "2008-07-31": -17.516, "2008-04-30": 12.49, "2008-01-31": "-22.40400", "2007-10-31": 8.57, "2007-07-31": 4.24, "2007-04-30": 5.576, "2007-01-31": "-15.95100", "2006-10-31": 14.371, "2006-07-31": -3.457, "2006-04-30": -7.334, "2006-01-31": "1.22500", "2005-10-31": 0.54, "2005-07-31": 1.575, "2005-04-30": 24.693, "2005-01-31": "-21.14500"}, "Total Change In Assets/Liabilities": {"2020-10-31": 59.134, "2020-07-31": -29.949, "2020-04-30": -12.558, "2020-01-31": "28.48600", "2019-10-31": 15.872, "2019-07-31": -51.454, "2019-04-30": -18.755, "2019-01-31": "-25.80800", "2018-10-31": 13.029, "2018-07-31": 4.477, "2018-04-30": -20.323, "2018-01-31": "16.33100", "2017-10-31": 19.72, "2017-07-31": -55.024, "2017-04-30": -28.243, "2017-01-31": "6.95900", "2016-10-31": 37.959, "2016-07-31": -36.649, "2016-04-30": -14.007, "2016-01-31": "-13.82800", "2015-10-31": 29.326, "2015-07-31": -38.919, "2015-04-30": 23.181, "2015-01-31": "-39.50300", "2014-10-31": 10.597, "2014-07-31": -12.389, "2014-04-30": -26.1, "2014-01-31": "-6.26500", "2013-10-31": -2.478, "2013-07-31": 11.522, "2013-04-30": -9.285, "2013-01-31": "-18.76100", "2012-10-31": 12.129, "2012-07-31": -3, "2012-04-30": -7.84, "2012-01-31": "-5.78200", "2011-10-31": 6.264, "2011-07-31": 1.57, "2011-04-30": -16.011, "2011-01-31": "3.60500", "2010-10-31": 17.65, "2010-07-31": -35.539, "2010-04-30": -70.642, "2010-01-31": "14.96100", "2009-10-31": -18.7, "2009-07-31": 7.929, "2009-04-30": 26.918, "2009-01-31": "14.00100", "2008-10-31": 6.504, "2008-07-31": -17.516, "2008-04-30": 12.49, "2008-01-31": "-22.40400", "2007-10-31": -0.877, "2007-07-31": 4.24, "2007-04-30": 5.576, "2007-01-31": "-15.95100", "2006-10-31": 10.534, "2006-07-31": -3.457, "2006-04-30": -7.334, "2006-01-31": "1.22500", "2005-10-31": -3.542, "2005-07-31": 1.575, "2005-04-30": 24.693, "2005-01-31": "-21.14500"}, "Cash Flow From Operating Activities": {"2020-10-31": 192.463, "2020-07-31": 91.779, "2020-04-30": 101.904, "2020-01-31": "116.27500", "2019-10-31": 146.462, "2019-07-31": 74.519, "2019-04-30": 105.065, "2019-01-31": "56.84700", "2018-10-31": 161.711, "2018-07-31": 130.616, "2018-04-30": 103.033, "2018-01-31": "109.27800", "2017-10-31": 134.961, "2017-07-31": 77.519, "2017-04-30": 63.121, "2017-01-31": "81.15100", "2016-10-31": 139.9, "2016-07-31": 67.846, "2016-04-30": 78.351, "2016-01-31": "48.53700", "2015-10-31": 94.657, "2015-07-31": 49.858, "2015-04-30": 91.524, "2015-01-31": "25.91200", "2014-10-31": 105.197, "2014-07-31": 80.769, "2014-04-30": 54.502, "2014-01-31": "47.68700", "2013-10-31": 73.792, "2013-07-31": 91.955, "2013-04-30": 62.874, "2013-01-31": "39.75500", "2012-10-31": 96.823, "2012-07-31": 78.606, "2012-04-30": 54.659, "2012-01-31": "44.31000", "2011-10-31": 66.435, "2011-07-31": 68.23, "2011-04-30": 56.142, "2011-01-31": "55.92000", "2010-10-31": 73.657, "2010-07-31": 47.588, "2010-04-30": -30.51, "2010-01-31": "49.45100", "2009-10-31": 49.4, "2009-07-31": 43.14, "2009-04-30": 47.903, "2009-01-31": "28.23400", "2008-10-31": 27.484, "2008-07-31": 22.267, "2008-04-30": 51.293, "2008-01-31": "12.99800", "2007-10-31": 45.327, "2007-07-31": 31.331, "2007-04-30": 29.774, "2007-01-31": "17.81600", "2006-10-31": 44.437, "2006-07-31": 35.841, "2006-04-30": 24.429, "2006-01-31": "15.31700", "2005-10-31": 37.59, "2005-07-31": 24.118, "2005-04-30": 49.05, "2005-01-31": "7.70000"}, "Net Change In Property, Plant, And Equipment": {"2020-10-31": -13.763, "2020-07-31": -10.201, "2020-04-30": -11.915, "2020-01-31": "-13.81600", "2019-10-31": -17.994, "2019-07-31": -19.346, "2019-04-30": -11.758, "2019-01-31": "-13.86100", "2018-10-31": -43.659, "2018-07-31": -12.859, "2018-04-30": -16.201, "2018-01-31": "-16.61300", "2017-10-31": -22.133, "2017-07-31": -21.987, "2017-04-30": -16.852, "2017-01-31": "-6.57900", "2016-10-31": -15.143, "2016-07-31": -19.758, "2016-04-30": -13.644, "2016-01-31": "-11.00600", "2015-10-31": -13.08, "2015-07-31": -12.648, "2015-04-30": -19.216, "2015-01-31": "-16.54600", "2014-10-31": -15.593, "2014-07-31": -11.263, "2014-04-30": -8.517, "2014-01-31": "-7.87800", "2013-10-31": -12.563, "2013-07-31": -7.125, "2013-04-30": -16.186, "2013-01-31": "-7.49800", "2012-10-31": -4.518, "2012-07-31": -6.395, "2012-04-30": -5.36, "2012-01-31": "-8.56600", "2011-10-31": -5.902, "2011-07-31": -3.593, "2011-04-30": -5.106, "2011-01-31": "-5.47700", "2010-10-31": -6.388, "2010-07-31": -3.399, "2010-04-30": -2.473, "2010-01-31": "-1.70300", "2009-10-31": -2.733, "2009-07-31": -1.902, "2009-04-30": -2.082, "2009-01-31": "2.81400", "2008-10-31": -8.56, "2008-07-31": -6.234, "2008-04-30": -5.726, "2008-01-31": "-3.51700", "2007-10-31": -4.954, "2007-07-31": 0.509, "2007-04-30": -10.469, "2007-01-31": "-7.95000", "2006-10-31": -2.959, "2006-07-31": -2.861, "2006-04-30": -2.413, "2006-01-31": "-4.46400", "2005-10-31": -4.339, "2005-07-31": -2.387, "2005-04-30": -5.195, "2005-01-31": "-3.13600"}, "Net Change In Intangible Assets": {"2020-10-31": 0, "2020-07-31": 0, "2020-04-30": 0, "2020-01-31": "", "2019-10-31": 0, "2019-07-31": 0, "2019-04-30": 0, "2019-01-31": "", "2018-10-31": 0, "2018-07-31": 0, "2018-04-30": 0, "2018-01-31": "", "2017-10-31": 0, "2017-07-31": 0, "2017-04-30": 0, "2017-01-31": "", "2016-10-31": 0, "2016-07-31": 0, "2016-04-30": 0, "2016-01-31": "", "2015-10-31": 0, "2015-07-31": 0, "2015-04-30": 0, "2015-01-31": "", "2014-10-31": 0, "2014-07-31": 0, "2014-04-30": 0, "2014-01-31": "", "2013-10-31": 0, "2013-07-31": 0, "2013-04-30": 0, "2013-01-31": "", "2012-10-31": 0, "2012-07-31": 0, "2012-04-30": 0, "2012-01-31": "", "2011-10-31": 0, "2011-07-31": 0, "2011-04-30": 0, "2011-01-31": "", "2010-10-31": 0.881, "2010-07-31": -0.881, "2010-04-30": 0, "2010-01-31": "", "2009-10-31": 0, "2009-07-31": 0, "2009-04-30": 0, "2009-01-31": "", "2008-10-31": 0, "2008-07-31": 0, "2008-04-30": 0, "2008-01-31": "", "2007-10-31": 0, "2007-07-31": 0, "2007-04-30": 0, "2007-01-31": "", "2006-10-31": 0, "2006-07-31": 0, "2006-04-30": 0, "2006-01-31": "", "2005-10-31": 0, "2005-07-31": 0, "2005-04-30": 0, "2005-01-31": ""}, "Net Acquisitions/Divestitures": {"2020-10-31": -17.154, "2020-07-31": -125.26, "2020-04-30": 0, "2020-01-31": "", "2019-10-31": -0.376, "2019-07-31": -12.041, "2019-04-30": -0.055, "2019-01-31": "-0.01400", "2018-10-31": -5.222, "2018-07-31": -1.188, "2018-04-30": -0.892, "2018-01-31": "-43.28400", "2017-10-31": 0, "2017-07-31": -0.725, "2017-04-30": -791.218, "2017-01-31": "-14.00000", "2016-10-31": -42.65, "2016-07-31": 0, "2016-04-30": 0, "2016-01-31": "", "2015-10-31": -60.629, "2015-07-31": -14.936, "2015-04-30": 0, "2015-01-31": "", "2014-10-31": -186.42, "2014-07-31": 0, "2014-04-30": 0, "2014-01-31": "", "2013-10-31": -175.102, "2013-07-31": 0, "2013-04-30": 0, "2013-01-31": "-1.23100", "2012-10-31": -38.662, "2012-07-31": -405.202, "2012-04-30": 2.213, "2012-01-31": "", "2011-10-31": -258.353, "2011-07-31": -13.331, "2011-04-30": 0, "2011-01-31": "-21.29600", "2010-10-31": -1.074, "2010-07-31": 0, "2010-04-30": 0.117, "2010-01-31": "-18.60900", "2009-10-31": 0, "2009-07-31": 0, "2009-04-30": 0, "2009-01-31": "", "2008-10-31": -4.117, "2008-07-31": -3.025, "2008-04-30": -0.04, "2008-01-31": "-0.70800", "2007-10-31": -43.784, "2007-07-31": 0.674, "2007-04-30": -55.2, "2007-01-31": "-226.93500", "2006-10-31": 5.373, "2006-07-31": 0, "2006-04-30": -0.01, "2006-01-31": "-0.06700", "2005-10-31": -0.01, "2005-07-31": 0.048, "2005-04-30": -0.605, "2005-01-31": ""}, "Net Change In Short-term Investments": {"2020-10-31": 0, "2020-07-31": 0, "2020-04-30": 0, "2020-01-31": "", "2019-10-31": 0, "2019-07-31": 0, "2019-04-30": 0, "2019-01-31": "", "2018-10-31": 0, "2018-07-31": 0, "2018-04-30": 0, "2018-01-31": "", "2017-10-31": 0, "2017-07-31": 0, "2017-04-30": 0, "2017-01-31": "", "2016-10-31": 0, "2016-07-31": 0, "2016-04-30": 0, "2016-01-31": "", "2015-10-31": 0, "2015-07-31": 0, "2015-04-30": 0, "2015-01-31": "", "2014-10-31": 0, "2014-07-31": 0, "2014-04-30": 0, "2014-01-31": "", "2013-10-31": -0.001, "2013-07-31": 0, "2013-04-30": 0.277, "2013-01-31": "", "2012-10-31": -0.279, "2012-07-31": 0, "2012-04-30": 0, "2012-01-31": "", "2011-10-31": 0, "2011-07-31": 0, "2011-04-30": 0.006, "2011-01-31": "7.54600", "2010-10-31": -6.858, "2010-07-31": -0.265, "2010-04-30": 0.193, "2010-01-31": "-0.86500", "2009-10-31": -0.041, "2009-07-31": 0, "2009-04-30": 0, "2009-01-31": "0.00500", "2008-10-31": -0.006, "2008-07-31": 0.005, "2008-04-30": 0, "2008-01-31": "0.00400", "2007-10-31": 0, "2007-07-31": 0, "2007-04-30": 0, "2007-01-31": "", "2006-10-31": 0, "2006-07-31": 0.006, "2006-04-30": 0.2, "2006-01-31": "", "2005-10-31": 35.501, "2005-07-31": -35.4, "2005-04-30": 35.289, "2005-01-31": "13.79900"}, "Net Change In Long-Term Investments": {"2020-10-31": 2, "2020-07-31": 0, "2020-04-30": -2, "2020-01-31": "", "2019-10-31": 0.844, "2019-07-31": -0.844, "2019-04-30": 0, "2019-01-31": "", "2018-10-31": 0, "2018-07-31": 0, "2018-04-30": 0, "2018-01-31": "", "2017-10-31": 0, "2017-07-31": 0.624, "2017-04-30": -2.496, "2017-01-31": "-2.59800", "2016-10-31": 0, "2016-07-31": 0, "2016-04-30": 0, "2016-01-31": "", "2015-10-31": -0.001, "2015-07-31": -1.108, "2015-04-30": 0, "2015-01-31": "-0.37100", "2014-10-31": 0, "2014-07-31": -0.854, "2014-04-30": 0, "2014-01-31": "", "2013-10-31": 0, "2013-07-31": 0, "2013-04-30": -1.116, "2013-01-31": "", "2012-10-31": 0, "2012-07-31": 0, "2012-04-30": 0, "2012-01-31": "", "2011-10-31": 0, "2011-07-31": 0, "2011-04-30": 0, "2011-01-31": "", "2010-10-31": 0, "2010-07-31": 0, "2010-04-30": 0, "2010-01-31": "", "2009-10-31": 0, "2009-07-31": 0, "2009-04-30": 0, "2009-01-31": "", "2008-10-31": 0, "2008-07-31": 0, "2008-04-30": 0, "2008-01-31": "", "2007-10-31": 0, "2007-07-31": 0, "2007-04-30": 0, "2007-01-31": "", "2006-10-31": 0, "2006-07-31": 0, "2006-04-30": 0, "2006-01-31": "", "2005-10-31": 0, "2005-07-31": 0, "2005-04-30": 0, "2005-01-31": ""}, "Net Change In Investments - Total": {"2020-10-31": 2, "2020-07-31": 0, "2020-04-30": -2, "2020-01-31": "", "2019-10-31": 0.844, "2019-07-31": -0.844, "2019-04-30": 0, "2019-01-31": "", "2018-10-31": 0, "2018-07-31": 0, "2018-04-30": 0, "2018-01-31": "", "2017-10-31": 0, "2017-07-31": 0.624, "2017-04-30": -2.496, "2017-01-31": "-2.59800", "2016-10-31": 0, "2016-07-31": 0, "2016-04-30": 0, "2016-01-31": "", "2015-10-31": -0.001, "2015-07-31": -1.108, "2015-04-30": 0, "2015-01-31": "-0.37100", "2014-10-31": 0, "2014-07-31": -0.854, "2014-04-30": 0, "2014-01-31": "", "2013-10-31": -0.001, "2013-07-31": 0, "2013-04-30": -0.839, "2013-01-31": "", "2012-10-31": -0.279, "2012-07-31": 0, "2012-04-30": 0, "2012-01-31": "", "2011-10-31": 0, "2011-07-31": 0, "2011-04-30": 0.006, "2011-01-31": "7.54600", "2010-10-31": -6.858, "2010-07-31": -0.265, "2010-04-30": 0.193, "2010-01-31": "-0.86500", "2009-10-31": -0.041, "2009-07-31": 0, "2009-04-30": 0, "2009-01-31": "0.00500", "2008-10-31": -0.006, "2008-07-31": 0.005, "2008-04-30": 0, "2008-01-31": "0.00400", "2007-10-31": 0, "2007-07-31": 0, "2007-04-30": 0, "2007-01-31": "", "2006-10-31": 0, "2006-07-31": 0.006, "2006-04-30": 0.2, "2006-01-31": "", "2005-10-31": 35.501, "2005-07-31": -35.4, "2005-04-30": 35.289, "2005-01-31": "13.79900"}, "Investing Activities - Other": {"2020-10-31": -2, "2020-07-31": 0, "2020-04-30": 0, "2020-01-31": "", "2019-10-31": -0.844, "2019-07-31": 0, "2019-04-30": 0, "2019-01-31": "", "2018-10-31": 0, "2018-07-31": 0, "2018-04-30": 0, "2018-01-31": "", "2017-10-31": 0, "2017-07-31": 0, "2017-04-30": 0, "2017-01-31": "", "2016-10-31": 0, "2016-07-31": 0, "2016-04-30": 0, "2016-01-31": "", "2015-10-31": 0, "2015-07-31": 0, "2015-04-30": 0, "2015-01-31": "", "2014-10-31": 0, "2014-07-31": 0, "2014-04-30": 0, "2014-01-31": "", "2013-10-31": 0, "2013-07-31": 0, "2013-04-30": 0, "2013-01-31": "", "2012-10-31": 0, "2012-07-31": 0, "2012-04-30": 0, "2012-01-31": "", "2011-10-31": 0, "2011-07-31": 0, "2011-04-30": 0, "2011-01-31": "", "2010-10-31": 0, "2010-07-31": 0, "2010-04-30": 0, "2010-01-31": "", "2009-10-31": 0, "2009-07-31": 0, "2009-04-30": 0, "2009-01-31": "", "2008-10-31": 0, "2008-07-31": 0, "2008-04-30": 0, "2008-01-31": "", "2007-10-31": 0, "2007-07-31": 0, "2007-04-30": 0, "2007-01-31": "", "2006-10-31": 0, "2006-07-31": 0, "2006-04-30": 0, "2006-01-31": "", "2005-10-31": 0, "2005-07-31": 0, "2005-04-30": 0, "2005-01-31": ""}, "Cash Flow From Investing Activities": {"2020-10-31": -30.917, "2020-07-31": -135.461, "2020-04-30": -13.915, "2020-01-31": "-13.81600", "2019-10-31": -18.37, "2019-07-31": -32.231, "2019-04-30": -11.813, "2019-01-31": "-13.87500", "2018-10-31": -48.881, "2018-07-31": -14.047, "2018-04-30": -17.093, "2018-01-31": "-59.89700", "2017-10-31": -22.133, "2017-07-31": -22.088, "2017-04-30": -810.566, "2017-01-31": "-23.17700", "2016-10-31": -57.793, "2016-07-31": -19.758, "2016-04-30": -13.644, "2016-01-31": "-11.00600", "2015-10-31": -73.71, "2015-07-31": -28.692, "2015-04-30": -19.216, "2015-01-31": "-16.91700", "2014-10-31": -202.013, "2014-07-31": -12.117, "2014-04-30": -8.517, "2014-01-31": "-7.87800", "2013-10-31": -187.666, "2013-07-31": -7.125, "2013-04-30": -17.025, "2013-01-31": "-8.72900", "2012-10-31": -43.459, "2012-07-31": -411.597, "2012-04-30": -3.147, "2012-01-31": "-8.56600", "2011-10-31": -264.255, "2011-07-31": -16.924, "2011-04-30": -5.1, "2011-01-31": "-19.22700", "2010-10-31": -13.439, "2010-07-31": -4.545, "2010-04-30": -2.163, "2010-01-31": "-21.17700", "2009-10-31": -2.774, "2009-07-31": -1.902, "2009-04-30": -2.082, "2009-01-31": "2.81900", "2008-10-31": -12.683, "2008-07-31": -9.254, "2008-04-30": -5.766, "2008-01-31": "-4.22100", "2007-10-31": -48.738, "2007-07-31": 1.183, "2007-04-30": -65.669, "2007-01-31": "-234.88500", "2006-10-31": 2.414, "2006-07-31": -2.855, "2006-04-30": -2.223, "2006-01-31": "-4.53100", "2005-10-31": 31.152, "2005-07-31": -37.739, "2005-04-30": 29.489, "2005-01-31": "10.66300"}, "Net Long-Term Debt": {"2020-10-31": -157.347, "2020-07-31": -40.348, "2020-04-30": 164.646, "2020-01-31": "-128.37200", "2019-10-31": -104.264, "2019-07-31": -25.747, "2019-04-30": -11.66, "2019-01-31": "68.97400", "2018-10-31": -240.576, "2018-07-31": 14.357, "2018-04-30": -48.202, "2018-01-31": "0.21100", "2017-10-31": -111.191, "2017-07-31": -19.873, "2017-04-30": 760.18, "2017-01-31": "-30.05000", "2016-10-31": -53.155, "2016-07-31": -28.241, "2016-04-30": -67.262, "2016-01-31": "11.98500", "2015-10-31": 182.063, "2015-07-31": 102.655, "2015-04-30": 119.446, "2015-01-31": "20.92800", "2014-10-31": 74.77, "2014-07-31": -22.204, "2014-04-30": 18.25, "2014-01-31": "-25.43300", "2013-10-31": 90.178, "2013-07-31": -4.66, "2013-04-30": -17.335, "2013-01-31": "-11.80900", "2012-10-31": -61.502, "2012-07-31": 300.287, "2012-04-30": -10.664, "2012-01-31": "31.26200", "2011-10-31": 265.9571, "2011-07-31": -15.479, "2011-04-30": -37.186, "2011-01-31": "-9.16700", "2010-10-31": -56.544, "2010-07-31": -11.573, "2010-04-30": 33.718, "2010-01-31": "-16.28300", "2009-10-31": -45.66, "2009-07-31": -34.589, "2009-04-30": -29.7, "2009-01-31": "18.50100", "2008-10-31": 15.886, "2008-07-31": -43.341, "2008-04-30": -61.431, "2008-01-31": "-1.43100", "2007-10-31": 228.433, "2007-07-31": -5.682, "2007-04-30": -1.391, "2007-01-31": "-1.39100", "2006-10-31": -1.533, "2006-07-31": -47.353, "2006-04-30": -1.345, "2006-01-31": "-9.34400", "2005-10-31": -1.859, "2005-07-31": -5.556, "2005-04-30": -1.173, "2005-01-31": "-1.17300"}, "Net Current Debt": {"2020-10-31": 0, "2020-07-31": 0, "2020-04-30": 0, "2020-01-31": "", "2019-10-31": 0, "2019-07-31": 0, "2019-04-30": 0, "2019-01-31": "", "2018-10-31": 0, "2018-07-31": 0, "2018-04-30": 0, "2018-01-31": "-0.01000", "2017-10-31": -0.965, "2017-07-31": -2.035, "2017-04-30": -1.103, "2017-01-31": "1.97100", "2016-10-31": -4.684, "2016-07-31": -0.126, "2016-04-30": -1.812, "2016-01-31": "8.01900", "2015-10-31": -3.886, "2015-07-31": -52.63, "2015-04-30": -105.794, "2015-01-31": "57.46400", "2014-10-31": 96.691, "2014-07-31": 0.895, "2014-04-30": 0.705, "2014-01-31": "4.29500", "2013-10-31": -1.502, "2013-07-31": -54.914, "2013-04-30": 9.941, "2013-01-31": "0.00600", "2012-10-31": -0.001, "2012-07-31": 49.998, "2012-04-30": -0.033, "2012-01-31": "0.00400", "2011-10-31": -0.344, "2011-07-31": -0.348, "2011-04-30": 0.326, "2011-01-31": "-1.80500", "2010-10-31": 0.024, "2010-07-31": -1.2, "2010-04-30": 1.376, "2010-01-31": "0.95500", "2009-10-31": -0.664, "2009-07-31": -1.314, "2009-04-30": -10.239, "2009-01-31": "-28.76100", "2008-10-31": -18.047, "2008-07-31": 20.747, "2008-04-30": 8.06, "2008-01-31": "11.96400", "2007-10-31": -217.501, "2007-07-31": -21.654, "2007-04-30": 41.174, "2007-01-31": "199.27400", "2006-10-31": -3.12, "2006-07-31": 1.834, "2006-04-30": 2.284, "2006-01-31": "-5.10700", "2005-10-31": 4.612, "2005-07-31": -0.359, "2005-04-30": -2.648, "2005-01-31": "2.07800"}, "Debt Issuance/Retirement Net - Total": {"2020-10-31": -157.347, "2020-07-31": -40.348, "2020-04-30": 164.646, "2020-01-31": "-128.37200", "2019-10-31": -104.264, "2019-07-31": -25.747, "2019-04-30": -11.66, "2019-01-31": "68.97400", "2018-10-31": -240.576, "2018-07-31": 14.357, "2018-04-30": -48.202, "2018-01-31": "0.20100", "2017-10-31": -112.156, "2017-07-31": -21.908, "2017-04-30": 759.077, "2017-01-31": "-28.07900", "2016-10-31": -57.839, "2016-07-31": -28.367, "2016-04-30": -69.074, "2016-01-31": "20.00400", "2015-10-31": 178.177, "2015-07-31": 50.025, "2015-04-30": 13.652, "2015-01-31": "78.39200", "2014-10-31": 171.461, "2014-07-31": -21.309, "2014-04-30": 18.955, "2014-01-31": "-21.13800", "2013-10-31": 88.676, "2013-07-31": -59.574, "2013-04-30": -7.394, "2013-01-31": "-11.80300", "2012-10-31": -61.503, "2012-07-31": 350.285, "2012-04-30": -10.697, "2012-01-31": "31.26600", "2011-10-31": 265.6131, "2011-07-31": -15.827, "2011-04-30": -36.86, "2011-01-31": "-10.97200", "2010-10-31": -56.52, "2010-07-31": -12.773, "2010-04-30": 35.094, "2010-01-31": "-15.32800", "2009-10-31": -46.324, "2009-07-31": -35.903, "2009-04-30": -39.939, "2009-01-31": "-10.26000", "2008-10-31": -2.161, "2008-07-31": -22.594, "2008-04-30": -53.371, "2008-01-31": "10.53300", "2007-10-31": 10.932, "2007-07-31": -27.336, "2007-04-30": 39.783, "2007-01-31": "197.88300", "2006-10-31": -4.653, "2006-07-31": -45.519, "2006-04-30": 0.939, "2006-01-31": "-14.45100", "2005-10-31": 2.753, "2005-07-31": -5.915, "2005-04-30": -3.821, "2005-01-31": "0.90500"}, "Net Common Equity Issued/Repurchased": {"2020-10-31": 3.832, "2020-07-31": 17.79, "2020-04-30": -35.451, "2020-01-31": "12.06800", "2019-10-31": 6.359, "2019-07-31": 2.786, "2019-04-30": 0.426, "2019-01-31": "-104.06100", "2018-10-31": -17.49, "2018-07-31": 1.699, "2018-04-30": 5.273, "2018-01-31": "5.31700", "2017-10-31": 0.775, "2017-07-31": 1.153, "2017-04-30": 3.776, "2017-01-31": "5.16600", "2016-10-31": 3.61, "2016-07-31": 4.96, "2016-04-30": 1.993, "2016-01-31": "-32.50800", "2015-10-31": -195.406, "2015-07-31": -47.392, "2015-04-30": -63.438, "2015-01-31": "-72.24300", "2014-10-31": -70.881, "2014-07-31": -33.971, "2014-04-30": -52.229, "2014-01-31": "-2.34000", "2013-10-31": -3.677, "2013-07-31": -2.591, "2013-04-30": -21.668, "2013-01-31": "0.55200", "2012-10-31": 0.27, "2012-07-31": -12.291, "2012-04-30": -25.01, "2012-01-31": "-46.49000", "2011-10-31": -91.615, "2011-07-31": -26.87, "2011-04-30": -7.367, "2011-01-31": "-2.48500", "2010-10-31": -8.3, "2010-07-31": -10.62, "2010-04-30": 5.272, "2010-01-31": "2.54100", "2009-10-31": 2.389, "2009-07-31": 0.129, "2009-04-30": 0.212, "2009-01-31": "-6.85900", "2008-10-31": -17.996, "2008-07-31": 5.612, "2008-04-30": -1.969, "2008-01-31": "-5.12700", "2007-10-31": -3.694, "2007-07-31": 1.5, "2007-04-30": -0.909, "2007-01-31": "3.27700", "2006-10-31": -11.206, "2006-07-31": -5.484, "2006-04-30": 5.266, "2006-01-31": "10.43800", "2005-10-31": -118.535, "2005-07-31": -5.186, "2005-04-30": -0.392, "2005-01-31": "1.52900"}, "Net Total Equity Issued/Repurchased": {"2020-10-31": 3.832, "2020-07-31": 17.79, "2020-04-30": -35.451, "2020-01-31": "12.06800", "2019-10-31": 6.359, "2019-07-31": 2.786, "2019-04-30": 0.426, "2019-01-31": "-104.06100", "2018-10-31": -17.49, "2018-07-31": 1.699, "2018-04-30": 5.273, "2018-01-31": "5.31700", "2017-10-31": 0.775, "2017-07-31": 1.153, "2017-04-30": 3.776, "2017-01-31": "5.16600", "2016-10-31": 3.61, "2016-07-31": 4.96, "2016-04-30": 1.993, "2016-01-31": "-32.50800", "2015-10-31": -195.406, "2015-07-31": -47.392, "2015-04-30": -63.438, "2015-01-31": "-72.24300", "2014-10-31": -70.881, "2014-07-31": -33.971, "2014-04-30": -52.229, "2014-01-31": "-2.34000", "2013-10-31": -3.677, "2013-07-31": -2.591, "2013-04-30": -21.668, "2013-01-31": "0.55200", "2012-10-31": 0.27, "2012-07-31": -12.291, "2012-04-30": -25.01, "2012-01-31": "-46.49000", "2011-10-31": -91.615, "2011-07-31": -26.87, "2011-04-30": -7.367, "2011-01-31": "-2.48500", "2010-10-31": -8.3, "2010-07-31": -10.62, "2010-04-30": 5.272, "2010-01-31": "2.54100", "2009-10-31": 2.389, "2009-07-31": 0.129, "2009-04-30": 0.212, "2009-01-31": "-6.85900", "2008-10-31": -17.996, "2008-07-31": 5.612, "2008-04-30": -1.969, "2008-01-31": "-5.12700", "2007-10-31": -3.694, "2007-07-31": 1.5, "2007-04-30": -0.909, "2007-01-31": "3.27700", "2006-10-31": -11.206, "2006-07-31": -5.484, "2006-04-30": 5.266, "2006-01-31": "10.43800", "2005-10-31": -118.535, "2005-07-31": -5.186, "2005-04-30": -0.392, "2005-01-31": "1.52900"}, "Total Common And Preferred Stock Dividends Paid": {"2020-10-31": -22.61, "2020-07-31": -21.859, "2020-04-30": -21.963, "2020-01-31": "-21.91500", "2019-10-31": -21.82, "2019-07-31": -20.086, "2019-04-30": -20.029, "2019-01-31": "-20.21000", "2018-10-31": -20.334, "2018-07-31": -17.412, "2018-04-30": -17.376, "2018-01-31": "-17.32100", "2017-10-31": -17.291, "2017-07-31": -15.55, "2017-04-30": -15.524, "2017-01-31": "-15.47500", "2016-10-31": -15.428, "2016-07-31": -13.69, "2016-04-30": -13.664, "2016-01-31": "-13.65400", "2015-10-31": -14.383, "2015-07-31": -13.35, "2015-04-30": -13.481, "2015-01-31": "-13.63500", "2014-10-31": -13.866, "2014-07-31": -11.421, "2014-04-30": -11.543, "2014-01-31": "-11.56100", "2013-10-31": -11.548, "2013-07-31": -9.622, "2013-04-30": -9.667, "2013-01-31": "-9.64100", "2012-10-31": -9.616, "2012-07-31": -7.998, "2012-04-30": -8.058, "2012-01-31": "-8.13300", "2011-10-31": -8.396, "2011-07-31": -7.151, "2011-04-30": -7.147, "2011-01-31": "-7.14400", "2010-10-31": -7.124, "2010-07-31": -6.478, "2010-04-30": -6.439, "2010-01-31": "-6.39800", "2009-10-31": -6.386, "2009-07-31": -6.125, "2009-04-30": -6.124, "2009-01-31": "-6.11200", "2008-10-31": -6.215, "2008-07-31": -6.185, "2008-04-30": -6.112, "2008-01-31": "-6.13300", "2007-10-31": -5.888, "2007-07-31": -5.876, "2007-04-30": -5.878, "2007-01-31": "-5.83900", "2006-10-31": -5.689, "2006-07-31": -5.72, "2006-04-30": -5.508, "2006-01-31": "-5.45500", "2005-10-31": -5.969, "2005-07-31": -5.795, "2005-04-30": -5.814, "2005-01-31": "-5.80000"}, "Financial Activities - Other": {"2020-10-31": 0, "2020-07-31": 0, "2020-04-30": 0, "2020-01-31": "", "2019-10-31": -1.742, "2019-07-31": 0, "2019-04-30": 0, "2019-01-31": "", "2018-10-31": -1.826, "2018-07-31": 0, "2018-04-30": 0, "2018-01-31": "", "2017-10-31": -3.214, "2017-07-31": 0, "2017-04-30": 0, "2017-01-31": "", "2016-10-31": -2.894, "2016-07-31": 1.836, "2016-04-30": 0.761, "2016-01-31": "0.19800", "2015-10-31": -0.434, "2015-07-31": 0.724, "2015-04-30": 1.495, "2015-01-31": "0.31900", "2014-10-31": 2.258, "2014-07-31": 2.332, "2014-04-30": 0.707, "2014-01-31": "1.08800", "2013-10-31": 2.339, "2013-07-31": 0.639, "2013-04-30": 0.477, "2013-01-31": "2.07600", "2012-10-31": 3.544, "2012-07-31": 0.269, "2012-04-30": 0.736, "2012-01-31": "0.24300", "2011-10-31": -0.226, "2011-07-31": 0.231, "2011-04-30": 2.815, "2011-01-31": "4.10400", "2010-10-31": 1.694, "2010-07-31": 0.033, "2010-04-30": 3.825, "2010-01-31": "2.24600", "2009-10-31": 0.254, "2009-07-31": 0.008, "2009-04-30": 0.01, "2009-01-31": "0.01200", "2008-10-31": -0.115, "2008-07-31": 6.933, "2008-04-30": 1.52, "2008-01-31": "0.66400", "2007-10-31": 0.301, "2007-07-31": 0.856, "2007-04-30": 0.138, "2007-01-31": "2.97400", "2006-10-31": 3.016, "2006-07-31": -0.131, "2006-04-30": 2.64, "2006-01-31": "3.54900", "2005-10-31": 0, "2005-07-31": 0, "2005-04-30": 0, "2005-01-31": ""}, "Cash Flow From Financial Activities": {"2020-10-31": -176.125, "2020-07-31": -44.417, "2020-04-30": 107.232, "2020-01-31": "-138.21900", "2019-10-31": -121.467, "2019-07-31": -43.047, "2019-04-30": -31.263, "2019-01-31": "-55.29700", "2018-10-31": -280.226, "2018-07-31": -1.356, "2018-04-30": -60.305, "2018-01-31": "-11.80300", "2017-10-31": -131.886, "2017-07-31": -36.305, "2017-04-30": 747.329, "2017-01-31": "-38.38800", "2016-10-31": -72.551, "2016-07-31": -35.261, "2016-04-30": -79.984, "2016-01-31": "-25.96000", "2015-10-31": -32.046, "2015-07-31": -9.993, "2015-04-30": -61.772, "2015-01-31": "-7.16700", "2014-10-31": 88.972, "2014-07-31": -64.369, "2014-04-30": -44.11, "2014-01-31": "-33.95100", "2013-10-31": 75.79, "2013-07-31": -71.148, "2013-04-30": -38.252, "2013-01-31": "-18.81600", "2012-10-31": -67.305, "2012-07-31": 330.265, "2012-04-30": -43.029, "2012-01-31": "-23.11400", "2011-10-31": 165.376, "2011-07-31": -49.617, "2011-04-30": -48.559, "2011-01-31": "-16.49700", "2010-10-31": -70.25, "2010-07-31": -29.838, "2010-04-30": 37.752, "2010-01-31": "-16.93900", "2009-10-31": -50.067, "2009-07-31": -41.891, "2009-04-30": -45.841, "2009-01-31": "-23.21900", "2008-10-31": -26.487, "2008-07-31": -16.234, "2008-04-30": -59.932, "2008-01-31": "-0.06300", "2007-10-31": 1.651, "2007-07-31": -30.856, "2007-04-30": 33.134, "2007-01-31": "198.29500", "2006-10-31": -18.532, "2006-07-31": -56.854, "2006-04-30": 3.337, "2006-01-31": "-5.91900", "2005-10-31": -121.751, "2005-07-31": -16.896, "2005-04-30": -10.027, "2005-01-31": "-3.36600"}, "Net Cash Flow": {"2020-10-31": -13.49, "2020-07-31": -84.472, "2020-04-30": 191.158, "2020-01-31": "-36.06700", "2019-10-31": 3.319, "2019-07-31": -1.338, "2019-04-30": 63.637, "2019-01-31": "-10.13200", "2018-10-31": -171.124, "2018-07-31": 110.856, "2018-04-30": 23.104, "2018-01-31": "42.45900", "2017-10-31": -20.322, "2017-07-31": 22.299, "2017-04-30": 0.748, "2017-01-31": "20.41900", "2016-10-31": 6.945, "2016-07-31": 12.375, "2016-04-30": -12.817, "2016-01-31": "10.46800", "2015-10-31": -10.732, "2015-07-31": 9.546, "2015-04-30": 10.528, "2015-01-31": "-1.38800", "2014-10-31": -10.909, "2014-07-31": 3.491, "2014-04-30": 2.874, "2014-01-31": "4.48300", "2013-10-31": -32.993, "2013-07-31": 12.576, "2013-04-30": 8.36, "2013-01-31": "13.19300", "2012-10-31": -12.4, "2012-07-31": -3.898, "2012-04-30": 8.054, "2012-01-31": "12.07500", "2011-10-31": -31.649, "2011-07-31": 2.272, "2011-04-30": 5.663, "2011-01-31": "18.79300", "2010-10-31": -5.713, "2010-07-31": 14.136, "2010-04-30": 5.438, "2010-01-31": "9.68700", "2009-10-31": -1.741, "2009-07-31": 0.884, "2009-04-30": 0.502, "2009-01-31": "7.38100", "2008-10-31": -12.824, "2008-07-31": -3.097, "2008-04-30": -13.31, "2008-01-31": "9.85000", "2007-10-31": 0.216, "2007-07-31": 2.863, "2007-04-30": -1.721, "2007-01-31": "-19.08100", "2006-10-31": 28.771, "2006-07-31": -23.906, "2006-04-30": 26.117, "2006-01-31": "6.55900", "2005-10-31": -53.061, "2005-07-31": -30.9, "2005-04-30": 67.839, "2005-01-31": "15.84200"}, "Stock-Based Compensation": {"2020-10-31": 3.851, "2020-07-31": 2.972, "2020-04-30": -0.072, "2020-01-31": "6.10500", "2019-10-31": 5.067, "2019-07-31": 3.791, "2019-04-30": 4.869, "2019-01-31": "4.35900", "2018-10-31": 5.037, "2018-07-31": 4.399, "2018-04-30": 5.127, "2018-01-31": "6.98700", "2017-10-31": 5.276, "2017-07-31": 5.084, "2017-04-30": 6.332, "2017-01-31": "3.47600", "2016-10-31": 4.446, "2016-07-31": 4.194, "2016-04-30": 4.724, "2016-01-31": "4.84700", "2015-10-31": 3.889, "2015-07-31": 2.783, "2015-04-30": 4.108, "2015-01-31": "4.48200", "2014-10-31": 3.913, "2014-07-31": 3.78, "2014-04-30": 4.172, "2014-01-31": "5.54200", "2013-10-31": 2.983, "2013-07-31": 2.642, "2013-04-30": 2.582, "2013-01-31": "3.55500", "2012-10-31": 2.69, "2012-07-31": 2.716, "2012-04-30": 2.439, "2012-01-31": "2.52000", "2011-10-31": 2.075, "2011-07-31": 2.069, "2011-04-30": 2.087, "2011-01-31": "2.61400", "2010-10-31": 0.989, "2010-07-31": 3.95, "2010-04-30": 1.318, "2010-01-31": "1.37600", "2009-10-31": 1.062, "2009-07-31": 1.087, "2009-04-30": 0.057, "2009-01-31": "-3.02000", "2008-10-31": 2.254, "2008-07-31": 1.849, "2008-04-30": 2.388, "2008-01-31": "2.75600", "2007-10-31": 1.94, "2007-07-31": 2.093, "2007-04-30": 1.902, "2007-01-31": "2.28200", "2006-10-31": 7.121, "2006-07-31": 0, "2006-04-30": 0, "2006-01-31": "", "2005-10-31": 0, "2005-07-31": 0, "2005-04-30": 0, "2005-01-31": ""}, "Common Stock Dividends Paid": {"2020-10-31": -22.61, "2020-07-31": -21.859, "2020-04-30": -21.963, "2020-01-31": "-21.91500", "2019-10-31": -21.82, "2019-07-31": -20.086, "2019-04-30": -20.029, "2019-01-31": "-20.21000", "2018-10-31": -20.334, "2018-07-31": -17.412, "2018-04-30": -17.376, "2018-01-31": "-17.32100", "2017-10-31": -17.291, "2017-07-31": -15.55, "2017-04-30": -15.524, "2017-01-31": "-15.47500", "2016-10-31": -15.428, "2016-07-31": -13.69, "2016-04-30": -13.664, "2016-01-31": "-13.65400", "2015-10-31": -14.383, "2015-07-31": -13.35, "2015-04-30": -13.481, "2015-01-31": "-13.63500", "2014-10-31": -13.866, "2014-07-31": -11.421, "2014-04-30": -11.543, "2014-01-31": "-11.56100", "2013-10-31": -11.548, "2013-07-31": -9.622, "2013-04-30": -9.667, "2013-01-31": "-9.64100", "2012-10-31": -9.616, "2012-07-31": -7.998, "2012-04-30": -8.058, "2012-01-31": "-8.13300", "2011-10-31": -8.396, "2011-07-31": -7.151, "2011-04-30": -7.147, "2011-01-31": "-7.14400", "2010-10-31": -7.124, "2010-07-31": -6.478, "2010-04-30": -6.439, "2010-01-31": "-6.39800", "2009-10-31": -6.386, "2009-07-31": -6.125, "2009-04-30": -6.124, "2009-01-31": "-6.11200", "2008-10-31": -6.215, "2008-07-31": -6.185, "2008-04-30": -6.112, "2008-01-31": "-6.13300", "2007-10-31": -5.888, "2007-07-31": -5.876, "2007-04-30": -5.878, "2007-01-31": "-5.83900", "2006-10-31": -5.689, "2006-07-31": -5.72, "2006-04-30": -5.508, "2006-01-31": "-5.45500", "2005-10-31": -5.969, "2005-07-31": -5.795, "2005-04-30": -5.814, "2005-01-31": "-5.80000"}}, "financial ratios": {"Current Ratio": {"2020-10-31": "2.81090", "2019-10-31": "2.11710", "2018-10-31": "2.52400", "2017-10-31": "1.37150", "2016-10-31": "2.24880", "2015-10-31": "2.44720", "2014-10-31": "1.81380", "2013-10-31": "2.54250", "2012-10-31": "1.70690", "2011-10-31": "2.61830", "2010-10-31": "2.35020", "2009-10-31": "2.21630", "2008-10-31": "1.88390", "2007-10-31": "0.80390", "2006-10-31": "1.43920", "2005-10-31": "1.24460"}, "Long-term Debt / Capital": {"2020-10-31": "0.38010", "2019-10-31": "0.40700", "2018-10-31": "0.47150", "2017-10-31": "0.52280", "2016-10-31": "0.52800", "2015-10-31": "0.62550", "2014-10-31": "0.43400", "2013-10-31": "0.42200", "2012-10-31": "0.44590", "2011-10-31": "0.35810", "2010-10-31": "0.16430", "2009-10-31": "0.29560", "2008-10-31": "0.29880", "2007-10-31": "0.05330", "2006-10-31": "0.10810", "2005-10-31": "0.24320"}, "Debt/Equity Ratio": {"2020-10-31": "0.63810", "2019-10-31": "0.79630", "2018-10-31": "0.91500", "2017-10-31": "1.38250", "2016-10-31": "1.17090", "2015-10-31": "1.71390", "2014-10-31": "0.90180", "2013-10-31": "0.75260", "2012-10-31": "0.96990", "2011-10-31": "0.57500", "2010-10-31": "0.23660", "2009-10-31": "0.44560", "2008-10-31": "0.51490", "2007-10-31": "0.67650", "2006-10-31": "0.29510", "2005-10-31": "0.55270"}, "Gross Margin": {"2020-10-31": "53.29630", "2019-10-31": "54.32910", "2018-10-31": "54.83410", "2017-10-31": "55.11850", "2016-10-31": "54.92000", "2015-10-31": "54.12340", "2014-10-31": "55.46280", "2013-10-31": "56.13660", "2012-10-31": "58.40680", "2011-10-31": "60.69230", "2010-10-31": "59.68160", "2009-10-31": "57.24440", "2008-10-31": "56.04720", "2007-10-31": "55.73850", "2006-10-31": "57.43210", "2005-10-31": "56.40070"}, "Operating Margin": {"2020-10-31": "16.47940", "2019-10-31": "22.01750", "2018-10-31": "22.29060", "2017-10-31": "22.56440", "2016-10-31": "21.47220", "2015-10-31": "18.81540", "2014-10-31": "21.54350", "2013-10-31": "20.98930", "2012-10-31": "23.80000", "2011-10-31": "25.58820", "2010-10-31": "22.54650", "2009-10-31": "-15.60210", "2008-10-31": "16.92150", "2007-10-31": "15.31140", "2006-10-31": "16.54470", "2005-10-31": "15.70550"}, "EBIT Margin": {"2020-10-31": "16.47940", "2019-10-31": "22.01750", "2018-10-31": "22.29060", "2017-10-31": "22.56440", "2016-10-31": "21.47220", "2015-10-31": "18.81540", "2014-10-31": "21.54350", "2013-10-31": "20.98930", "2012-10-31": "23.80000", "2011-10-31": "25.58820", "2010-10-31": "22.54650", "2009-10-31": "-15.60210", "2008-10-31": "16.92150", "2007-10-31": "15.31140", "2006-10-31": "16.54470", "2005-10-31": "15.70550"}, "EBITDA Margin": {"2020-10-31": "21.82110", "2019-10-31": "27.04170", "2018-10-31": "27.09870", "2017-10-31": "26.95990", "2016-10-31": "25.35860", "2015-10-31": "22.67610", "2014-10-31": "25.05010", "2013-10-31": "24.51760", "2012-10-31": "26.56610", "2011-10-31": "28.06860", "2010-10-31": "25.32000", "2009-10-31": "17.90190", "2008-10-31": "19.78750", "2007-10-31": "18.12260", "2006-10-31": "19.15730", "2005-10-31": "18.52450"}, "Pre-Tax Profit Margin": {"2020-10-31": "14.21380", "2019-10-31": "19.64720", "2018-10-31": "19.89290", "2017-10-31": "20.33360", "2016-10-31": "20.37010", "2015-10-31": "17.81660", "2014-10-31": "20.68710", "2013-10-31": "20.16450", "2012-10-31": "23.14540", "2011-10-31": "25.50860", "2010-10-31": "22.20910", "2009-10-31": "-15.52690", "2008-10-31": "15.98360", "2007-10-31": "13.65900", "2006-10-31": "15.29150", "2005-10-31": "14.45420"}, "Net Profit Margin": {"2020-10-31": "11.76460", "2019-10-31": "15.36260", "2018-10-31": "16.73750", "2017-10-31": "14.31080", "2016-10-31": "15.02730", "2015-10-31": "12.50160", "2014-10-31": "14.48180", "2013-10-31": "14.37640", "2012-10-31": "15.95010", "2011-10-31": "18.03210", "2010-10-31": "16.13440", "2009-10-31": "-19.53880", "2008-10-31": "10.44640", "2007-10-31": "9.12720", "2006-10-31": "10.15420", "2005-10-31": "9.41360"}, "Asset Turnover": {"2020-10-31": "0.57720", "2019-10-31": "0.62400", "2018-10-31": "0.65910", "2017-10-31": "0.60530", "2016-10-31": "0.74730", "2015-10-31": "0.71540", "2014-10-31": "0.74730", "2013-10-31": "0.75150", "2012-10-31": "0.77050", "2011-10-31": "0.94530", "2010-10-31": "1.05600", "2009-10-31": "0.91970", "2008-10-31": "0.96410", "2007-10-31": "0.82000", "2006-10-31": "1.08430", "2005-10-31": "1.05280"}, "Inventory Turnover Ratio": {"2020-10-31": "3.57590", "2019-10-31": "3.53610", "2018-10-31": "3.85040", "2017-10-31": "3.51040", "2016-10-31": "3.70070", "2015-10-31": "3.43290", "2014-10-31": "3.59900", "2013-10-31": "3.41120", "2012-10-31": "3.45720", "2011-10-31": "3.41570", "2010-10-31": "3.56720", "2009-10-31": "3.58720", "2008-10-31": "4.18860", "2007-10-31": "3.67580", "2006-10-31": "4.53830", "2005-10-31": "4.50220"}, "Receiveable Turnover": {"2020-10-31": "4.49510", "2019-10-31": "4.13410", "2018-10-31": "4.58800", "2017-10-31": "4.09230", "2016-10-31": "4.22110", "2015-10-31": "4.33490", "2014-10-31": "4.65780", "2013-10-31": "4.99800", "2012-10-31": "4.34300", "2011-10-31": "4.84900", "2010-10-31": "4.27230", "2009-10-31": "4.28430", "2008-10-31": "5.00340", "2007-10-31": "4.32030", "2006-10-31": "4.68460", "2005-10-31": "4.64310"}, "Days Sales In Receivables": {"2020-10-31": "81.20020", "2019-10-31": "88.29050", "2018-10-31": "79.55470", "2017-10-31": "89.19130", "2016-10-31": "86.47040", "2015-10-31": "84.20000", "2014-10-31": "78.36350", "2013-10-31": "73.02910", "2012-10-31": "84.04320", "2011-10-31": "75.27260", "2010-10-31": "85.43350", "2009-10-31": "85.19450", "2008-10-31": "72.95040", "2007-10-31": "84.48400", "2006-10-31": "77.91520", "2005-10-31": "78.61210"}, "ROE - Return On Equity": {"2020-10-31": "14.18650", "2019-10-31": "21.32080", "2018-10-31": "26.01260", "2017-10-31": "25.59960", "2016-10-31": "31.92130", "2015-10-31": "31.98570", "2014-10-31": "27.27390", "2013-10-31": "24.98330", "2012-10-31": "33.56810", "2011-10-31": "38.92090", "2010-10-31": "33.27210", "2009-10-31": "-43.26090", "2008-10-31": "20.46710", "2007-10-31": "17.07570", "2006-10-31": "22.68540", "2005-10-31": "25.53850"}, "Return On Tangible Equity": {"2020-10-31": "-68.94320", "2019-10-31": "-70.33440", "2018-10-31": "-57.43750", "2017-10-31": "-30.15630", "2016-10-31": "-52.69950", "2015-10-31": "-30.16800", "2014-10-31": "-56.20610", "2013-10-31": "-69.22670", "2012-10-31": "-60.61090", "2011-10-31": "-228.76480", "2010-10-31": "146.35910", "2009-10-31": "1148.99500", "2008-10-31": "-227.30210", "2007-10-31": "-84.28230", "2006-10-31": "108.75210", "2005-10-31": "-776.60440"}, "ROA - Return On Assets": {"2020-10-31": "6.79080", "2019-10-31": "9.58610", "2018-10-31": "11.03110", "2017-10-31": "8.66300", "2016-10-31": "11.23050", "2015-10-31": "8.94370", "2014-10-31": "10.82280", "2013-10-31": "10.80360", "2012-10-31": "12.28900", "2011-10-31": "17.04660", "2010-10-31": "17.03730", "2009-10-31": "-17.97010", "2008-10-31": "10.07180", "2007-10-31": "7.48380", "2006-10-31": "11.86880", "2005-10-31": "10.69180"}, "ROI - Return On Investment": {"2020-10-31": "8.79460", "2019-10-31": "12.64430", "2018-10-31": "13.74800", "2017-10-31": "12.21520", "2016-10-31": "15.06820", "2015-10-31": "11.97890", "2014-10-31": "15.43600", "2013-10-31": "14.44000", "2012-10-31": "18.60000", "2011-10-31": "24.98520", "2010-10-31": "27.80470", "2009-10-31": "-30.47400", "2008-10-31": "14.35150", "2007-10-31": "16.16630", "2006-10-31": "20.23230", "2005-10-31": "19.32700"}, "Book Value Per Share": {"2020-10-31": "30.28510", "2019-10-31": "27.44870", "2018-10-31": "24.99680", "2017-10-31": "20.02070", "2016-10-31": "14.86040", "2015-10-31": "11.50700", "2014-10-31": "14.49180", "2013-10-31": "13.82580", "2012-10-31": "10.42330", "2011-10-31": "8.70910", "2010-10-31": "7.44160", "2009-10-31": "5.49280", "2008-10-31": "8.51600", "2007-10-31": "7.87770", "2006-10-31": "6.44290", "2005-10-31": "5.02740"}, "Operating Cash Flow Per Share": {"2020-10-31": 2.0137, "2019-10-31": -1.9845, "2018-10-31": 2.4339, "2017-10-31": 0.3126, "2016-10-31": 1.533, "2015-10-31": -0.199, "2014-10-31": 0.348, "2013-10-31": -0.0801, "2012-10-31": 0.609, "2011-10-31": 1.5576, "2010-10-31": -0.4645, "2009-10-31": 0.8506, "2008-10-31": -0.1553, "2007-10-31": 0.0616, "2006-10-31": 0.1343, "2005-10-31": 1.6215}, "Free Cash Flow Per Share": {"2020-10-31": 2.2455, "2019-10-31": -1.5503, "2018-10-31": 2.0786, "2017-10-31": 0.1871, "2016-10-31": 1.5035, "2015-10-31": -0.5318, "2014-10-31": 0.3434, "2013-10-31": -0.3668, "2012-10-31": 0.5209, "2011-10-31": 1.4682, "2010-10-31": -0.6104, "2009-10-31": 1.1428, "2008-10-31": -0.1712, "2007-10-31": -0.087, "2006-10-31": 0.1546, "2005-10-31": 1.4154}}, "financial ratios, quarterly": {"Current Ratio": {"2020-10-31": "2.81090", "2020-07-31": "3.11240", "2020-04-30": "3.17410", "2020-01-31": "2.70980", "2019-10-31": "2.11710", "2019-07-31": "2.20780", "2019-04-30": "2.16120", "2019-01-31": "2.67240", "2018-10-31": "2.52400", "2018-07-31": "3.15980", "2018-04-30": "1.84050", "2018-01-31": "1.52190", "2017-10-31": "1.37150", "2017-07-31": "2.10380", "2017-04-30": "1.81570", "2017-01-31": "2.48070", "2016-10-31": "2.24880", "2016-07-31": "2.76430", "2016-04-30": "2.67160", "2016-01-31": "2.87510", "2015-10-31": "2.44720", "2015-07-31": "2.76790", "2015-04-30": "2.21990", "2015-01-31": "1.69420", "2014-10-31": "1.81380", "2014-07-31": "2.61400", "2014-04-30": "2.70020", "2014-01-31": "2.73030", "2013-10-31": "2.54250", "2013-07-31": "2.73780", "2013-04-30": "2.22390", "2013-01-31": "1.96480", "2012-10-31": "1.70690", "2012-07-31": "1.74090", "2012-04-30": "2.25900", "2012-01-31": "2.92220", "2011-10-31": "2.61830", "2011-07-31": "2.88400", "2011-04-30": "2.72910", "2011-01-31": "2.63080", "2010-10-31": "2.35020", "2010-07-31": "2.27310", "2010-04-30": "2.15770", "2010-01-31": "2.11840", "2009-10-31": "2.21630", "2009-07-31": "2.62700", "2009-04-30": "2.50340", "2009-01-31": "1.02980", "2008-10-31": "1.88390", "2008-07-31": "1.12450", "2008-04-30": "1.05390", "2008-01-31": "0.85810", "2007-10-31": "0.80390", "2007-07-31": "0.78230", "2007-04-30": "0.78660", "2007-01-31": "0.83890", "2006-10-31": "1.43920", "2006-07-31": "1.81390", "2006-04-30": "1.55560", "2006-01-31": "1.41460", "2005-10-31": "1.24460", "2005-07-31": "1.68920", "2005-04-30": "2.09780", "2005-01-31": "2.16510"}, "Long-term Debt / Capital": {"2020-10-31": "0.38010", "2020-07-31": "0.41040", "2020-04-30": "0.43030", "2020-01-31": "0.39890", "2019-10-31": "0.40700", "2019-07-31": "0.43270", "2019-04-30": "0.45340", "2019-01-31": "0.48720", "2018-10-31": "0.47150", "2018-07-31": "0.51670", "2018-04-30": "0.49060", "2018-01-31": "0.49290", "2017-10-31": "0.52280", "2017-07-31": "0.59140", "2017-04-30": "0.62060", "2017-01-31": "0.50510", "2016-10-31": "0.52800", "2016-07-31": "0.55840", "2016-04-30": "0.58880", "2016-01-31": "0.63190", "2015-10-31": "0.62550", "2015-07-31": "0.52930", "2015-04-30": "0.50030", "2015-01-31": "0.45490", "2014-10-31": "0.43400", "2014-07-31": "0.38980", "2014-04-30": "0.40810", "2014-01-31": "0.40220", "2013-10-31": "0.42200", "2013-07-31": "0.40980", "2013-04-30": "0.42850", "2013-01-31": "0.42010", "2012-10-31": "0.44590", "2012-07-31": "0.48880", "2012-04-30": "0.33150", "2012-01-31": "0.38520", "2011-10-31": "0.35810", "2011-07-31": "0.07430", "2011-04-30": "0.07700", "2011-01-31": "0.13940", "2010-10-31": "0.16430", "2010-07-31": "0.25030", "2010-04-30": "0.29480", "2010-01-31": "0.26330", "2009-10-31": "0.29560", "2009-07-31": "0.24010", "2009-04-30": "0.28500", "2009-01-31": "0.10870", "2008-10-31": "0.29880", "2008-07-31": "0.09810", "2008-04-30": "0.10990", "2008-01-31": "0.03990", "2007-10-31": "0.05330", "2007-07-31": "0.04350", "2007-04-30": "0.09010", "2007-01-31": "0.09470", "2006-10-31": "0.10810", "2006-07-31": "0.19150", "2006-04-30": "0.20490", "2006-01-31": "0.21920", "2005-10-31": "0.24320", "2005-07-31": "0.19010", "2005-04-30": "0.25440", "2005-01-31": "0.25750"}, "Debt/Equity Ratio": {"2020-10-31": "0.63810", "2020-07-31": "0.72430", "2020-04-30": "0.78550", "2020-01-31": "0.69370", "2019-10-31": "0.79630", "2019-07-31": "0.87490", "2019-04-30": "0.93710", "2019-01-31": "0.99160", "2018-10-31": "0.91500", "2018-07-31": "1.09630", "2018-04-30": "1.13290", "2018-01-31": "1.22810", "2017-10-31": "1.38250", "2017-07-31": "1.56940", "2017-04-30": "1.78710", "2017-01-31": "1.07290", "2016-10-31": "1.17090", "2016-07-31": "1.28710", "2016-04-30": "1.46290", "2016-01-31": "1.75530", "2015-10-31": "1.71390", "2015-07-31": "1.14970", "2015-04-30": "1.08650", "2015-01-31": "1.04800", "2014-10-31": "0.90180", "2014-07-31": "0.66540", "2014-04-30": "0.71640", "2014-01-31": "0.69940", "2013-10-31": "0.75260", "2013-07-31": "0.71440", "2013-04-30": "0.84620", "2013-01-31": "0.87980", "2012-10-31": "0.96990", "2012-07-31": "1.13520", "2012-04-30": "0.59990", "2012-01-31": "0.64460", "2011-10-31": "0.57500", "2011-07-31": "0.08760", "2011-04-30": "0.11420", "2011-01-31": "0.19610", "2010-10-31": "0.23660", "2010-07-31": "0.37850", "2010-04-30": "0.44640", "2010-01-31": "0.38460", "2009-10-31": "0.44560", "2009-07-31": "0.33400", "2009-04-30": "0.41850", "2009-01-31": "0.49970", "2008-10-31": "0.51490", "2008-07-31": "0.46250", "2008-04-30": "0.53060", "2008-01-31": "0.66410", "2007-10-31": "0.67650", "2007-07-31": "0.66250", "2007-04-30": "0.75250", "2007-01-31": "0.70250", "2006-10-31": "0.29510", "2006-07-31": "0.29350", "2006-04-30": "0.41720", "2006-01-31": "0.44660", "2005-10-31": "0.55270", "2005-07-31": "0.39250", "2005-04-30": "0.40570", "2005-01-31": "0.41870"}, "Gross Margin": {"2020-10-31": "53.15210", "2020-07-31": "52.17730", "2020-04-30": "54.69500", "2020-01-31": "53.17950", "2019-10-31": "54.48360", "2019-07-31": "54.06440", "2019-04-30": "54.71210", "2019-01-31": "54.02100", "2018-10-31": "54.07810", "2018-07-31": "55.13630", "2018-04-30": "55.44730", "2018-01-31": "54.68020", "2017-10-31": "54.42670", "2017-07-31": "55.35190", "2017-04-30": "55.53140", "2017-01-31": "55.25270", "2016-10-31": "53.99100", "2016-07-31": "55.77070", "2016-04-30": "56.76640", "2016-01-31": "52.90070", "2015-10-31": "52.63580", "2015-07-31": "53.70120", "2015-04-30": "55.37190", "2015-01-31": "55.07030", "2014-10-31": "54.89940", "2014-07-31": "56.15770", "2014-04-30": "56.42490", "2014-01-31": "54.19340", "2013-10-31": "55.22980", "2013-07-31": "55.85740", "2013-04-30": "56.77520", "2013-01-31": "56.83130", "2012-10-31": "54.95460", "2012-07-31": "58.76030", "2012-04-30": "60.17140", "2012-01-31": "61.39370", "2011-10-31": "59.35000", "2011-07-31": "60.22320", "2011-04-30": "62.00600", "2011-01-31": "61.32630", "2010-10-31": "58.67730", "2010-07-31": "59.40110", "2010-04-30": "61.14110", "2010-01-31": "59.69250", "2009-10-31": "57.72690", "2009-07-31": "59.01740", "2009-04-30": "54.48160", "2009-01-31": "57.46650", "2008-10-31": "54.51280", "2008-07-31": "56.33160", "2008-04-30": "56.39710", "2008-01-31": "57.15790", "2007-10-31": "54.88980", "2007-07-31": "56.15080", "2007-04-30": "54.65310", "2007-01-31": "57.71230", "2006-10-31": "57.72960", "2006-07-31": "56.88770", "2006-04-30": "57.36040", "2006-01-31": "57.77270", "2005-10-31": "57.31340", "2005-07-31": "56.46770", "2005-04-30": "55.65620", "2005-01-31": "56.02530"}, "Operating Margin": {"2020-10-31": "6.69050", "2020-07-31": "20.82110", "2020-04-30": "23.61360", "2020-01-31": "15.17290", "2019-10-31": "23.85510", "2019-07-31": "23.27410", "2019-04-30": "23.38810", "2019-01-31": "16.92700", "2018-10-31": "20.51570", "2018-07-31": "23.66340", "2018-04-30": "23.27810", "2018-01-31": "21.68330", "2017-10-31": "23.25810", "2017-07-31": "26.03600", "2017-04-30": "20.86740", "2017-01-31": "18.63160", "2016-10-31": "21.76840", "2016-07-31": "25.24720", "2016-04-30": "23.28750", "2016-01-31": "13.96430", "2015-10-31": "16.95380", "2015-07-31": "22.22670", "2015-04-30": "19.06880", "2015-01-31": "16.57430", "2014-10-31": "22.61190", "2014-07-31": "24.96020", "2014-04-30": "22.23780", "2014-01-31": "14.98500", "2013-10-31": "21.14490", "2013-07-31": "23.13280", "2013-04-30": "21.51320", "2013-01-31": "17.73960", "2012-10-31": "23.61600", "2012-07-31": "25.93980", "2012-04-30": "24.38410", "2012-01-31": "20.47850", "2011-10-31": "23.84620", "2011-07-31": "25.18970", "2011-04-30": "28.98120", "2011-01-31": "24.18200", "2010-10-31": "25.25250", "2010-07-31": "24.25290", "2010-04-30": "22.88410", "2010-01-31": "16.44230", "2009-10-31": "-82.81490", "2009-07-31": "18.02370", "2009-04-30": "9.83850", "2009-01-31": "7.00670", "2008-10-31": "16.26640", "2008-07-31": "17.78910", "2008-04-30": "18.43590", "2008-01-31": "14.87560", "2007-10-31": "16.68680", "2007-07-31": "15.90100", "2007-04-30": "14.24700", "2007-01-31": "13.86440", "2006-10-31": "17.15280", "2006-07-31": "16.24840", "2006-04-30": "17.18490", "2006-01-31": "15.40000", "2005-10-31": "21.82890", "2005-07-31": "13.86520", "2005-04-30": "13.57170", "2005-01-31": "12.48910"}, "EBIT Margin": {"2020-10-31": "6.69050", "2020-07-31": "20.82110", "2020-04-30": "23.61360", "2020-01-31": "15.17290", "2019-10-31": "23.85510", "2019-07-31": "23.27410", "2019-04-30": "23.38810", "2019-01-31": "16.92700", "2018-10-31": "20.51570", "2018-07-31": "23.66340", "2018-04-30": "23.27810", "2018-01-31": "21.68330", "2017-10-31": "23.25810", "2017-07-31": "26.03600", "2017-04-30": "20.86740", "2017-01-31": "18.63160", "2016-10-31": "21.76850", "2016-07-31": "25.24720", "2016-04-30": "23.28750", "2016-01-31": "13.96430", "2015-10-31": "16.95380", "2015-07-31": "22.22670", "2015-04-30": "19.06880", "2015-01-31": "16.57430", "2014-10-31": "22.61190", "2014-07-31": "24.96020", "2014-04-30": "22.23780", "2014-01-31": "14.98500", "2013-10-31": "21.14490", "2013-07-31": "23.13280", "2013-04-30": "21.51320", "2013-01-31": "17.73960", "2012-10-31": "23.61600", "2012-07-31": "25.93980", "2012-04-30": "24.38410", "2012-01-31": "20.47850", "2011-10-31": "23.84620", "2011-07-31": "25.18970", "2011-04-30": "28.98120", "2011-01-31": "24.18200", "2010-10-31": "25.25240", "2010-07-31": "24.25290", "2010-04-30": "22.88410", "2010-01-31": "16.44230", "2009-10-31": "-82.81490", "2009-07-31": "18.02370", "2009-04-30": "9.83850", "2009-01-31": "7.00670", "2008-10-31": "16.26640", "2008-07-31": "17.78910", "2008-04-30": "18.43590", "2008-01-31": "14.87560", "2007-10-31": "16.68680", "2007-07-31": "15.90100", "2007-04-30": "14.24700", "2007-01-31": "13.86440", "2006-10-31": "17.15280", "2006-07-31": "16.24840", "2006-04-30": "17.18490", "2006-01-31": "15.40000", "2005-10-31": "21.82890", "2005-07-31": "13.86520", "2005-04-30": "13.57170", "2005-01-31": "12.48910"}, "EBITDA Margin": {"2020-10-31": "", "2020-07-31": "", "2020-04-30": "", "2020-01-31": "", "2019-10-31": "", "2019-07-31": "", "2019-04-30": "", "2019-01-31": "", "2018-10-31": "", "2018-07-31": "", "2018-04-30": "", "2018-01-31": "", "2017-10-31": "", "2017-07-31": "", "2017-04-30": "", "2017-01-31": "", "2016-10-31": "", "2016-07-31": "", "2016-04-30": "", "2016-01-31": "", "2015-10-31": "", "2015-07-31": "", "2015-04-30": "", "2015-01-31": "", "2014-10-31": "", "2014-07-31": "", "2014-04-30": "", "2014-01-31": "", "2013-10-31": "", "2013-07-31": "", "2013-04-30": "", "2013-01-31": "", "2012-10-31": "", "2012-07-31": "", "2012-04-30": "", "2012-01-31": "", "2011-10-31": "", "2011-07-31": "", "2011-04-30": "", "2011-01-31": "", "2010-10-31": "", "2010-07-31": "", "2010-04-30": "", "2010-01-31": "", "2009-10-31": "", "2009-07-31": "", "2009-04-30": "", "2009-01-31": "", "2008-10-31": "", "2008-07-31": "", "2008-04-30": "", "2008-01-31": "", "2007-10-31": "", "2007-07-31": "", "2007-04-30": "", "2007-01-31": "", "2006-10-31": "", "2006-07-31": "", "2006-04-30": "", "2006-01-31": "", "2005-10-31": "", "2005-07-31": "", "2005-04-30": "", "2005-01-31": ""}, "Pre-Tax Profit Margin": {"2020-10-31": "4.70920", "2020-07-31": "17.74630", "2020-04-30": "22.01890", "2020-01-31": "12.74860", "2019-10-31": "21.74100", "2019-07-31": "21.34840", "2019-04-30": "21.09910", "2019-01-31": "13.66570", "2018-10-31": "18.30110", "2018-07-31": "21.10910", "2018-04-30": "21.33240", "2018-01-31": "18.80700", "2017-10-31": "19.66590", "2017-07-31": "24.16790", "2017-04-30": "19.06190", "2017-01-31": "17.27560", "2016-10-31": "20.68870", "2016-07-31": "23.93090", "2016-04-30": "22.58250", "2016-01-31": "12.64680", "2015-10-31": "16.16430", "2015-07-31": "21.27780", "2015-04-30": "17.85880", "2015-01-31": "15.49120", "2014-10-31": "21.90980", "2014-07-31": "24.10770", "2014-04-30": "21.34640", "2014-01-31": "13.96330", "2013-10-31": "20.43430", "2013-07-31": "22.99830", "2013-04-30": "20.44470", "2013-01-31": "16.24640", "2012-10-31": "22.91160", "2012-07-31": "25.04400", "2012-04-30": "23.78860", "2012-01-31": "20.16780", "2011-10-31": "23.62020", "2011-07-31": "25.03980", "2011-04-30": "29.15930", "2011-01-31": "24.05870", "2010-10-31": "25.18280", "2010-07-31": "23.81120", "2010-04-30": "22.40060", "2010-01-31": "16.05160", "2009-10-31": "-83.17370", "2009-07-31": "17.26640", "2009-04-30": "9.27820", "2009-01-31": "9.19740", "2008-10-31": "15.25190", "2008-07-31": "17.57830", "2008-04-30": "17.41420", "2008-01-31": "13.27480", "2007-10-31": "15.22000", "2007-07-31": "13.94230", "2007-04-30": "13.32530", "2007-01-31": "11.46930", "2006-10-31": "16.06050", "2006-07-31": "15.57660", "2006-04-30": "15.86110", "2006-01-31": "13.36710", "2005-10-31": "20.61590", "2005-07-31": "12.45770", "2005-04-30": "12.47120", "2005-01-31": "11.19180"}, "Net Profit Margin": {"2020-10-31": "3.30780", "2020-07-31": "16.16200", "2020-04-30": "17.39050", "2020-01-31": "10.50760", "2019-10-31": "17.53740", "2019-07-31": "16.78050", "2019-04-30": "16.67930", "2019-01-31": "9.75420", "2018-10-31": "15.22950", "2018-07-31": "16.32430", "2018-04-30": "16.47720", "2018-01-31": "18.99540", "2017-10-31": "13.91010", "2017-07-31": "17.21230", "2017-04-30": "13.00510", "2017-01-31": "12.26790", "2016-10-31": "14.89680", "2016-07-31": "17.19010", "2016-04-30": "16.13400", "2016-01-31": "11.05820", "2015-10-31": "11.12150", "2015-07-31": "14.99530", "2015-04-30": "12.28120", "2015-01-31": "11.31510", "2014-10-31": "15.38230", "2014-07-31": "16.98380", "2014-04-30": "14.83590", "2014-01-31": "9.70450", "2013-10-31": "14.55070", "2013-07-31": "16.23590", "2013-04-30": "14.29080", "2013-01-31": "12.10540", "2012-10-31": "15.42960", "2012-07-31": "17.55700", "2012-04-30": "16.53300", "2012-01-31": "13.89880", "2011-10-31": "16.51720", "2011-07-31": "18.11020", "2011-04-30": "20.45690", "2011-01-31": "16.93850", "2010-10-31": "18.45600", "2010-07-31": "19.82260", "2010-04-30": "12.88690", "2010-01-31": "12.11850", "2009-10-31": "-88.03470", "2009-07-31": "11.62490", "2009-04-30": "7.33050", "2009-01-31": "5.97830", "2008-10-31": "10.32920", "2008-07-31": "11.22550", "2008-04-30": "11.23670", "2008-01-31": "8.72090", "2007-10-31": "10.19160", "2007-07-31": "9.51480", "2007-04-30": "8.69480", "2007-01-31": "7.63070", "2006-10-31": "11.50500", "2006-07-31": "11.00310", "2006-04-30": "9.62560", "2006-01-31": "8.14130", "2005-10-31": "11.98480", "2005-07-31": "9.22310", "2005-04-30": "8.41810", "2005-01-31": "7.55450"}, "Asset Turnover": {"2020-10-31": "0.15200", "2020-07-31": "0.14090", "2020-04-30": "0.14150", "2020-01-31": "0.13940", "2019-10-31": "0.16650", "2019-07-31": "0.16030", "2019-04-30": "0.15860", "2019-01-31": "0.14650", "2018-10-31": "0.16640", "2018-07-31": "0.16110", "2018-04-30": "0.15640", "2018-01-31": "0.15720", "2017-10-31": "0.16810", "2017-07-31": "0.17030", "2017-04-30": "0.14680", "2017-01-31": "0.17030", "2016-10-31": "0.21040", "2016-07-31": "0.20330", "2016-04-30": "0.18450", "2016-01-31": "0.16060", "2015-10-31": "0.18900", "2015-07-31": "0.19980", "2015-04-30": "0.17810", "2015-01-31": "0.16910", "2014-10-31": "0.20550", "2014-07-31": "0.21740", "2014-04-30": "0.20080", "2014-01-31": "0.17810", "2013-10-31": "0.20010", "2013-07-31": "0.21730", "2013-04-30": "0.20570", "2013-01-31": "0.19090", "2012-10-31": "0.23980", "2012-07-31": "0.21200", "2012-04-30": "0.23570", "2012-01-31": "0.21200", "2011-10-31": "0.25380", "2011-07-31": "0.28790", "2011-04-30": "0.30120", "2011-01-31": "0.27170", "2010-10-31": "0.29420", "2010-07-31": "0.28990", "2010-04-30": "0.27440", "2010-01-31": "0.24610", "2009-10-31": "0.26660", "2009-07-31": "0.18650", "2009-04-30": "0.17490", "2009-01-31": "0.16670", "2008-10-31": "0.25510", "2008-07-31": "0.23720", "2008-04-30": "0.24000", "2008-01-31": "0.20150", "2007-10-31": "0.23990", "2007-07-31": "0.22610", "2007-04-30": "0.21410", "2007-01-31": "0.19550", "2006-10-31": "0.29350", "2006-07-31": "0.28220", "2006-04-30": "0.27630", "2006-01-31": "0.25400", "2005-10-31": "0.29460", "2005-07-31": "0.23190", "2005-04-30": "0.23890", "2005-01-31": "0.22480"}, "Inventory Turnover Ratio": {"2020-10-31": "0.94450", "2020-07-31": "0.82870", "2020-04-30": "0.76860", "2020-01-31": "0.78610", "2019-10-31": "0.94030", "2019-07-31": "0.90980", "2019-04-30": "0.88910", "2019-01-31": "0.84430", "2018-10-31": "0.98850", "2018-07-31": "0.96100", "2018-04-30": "0.86750", "2018-01-31": "0.90480", "2017-10-31": "0.98980", "2017-07-31": "0.95450", "2017-04-30": "0.79990", "2017-01-31": "0.75570", "2016-10-31": "1.06330", "2016-07-31": "0.90430", "2016-04-30": "0.78620", "2016-01-31": "0.77990", "2015-10-31": "0.93650", "2015-07-31": "0.93620", "2015-04-30": "0.74700", "2015-01-31": "0.80090", "2014-10-31": "1.00220", "2014-07-31": "0.95570", "2014-04-30": "0.88120", "2014-01-31": "0.82070", "2013-10-31": "0.92700", "2013-07-31": "0.96750", "2013-04-30": "0.87610", "2013-01-31": "0.81680", "2012-10-31": "1.16520", "2012-07-31": "0.87450", "2012-04-30": "0.81030", "2012-01-31": "0.71910", "2011-10-31": "0.94820", "2011-07-31": "0.90140", "2011-04-30": "0.90740", "2011-01-31": "0.85450", "2010-10-31": "1.01860", "2010-07-31": "0.94780", "2010-04-30": "0.86490", "2010-01-31": "0.84490", "2009-10-31": "1.02810", "2009-07-31": "0.79180", "2009-04-30": "0.79620", "2009-01-31": "0.64100", "2008-10-31": "1.14710", "2008-07-31": "0.92710", "2008-04-30": "0.91840", "2008-01-31": "0.77340", "2007-10-31": "1.09620", "2007-07-31": "0.97080", "2007-04-30": "0.97070", "2007-01-31": "0.75560", "2006-10-31": "1.21990", "2006-07-31": "1.09750", "2006-04-30": "1.10670", "2006-01-31": "0.89670", "2005-10-31": "1.23320", "2005-07-31": "0.96930", "2005-04-30": "1.05470", "2005-01-31": "0.94590"}, "Receiveable Turnover": {"2020-10-31": "1.18360", "2020-07-31": "1.08010", "2020-04-30": "1.11490", "2020-01-31": "1.04940", "2019-10-31": "1.10300", "2019-07-31": "1.11950", "2019-04-30": "1.12530", "2019-01-31": "1.07490", "2018-10-31": "1.15850", "2018-07-31": "1.14490", "2018-04-30": "1.08060", "2018-01-31": "1.12730", "2017-10-31": "1.13630", "2017-07-31": "1.18160", "2017-04-30": "1.15720", "2017-01-31": "1.13700", "2016-10-31": "1.18840", "2016-07-31": "1.18730", "2016-04-30": "1.14310", "2016-01-31": "1.08230", "2015-10-31": "1.14540", "2015-07-31": "1.23150", "2015-04-30": "1.26780", "2015-01-31": "1.08810", "2014-10-31": "1.28080", "2014-07-31": "1.28020", "2014-04-30": "1.27510", "2014-01-31": "1.28370", "2013-10-31": "1.33080", "2013-07-31": "1.36560", "2013-04-30": "1.26140", "2013-01-31": "1.23180", "2012-10-31": "1.35160", "2012-07-31": "1.26050", "2012-04-30": "1.26490", "2012-01-31": "1.20260", "2011-10-31": "1.30160", "2011-07-31": "1.20170", "2011-04-30": "1.25590", "2011-01-31": "1.26380", "2010-10-31": "1.19030", "2010-07-31": "1.23920", "2010-04-30": "1.35750", "2010-01-31": "1.29490", "2009-10-31": "1.24190", "2009-07-31": "1.18190", "2009-04-30": "1.24030", "2009-01-31": "1.07780", "2008-10-31": "1.32400", "2008-07-31": "1.28310", "2008-04-30": "1.29250", "2008-01-31": "1.17230", "2007-10-31": "1.26420", "2007-07-31": "1.30140", "2007-04-30": "1.16910", "2007-01-31": "1.12560", "2006-10-31": "1.26810", "2006-07-31": "1.25560", "2006-04-30": "1.26240", "2006-01-31": "1.30230", "2005-10-31": "1.29900", "2005-07-31": "1.28790", "2005-04-30": "1.26830", "2005-01-31": "1.11060"}, "Days Sales In Receivables": {"2020-10-31": "76.03700", "2020-07-31": "83.32790", "2020-04-30": "80.72510", "2020-01-31": "85.76470", "2019-10-31": "81.59330", "2019-07-31": "80.39060", "2019-04-30": "79.97740", "2019-01-31": "83.73100", "2018-10-31": "77.68920", "2018-07-31": "78.60960", "2018-04-30": "83.28430", "2018-01-31": "79.83910", "2017-10-31": "79.20350", "2017-07-31": "76.16800", "2017-04-30": "77.77280", "2017-01-31": "79.15390", "2016-10-31": "75.73470", "2016-07-31": "75.80020", "2016-04-30": "78.73350", "2016-01-31": "83.15870", "2015-10-31": "78.57350", "2015-07-31": "73.08280", "2015-04-30": "70.99150", "2015-01-31": "82.71180", "2014-10-31": "70.26600", "2014-07-31": "70.30210", "2014-04-30": "70.58190", "2014-01-31": "70.10750", "2013-10-31": "67.63000", "2013-07-31": "65.90400", "2013-04-30": "71.34800", "2013-01-31": "73.06210", "2012-10-31": "66.58810", "2012-07-31": "71.40090", "2012-04-30": "71.15180", "2012-01-31": "74.84030", "2011-10-31": "69.14400", "2011-07-31": "74.89470", "2011-04-30": "71.66190", "2011-01-31": "71.21290", "2010-10-31": "75.61150", "2010-07-31": "72.62660", "2010-04-30": "66.30040", "2010-01-31": "69.50340", "2009-10-31": "72.47220", "2009-07-31": "76.14660", "2009-04-30": "72.56290", "2009-01-31": "83.50490", "2008-10-31": "67.97370", "2008-07-31": "70.14530", "2008-04-30": "69.63250", "2008-01-31": "76.77310", "2007-10-31": "71.18860", "2007-07-31": "69.15650", "2007-04-30": "76.98120", "2007-01-31": "79.95890", "2006-10-31": "70.97500", "2006-07-31": "71.68100", "2006-04-30": "71.29290", "2006-01-31": "69.10790", "2005-10-31": "69.28440", "2005-07-31": "69.88050", "2005-04-30": "70.95950", "2005-01-31": "81.03390"}, "ROE - Return On Equity": {"2020-10-31": "1.05030", "2020-07-31": "4.91440", "2020-04-30": "5.57210", "2020-01-31": "3.18210", "2019-10-31": "6.49400", "2019-07-31": "6.07210", "2019-04-30": "6.24790", "2019-01-31": "3.46530", "2018-10-31": "5.97630", "2018-07-31": "6.66830", "2018-04-30": "6.69410", "2018-01-31": "8.07300", "2017-10-31": "6.90920", "2017-07-31": "9.35570", "2017-04-30": "6.70530", "2017-01-31": "5.59250", "2016-10-31": "8.90870", "2016-07-31": "10.37370", "2016-04-30": "9.58340", "2016-01-31": "6.33140", "2015-10-31": "7.51860", "2015-07-31": "8.45760", "2015-04-30": "6.01470", "2015-01-31": "5.11810", "2014-10-31": "7.96640", "2014-07-31": "8.12280", "2014-04-30": "6.70850", "2014-01-31": "3.82590", "2013-10-31": "6.73270", "2013-07-31": "8.28530", "2013-04-30": "7.42320", "2013-01-31": "5.88040", "2012-10-31": "10.10590", "2012-07-31": "10.84570", "2012-04-30": "9.01820", "2012-01-31": "6.94330", "2011-10-31": "9.56990", "2011-07-31": "8.75650", "2011-04-30": "10.49740", "2011-01-31": "8.45600", "2010-10-31": "10.60360", "2010-07-31": "12.15270", "2010-04-30": "7.87100", "2010-01-31": "6.95900", "2009-10-31": "-56.49910", "2009-07-31": "3.84110", "2009-04-30": "2.39560", "2009-01-31": "1.98410", "2008-10-31": "5.35540", "2008-07-31": "5.13370", "2008-04-30": "5.60240", "2008-01-31": "3.88580", "2007-10-31": "5.57960", "2007-07-31": "4.88470", "2007-04-30": "4.40820", "2007-01-31": "3.45160", "2006-10-31": "6.84690", "2006-07-31": "6.48540", "2006-04-30": "6.10990", "2006-01-31": "4.85930", "2005-10-31": "10.29730", "2005-07-31": "4.30120", "2005-04-30": "4.04490", "2005-01-31": "3.37440"}, "Return On Tangible Equity": {"2020-10-31": "-5.10430", "2020-07-31": "-23.64780", "2020-04-30": "-24.50720", "2020-01-31": "-12.64930", "2019-10-31": "-21.42280", "2019-07-31": "-17.87010", "2019-04-30": "-15.13250", "2019-01-31": "-6.97650", "2018-10-31": "-13.19610", "2018-07-31": "-13.48440", "2018-04-30": "-11.61690", "2018-01-31": "-11.94930", "2017-10-31": "-8.13900", "2017-07-31": "-9.54380", "2017-04-30": "-5.32270", "2017-01-31": "-10.53320", "2016-10-31": "-14.70760", "2016-07-31": "-15.95510", "2016-04-30": "-11.44670", "2016-01-31": "-5.89920", "2015-10-31": "-7.09130", "2015-07-31": "-14.05470", "2015-04-30": "-10.00220", "2015-01-31": "-8.93450", "2014-10-31": "-16.41730", "2014-07-31": "-34.09060", "2014-04-30": "-22.33090", "2014-01-31": "-12.07000", "2013-10-31": "-18.65580", "2013-07-31": "-27.38990", "2013-04-30": "-18.28050", "2013-01-31": "-13.02390", "2012-10-31": "-18.24730", "2012-07-31": "-16.91900", "2012-04-30": "-62.04210", "2012-01-31": "-34.42950", "2011-10-31": "-56.24880", "2011-07-31": "24.94280", "2011-04-30": "30.75060", "2011-01-31": "34.14040", "2010-10-31": "46.64390", "2010-07-31": "84.09810", "2010-04-30": "146.32950", "2010-01-31": "-295.38170", "2009-10-31": "1500.59700", "2009-07-31": "-1305.30900", "2009-04-30": "-31.66930", "2009-01-31": "-18.93740", "2008-10-31": "-59.47570", "2008-07-31": "-465.88550", "2008-04-30": "-70.47150", "2008-01-31": "-24.29720", "2007-10-31": "-27.53960", "2007-07-31": "-21.32300", "2007-04-30": "-15.24710", "2007-01-31": "-14.67480", "2006-10-31": "32.82370", "2006-07-31": "41.65560", "2006-04-30": "50.97190", "2006-01-31": "118.74540", "2005-10-31": "-313.13210", "2005-07-31": "21.96890", "2005-04-30": "20.92900", "2005-01-31": "18.83230"}, "ROA - Return On Assets": {"2020-10-31": "0.50280", "2020-07-31": "2.27700", "2020-04-30": "2.46010", "2020-01-31": "1.46450", "2019-10-31": "2.91980", "2019-07-31": "2.69020", "2019-04-30": "2.64520", "2019-01-31": "1.42940", "2018-10-31": "2.53440", "2018-07-31": "2.63030", "2018-04-30": "2.57780", "2018-01-31": "2.98670", "2017-10-31": "2.33810", "2017-07-31": "2.93180", "2017-04-30": "1.90940", "2017-01-31": "2.08890", "2016-10-31": "3.13420", "2016-07-31": "3.49500", "2016-04-30": "2.97620", "2016-01-31": "1.77630", "2015-10-31": "2.10230", "2015-07-31": "2.99560", "2015-04-30": "2.18710", "2015-01-31": "1.91310", "2014-10-31": "3.16120", "2014-07-31": "3.69190", "2014-04-30": "2.97890", "2014-01-31": "1.72820", "2013-10-31": "2.91140", "2013-07-31": "3.52750", "2013-04-30": "2.94000", "2013-01-31": "2.31090", "2012-10-31": "3.69970", "2012-07-31": "3.72130", "2012-04-30": "3.89700", "2012-01-31": "2.94720", "2011-10-31": "4.19140", "2011-07-31": "5.21470", "2011-04-30": "6.16130", "2011-01-31": "4.60150", "2010-10-31": "5.42970", "2010-07-31": "5.74670", "2010-04-30": "3.53650", "2010-01-31": "2.98190", "2009-10-31": "-23.46910", "2009-07-31": "2.16770", "2009-04-30": "1.28220", "2009-01-31": "0.99650", "2008-10-31": "2.63540", "2008-07-31": "2.66210", "2008-04-30": "2.69710", "2008-01-31": "1.75760", "2007-10-31": "2.44540", "2007-07-31": "2.15160", "2007-04-30": "1.86150", "2007-01-31": "1.49150", "2006-10-31": "3.58230", "2006-07-31": "3.32700", "2006-04-30": "2.91650", "2006-01-31": "2.25910", "2005-10-31": "4.31100", "2005-07-31": "2.13880", "2005-04-30": "2.01150", "2005-01-31": "1.69840"}, "ROI - Return On Investment": {"2020-10-31": "0.65110", "2020-07-31": "2.89750", "2020-04-30": "3.17420", "2020-01-31": "1.91280", "2019-10-31": "3.85130", "2019-07-31": "3.44470", "2019-04-30": "3.41510", "2019-01-31": "1.77710", "2018-10-31": "3.15860", "2018-07-31": "3.22260", "2018-04-30": "3.41020", "2018-01-31": "4.09380", "2017-10-31": "3.29680", "2017-07-31": "3.82260", "2017-04-30": "2.54380", "2017-01-31": "2.76750", "2016-10-31": "4.20530", "2016-07-31": "4.58090", "2016-04-30": "3.94050", "2016-01-31": "2.33040", "2015-10-31": "2.81580", "2015-07-31": "3.98060", "2015-04-30": "3.00560", "2015-01-31": "2.79010", "2014-10-31": "4.50870", "2014-07-31": "4.95690", "2014-04-30": "3.97060", "2014-01-31": "2.28710", "2013-10-31": "3.89140", "2013-07-31": "4.89010", "2013-04-30": "4.24230", "2013-01-31": "3.41000", "2012-10-31": "5.59960", "2012-07-31": "5.54440", "2012-04-30": "6.02910", "2012-01-31": "4.26880", "2011-10-31": "6.14340", "2011-07-31": "8.10580", "2011-04-30": "9.68890", "2011-01-31": "7.27730", "2010-10-31": "8.86120", "2010-07-31": "9.11100", "2010-04-30": "5.55050", "2010-01-31": "5.12700", "2009-10-31": "-39.79930", "2009-07-31": "2.91880", "2009-04-30": "1.71280", "2009-01-31": "1.76850", "2008-10-31": "3.75520", "2008-07-31": "4.63030", "2008-04-30": "4.98670", "2008-01-31": "3.73060", "2007-10-31": "5.28240", "2007-07-31": "4.67210", "2007-04-30": "4.01100", "2007-01-31": "3.12490", "2006-10-31": "6.10650", "2006-07-31": "5.24320", "2006-04-30": "4.85800", "2006-01-31": "3.79400", "2005-10-31": "7.79280", "2005-07-31": "3.48380", "2005-04-30": "3.01570", "2005-01-31": "2.50570"}, "Book Value Per Share": {"2020-10-31": "30.28510", "2020-07-31": "30.49730", "2020-04-30": "28.63940", "2020-01-31": "28.22580", "2019-10-31": "27.44870", "2019-07-31": "26.90710", "2019-04-30": "25.60950", "2019-01-31": "24.44900", "2018-10-31": "24.99680", "2018-07-31": "24.47020", "2018-04-30": "23.46120", "2018-01-31": "22.34010", "2017-10-31": "20.02070", "2017-07-31": "18.79690", "2017-04-30": "16.69560", "2017-01-31": "15.53300", "2016-10-31": "14.86040", "2016-07-31": "14.19440", "2016-04-30": "12.91300", "2016-01-31": "11.40740", "2015-10-31": "11.50700", "2015-07-31": "13.61410", "2015-04-30": "13.45040", "2015-01-31": "13.60580", "2014-10-31": "14.49180", "2014-07-31": "15.19550", "2014-04-30": "14.50150", "2014-01-31": "14.16720", "2013-10-31": "13.82580", "2013-07-31": "12.29510", "2013-04-30": "11.45520", "2013-01-31": "11.07660", "2012-10-31": "10.42330", "2012-07-31": "9.59280", "2012-04-30": "8.98490", "2012-01-31": "8.53390", "2011-10-31": "8.70910", "2011-07-31": "9.53120", "2011-04-30": "9.10660", "2011-01-31": "7.95620", "2010-10-31": "7.44160", "2010-07-31": "6.70380", "2010-04-30": "6.03770", "2010-01-31": "5.67440", "2009-10-31": "5.49280", "2009-07-31": "9.29060", "2009-04-30": "8.60140", "2009-01-31": "8.37200", "2008-10-31": "8.51600", "2008-07-31": "9.24420", "2008-04-30": "8.75570", "2008-01-31": "8.16080", "2007-10-31": "7.87770", "2007-07-31": "7.43480", "2007-04-30": "7.06590", "2007-01-31": "6.69030", "2006-10-31": "6.44290", "2006-07-31": "6.08940", "2006-04-30": "5.83070", "2006-01-31": "5.39680", "2005-10-31": "5.02740", "2005-07-31": "5.95150", "2005-04-30": "5.92320", "2005-01-31": "5.84010"}, "Operating Cash Flow Per Share": {"2020-10-31": 3.2874, "2020-07-31": 1.5601, "2020-04-30": 1.7581, "2020-01-31": "1.98680", "2019-10-31": 2.5105, "2019-07-31": 1.2793, "2019-04-30": 1.815, "2019-01-31": "0.97390", "2018-10-31": 2.7422, "2018-07-31": 2.2192, "2018-04-30": 1.7457, "2018-01-31": "1.85610", "2017-10-31": 2.3223, "2017-07-31": 1.3295, "2017-04-30": 1.0789, "2017-01-31": "1.39860", "2016-10-31": 2.4368, "2016-07-31": 1.1668, "2016-04-30": 1.3661, "2016-01-31": "0.84700", "2015-10-31": 1.5456, "2015-07-31": 0.8328, "2015-04-30": 1.4909, "2015-01-31": "0.41440", "2014-10-31": 1.6303, "2014-07-31": 1.2695, "2014-04-30": 0.8477, "2014-01-31": "0.73520", "2013-10-31": 1.1344, "2013-07-31": 1.4207, "2013-04-30": 0.9675, "2013-01-31": "0.61210", "2012-10-31": 1.4713, "2012-07-31": 1.2251, "2012-04-30": 0.8432, "2012-01-31": "0.67520", "2011-10-31": 0.9846, "2011-07-31": 0.9972, "2011-04-30": 0.8121, "2011-01-31": "0.81190", "2010-10-31": 1.0808, "2010-07-31": 0.6922, "2010-04-30": -0.4494, "2010-01-31": "0.72460", "2009-10-31": 0.7383, "2009-07-31": 0.6404, "2009-04-30": 0.7132, "2009-01-31": "0.42080", "2008-10-31": 0.4126, "2008-07-31": 0.3071, "2008-04-30": 0.7523, "2008-01-31": "0.19010", "2007-10-31": 0.6641, "2007-07-31": 0.4564, "2007-04-30": 0.4358, "2007-01-31": "0.26110", "2006-10-31": 0.6591, "2006-07-31": 0.5183, "2006-04-30": 0.3521, "2006-01-31": "0.22630", "2005-10-31": 0.524, "2005-07-31": 0.3336, "2005-04-30": 0.6604, "2005-01-31": "0.10350"}, "Free Cash Flow Per Share": {"2020-10-31": 3.0524, "2020-07-31": 1.3868, "2020-04-30": 1.5526, "2020-01-31": "1.75070", "2019-10-31": 2.2025, "2019-07-31": 0.9469, "2019-04-30": 1.6112, "2019-01-31": "0.73640", "2018-10-31": 2.0016, "2018-07-31": 2.0005, "2018-04-30": 1.4712, "2018-01-31": "1.57400", "2017-10-31": 1.9413, "2017-07-31": 0.9522, "2017-04-30": 0.79, "2017-01-31": "1.28520", "2016-10-31": 2.1725, "2016-07-31": 0.8259, "2016-04-30": 1.1283, "2016-01-31": "0.65490", "2015-10-31": 1.3323, "2015-07-31": 0.6207, "2015-04-30": 1.1753, "2015-01-31": "0.14980", "2014-10-31": 1.3887, "2014-07-31": 1.0922, "2014-04-30": 0.7152, "2014-01-31": "0.61380", "2013-10-31": 0.9412, "2013-07-31": 1.3102, "2013-04-30": 0.7184, "2013-01-31": "0.49670", "2012-10-31": 1.4037, "2012-07-31": 1.1248, "2012-04-30": 0.7601, "2012-01-31": "0.54470", "2011-10-31": 0.8973, "2011-07-31": 0.9444, "2011-04-30": 0.7383, "2011-01-31": "0.73240", "2010-10-31": 0.9869, "2010-07-31": 0.6428, "2010-04-30": -0.4851, "2010-01-31": "0.69960", "2009-10-31": 0.6976, "2009-07-31": 0.6121, "2009-04-30": 0.6821, "2009-01-31": "0.46280", "2008-10-31": 0.2857, "2008-07-31": 0.2192, "2008-04-30": 0.6682, "2008-01-31": "0.13870", "2007-10-31": 0.5914, "2007-07-31": 0.4644, "2007-04-30": 0.2826, "2007-01-31": "0.14460", "2006-10-31": 0.6146, "2006-07-31": 0.4771, "2006-04-30": 0.318, "2006-01-31": "0.16030", "2005-10-31": 0.4634, "2005-07-31": 0.3003, "2005-04-30": 0.5904, "2005-01-31": "0.06130"}}, "revenue": {"Nordson Annual Revenue (Millions of US $)": {"2020": "$2,121", "2019": "$2,194", "2018": "$2,255", "2017": "$2,067", "2016": "$1,809", "2015": "$1,689", "2014": "$1,704", "2013": "$1,543", "2012": "$1,410", "2011": "$1,233", "2010": "$1,042", "2009": "$819", "2008": "$1,125", "2007": "$994", "2006": "$892", "2005": "$832"}, "Nordson Quarterly Revenue (Millions of US $)": {"2020-10-31": "$559", "2020-07-31": "$538", "2020-04-30": "$529", "2020-01-31": "$495", "2019-10-31": "$585", "2019-07-31": "$560", "2019-04-30": "$551", "2019-01-31": "$498", "2018-10-31": "$569", "2018-07-31": "$581", "2018-04-30": "$554", "2018-01-31": "$550", "2017-10-31": "$574", "2017-07-31": "$589", "2017-04-30": "$496", "2017-01-31": "$407", "2016-10-31": "$509", "2016-07-31": "$490", "2016-04-30": "$438", "2016-01-31": "$372", "2015-10-31": "$446", "2015-07-31": "$463", "2015-04-30": "$401", "2015-01-31": "$379", "2014-10-31": "$469", "2014-07-31": "$459", "2014-04-30": "$417", "2014-01-31": "$359", "2013-10-31": "$411", "2013-07-31": "$403", "2013-04-30": "$382", "2013-01-31": "$347", "2012-10-31": "$439", "2012-07-31": "$380", "2012-04-30": "$315", "2012-01-31": "$276", "2011-10-31": "$331", "2011-07-31": "$312", "2011-04-30": "$319", "2011-01-31": "$271", "2010-10-31": "$290", "2010-07-31": "$279", "2010-04-30": "$252", "2010-01-31": "$221", "2009-10-31": "$237", "2009-07-31": "$206", "2009-04-30": "$189", "2009-01-31": "$187", "2008-10-31": "$298", "2008-07-31": "$288", "2008-04-30": "$294", "2008-01-31": "$245", "2007-10-31": "$291", "2007-07-31": "$258", "2007-04-30": "$241", "2007-01-31": "$204", "2006-10-31": "$242", "2006-07-31": "$226", "2006-04-30": "$228", "2006-01-31": "$197", "2005-10-31": "$233", "2005-07-31": "$202", "2005-04-30": "$208", "2005-01-31": "$190"}}, "gross-profit": {"Nordson Annual Gross Profit (Millions of US $)": {"2020": "$1,130", "2019": "$1,192", "2018": "$1,236", "2017": "$1,139", "2016": "$993", "2015": "$914", "2014": "$945", "2013": "$866", "2012": "$823", "2011": "$748", "2010": "$622", "2009": "$469", "2008": "$630", "2007": "$554", "2006": "$512", "2005": "$469"}, "Nordson Quarterly Gross Profit (Millions of US $)": {"2020-10-31": "$297", "2020-07-31": "$281", "2020-04-30": "$290", "2020-01-31": "$263", "2019-10-31": "$319", "2019-07-31": "$303", "2019-04-30": "$302", "2019-01-31": "$269", "2018-10-31": "$308", "2018-07-31": "$320", "2018-04-30": "$307", "2018-01-31": "$301", "2017-10-31": "$312", "2017-07-31": "$326", "2017-04-30": "$276", "2017-01-31": "$225", "2016-10-31": "$275", "2016-07-31": "$273", "2016-04-30": "$248", "2016-01-31": "$197", "2015-10-31": "$235", "2015-07-31": "$248", "2015-04-30": "$222", "2015-01-31": "$209", "2014-10-31": "$257", "2014-07-31": "$258", "2014-04-30": "$236", "2014-01-31": "$195", "2013-10-31": "$227", "2013-07-31": "$225", "2013-04-30": "$217", "2013-01-31": "$197", "2012-10-31": "$241", "2012-07-31": "$223", "2012-04-30": "$190", "2012-01-31": "$169", "2011-10-31": "$196", "2011-07-31": "$188", "2011-04-30": "$198", "2011-01-31": "$166", "2010-10-31": "$170", "2010-07-31": "$166", "2010-04-30": "$154", "2010-01-31": "$132", "2009-10-31": "$137", "2009-07-31": "$122", "2009-04-30": "$103", "2009-01-31": "$107", "2008-10-31": "$162", "2008-07-31": "$162", "2008-04-30": "$166", "2008-01-31": "$140", "2007-10-31": "$160", "2007-07-31": "$145", "2007-04-30": "$132", "2007-01-31": "$118", "2006-10-31": "$139", "2006-07-31": "$128", "2006-04-30": "$131", "2006-01-31": "$114", "2005-10-31": "$133", "2005-07-31": "$114", "2005-04-30": "$116", "2005-01-31": "$107"}}, "operating-income": {"Nordson Annual Operating Income (Millions of US $)": {"2020": "$350", "2019": "$483", "2018": "$503", "2017": "$466", "2016": "$388", "2015": "$318", "2014": "$367", "2013": "$324", "2012": "$335", "2011": "$316", "2010": "$235", "2009": "$-128", "2008": "$190", "2007": "$152", "2006": "$148", "2005": "$131"}, "Nordson Quarterly Operating Income (Millions of US $)": {"2020-10-31": "$37", "2020-07-31": "$112", "2020-04-30": "$125", "2020-01-31": "$75", "2019-10-31": "$140", "2019-07-31": "$130", "2019-04-30": "$129", "2019-01-31": "$84", "2018-10-31": "$117", "2018-07-31": "$138", "2018-04-30": "$129", "2018-01-31": "$119", "2017-10-31": "$133", "2017-07-31": "$153", "2017-04-30": "$104", "2017-01-31": "$76", "2016-10-31": "$111", "2016-07-31": "$124", "2016-04-30": "$102", "2016-01-31": "$52", "2015-10-31": "$76", "2015-07-31": "$103", "2015-04-30": "$76", "2015-01-31": "$63", "2014-10-31": "$106", "2014-07-31": "$114", "2014-04-30": "$93", "2014-01-31": "$54", "2013-10-31": "$87", "2013-07-31": "$93", "2013-04-30": "$82", "2013-01-31": "$62", "2012-10-31": "$104", "2012-07-31": "$99", "2012-04-30": "$77", "2012-01-31": "$56", "2011-10-31": "$79", "2011-07-31": "$79", "2011-04-30": "$92", "2011-01-31": "$66", "2010-10-31": "$73", "2010-07-31": "$68", "2010-04-30": "$58", "2010-01-31": "$36", "2009-10-31": "$-197", "2009-07-31": "$37", "2009-04-30": "$19", "2009-01-31": "$13", "2008-10-31": "$48", "2008-07-31": "$51", "2008-04-30": "$54", "2008-01-31": "$36", "2007-10-31": "$49", "2007-07-31": "$41", "2007-04-30": "$34", "2007-01-31": "$28", "2006-10-31": "$41", "2006-07-31": "$37", "2006-04-30": "$39", "2006-01-31": "$30", "2005-10-31": "$51", "2005-07-31": "$28", "2005-04-30": "$28", "2005-01-31": "$24"}}, "ebitda": {"Nordson Annual EBITDA (Millions of US $)": {"2020": "$463", "2019": "$593", "2018": "$611", "2017": "$557", "2016": "$459", "2015": "$383", "2014": "$427", "2013": "$378", "2012": "$374", "2011": "$346", "2010": "$264", "2009": "$147", "2008": "$223", "2007": "$180", "2006": "$171", "2005": "$154"}, "Nordson Quarterly EBITDA (Millions of US $)": {"2020-10-31": "$67", "2020-07-31": "$141", "2020-04-30": "$152", "2020-01-31": "$104", "2019-10-31": "$167", "2019-07-31": "$158", "2019-04-30": "$157", "2019-01-31": "$112", "2018-10-31": "$144", "2018-07-31": "$165", "2018-04-30": "$156", "2018-01-31": "$146", "2017-10-31": "$159", "2017-07-31": "$179", "2017-04-30": "$124", "2017-01-31": "$94", "2016-10-31": "$128", "2016-07-31": "$141", "2016-04-30": "$120", "2016-01-31": "$69", "2015-10-31": "$92", "2015-07-31": "$120", "2015-04-30": "$93", "2015-01-31": "$79", "2014-10-31": "$122", "2014-07-31": "$129", "2014-04-30": "$108", "2014-01-31": "$68", "2013-10-31": "$102", "2013-07-31": "$107", "2013-04-30": "$95", "2013-01-31": "$75", "2012-10-31": "$117", "2012-07-31": "$108", "2012-04-30": "$85", "2012-01-31": "$64", "2011-10-31": "$89", "2011-07-31": "$85", "2011-04-30": "$99", "2011-01-31": "$73", "2010-10-31": "$80", "2010-07-31": "$75", "2010-04-30": "$65", "2010-01-31": "$44", "2009-10-31": "$54", "2009-07-31": "$45", "2009-04-30": "$27", "2009-01-31": "$21", "2008-10-31": "$57", "2008-07-31": "$59", "2008-04-30": "$62", "2008-01-31": "$44", "2007-10-31": "$56", "2007-07-31": "$49", "2007-04-30": "$41", "2007-01-31": "$34", "2006-10-31": "$48", "2006-07-31": "$42", "2006-04-30": "$45", "2006-01-31": "$36", "2005-10-31": "$55", "2005-07-31": "$34", "2005-04-30": "$35", "2005-01-31": "$30"}}, "net-income": {"Nordson Annual Net Income (Millions of US $)": {"2020": "$250", "2019": "$337", "2018": "$377", "2017": "$296", "2016": "$272", "2015": "$211", "2014": "$247", "2013": "$222", "2012": "$225", "2011": "$222", "2010": "$168", "2009": "$-160", "2008": "$118", "2007": "$91", "2006": "$91", "2005": "$78"}, "Nordson Quarterly Net Income (Millions of US $)": {"2020-10-31": "$18", "2020-07-31": "$87", "2020-04-30": "$92", "2020-01-31": "$52", "2019-10-31": "$103", "2019-07-31": "$94", "2019-04-30": "$92", "2019-01-31": "$49", "2018-10-31": "$87", "2018-07-31": "$95", "2018-04-30": "$91", "2018-01-31": "$105", "2017-10-31": "$80", "2017-07-31": "$101", "2017-04-30": "$65", "2017-01-31": "$50", "2016-10-31": "$76", "2016-07-31": "$84", "2016-04-30": "$71", "2016-01-31": "$41", "2015-10-31": "$50", "2015-07-31": "$69", "2015-04-30": "$49", "2015-01-31": "$43", "2014-10-31": "$72", "2014-07-31": "$78", "2014-04-30": "$62", "2014-01-31": "$35", "2013-10-31": "$60", "2013-07-31": "$65", "2013-04-30": "$55", "2013-01-31": "$42", "2012-10-31": "$68", "2012-07-31": "$67", "2012-04-30": "$52", "2012-01-31": "$38", "2011-10-31": "$55", "2011-07-31": "$57", "2011-04-30": "$65", "2011-01-31": "$46", "2010-10-31": "$54", "2010-07-31": "$55", "2010-04-30": "$32", "2010-01-31": "$27", "2009-10-31": "$-209", "2009-07-31": "$24", "2009-04-30": "$14", "2009-01-31": "$11", "2008-10-31": "$31", "2008-07-31": "$32", "2008-04-30": "$33", "2008-01-31": "$21", "2007-10-31": "$30", "2007-07-31": "$25", "2007-04-30": "$21", "2007-01-31": "$16", "2006-10-31": "$28", "2006-07-31": "$25", "2006-04-30": "$22", "2006-01-31": "$16", "2005-10-31": "$28", "2005-07-31": "$19", "2005-04-30": "$17", "2005-01-31": "$14"}}, "eps-earnings-per-share-diluted": {"Nordson Annual EPS": {"2020": "$4.27", "2019": "$5.79", "2018": "$6.40", "2017": "$5.08", "2016": "$4.73", "2015": "$3.45", "2014": "$3.84", "2013": "$3.42", "2012": "$3.45", "2011": "$3.25", "2010": "$2.46", "2009": "$-2.38", "2008": "$1.72", "2007": "$1.33", "2006": "$1.33", "2005": "$1.07"}, "Nordson Quarterly EPS": {"2020-10-31": "$0.31", "2020-07-31": "$1.49", "2020-04-30": "$1.58", "2020-01-31": "$0.89", "2019-10-31": "$1.76", "2019-07-31": "$1.62", "2019-04-30": "$1.58", "2019-01-31": "$0.83", "2018-10-31": "$1.46", "2018-07-31": "$1.61", "2018-04-30": "$1.55", "2018-01-31": "$1.78", "2017-10-31": "$1.37", "2017-07-31": "$1.74", "2017-04-30": "$1.11", "2017-01-31": "$0.86", "2016-10-31": "$1.32", "2016-07-31": "$1.46", "2016-04-30": "$1.23", "2016-01-31": "$0.72", "2015-10-31": "$0.82", "2015-07-31": "$1.14", "2015-04-30": "$0.80", "2015-01-31": "$0.69", "2014-10-31": "$1.13", "2014-07-31": "$1.21", "2014-04-30": "$0.96", "2014-01-31": "$0.54", "2013-10-31": "$0.92", "2013-07-31": "$1.01", "2013-04-30": "$0.84", "2013-01-31": "$0.65", "2012-10-31": "$1.04", "2012-07-31": "$1.03", "2012-04-30": "$0.80", "2012-01-31": "$0.58", "2011-10-31": "$0.81", "2011-07-31": "$0.82", "2011-04-30": "$0.95", "2011-01-31": "$0.67", "2010-10-31": "$0.80", "2010-07-31": "$0.80", "2010-04-30": "$0.47", "2010-01-31": "$0.39", "2009-10-31": "$-3.11", "2009-07-31": "$0.36", "2009-04-30": "$0.21", "2009-01-31": "$0.17", "2008-10-31": "$0.46", "2008-07-31": "$0.47", "2008-04-30": "$0.49", "2008-01-31": "$0.31", "2007-10-31": "$0.43", "2007-07-31": "$0.36", "2007-04-30": "$0.31", "2007-01-31": "$0.23", "2006-10-31": "$0.41", "2006-07-31": "$0.36", "2006-04-30": "$0.32", "2006-01-31": "$0.24", "2005-10-31": "$0.39", "2005-07-31": "$0.25", "2005-04-30": "$0.24", "2005-01-31": "$0.20"}}, "shares-outstanding": {"Nordson Annual Shares Outstanding (Millions of Shares)": {"2020": "58", "2019": "58", "2018": "59", "2017": "58", "2016": "58", "2015": "61", "2014": "64", "2013": "65", "2012": "65", "2011": "68", "2010": "68", "2009": "67", "2008": "69", "2007": "68", "2006": "68", "2005": "73"}, "Nordson Quarterly Shares Outstanding (Millions of Shares)": {"2020-10-31": "58", "2020-07-31": "58", "2020-04-30": "58", "2020-01-31": "59", "2019-10-31": "58", "2019-07-31": "58", "2019-04-30": "58", "2019-01-31": "58", "2018-10-31": "59", "2018-07-31": "59", "2018-04-30": "59", "2018-01-31": "59", "2017-10-31": "58", "2017-07-31": "58", "2017-04-30": "58", "2017-01-31": "58", "2016-10-31": "58", "2016-07-31": "58", "2016-04-30": "57", "2016-01-31": "57", "2015-10-31": "61", "2015-07-31": "61", "2015-04-30": "62", "2015-01-31": "63", "2014-10-31": "64", "2014-07-31": "64", "2014-04-30": "65", "2014-01-31": "65", "2013-10-31": "65", "2013-07-31": "65", "2013-04-30": "65", "2013-01-31": "65", "2012-10-31": "65", "2012-07-31": "65", "2012-04-30": "65", "2012-01-31": "66", "2011-10-31": "68", "2011-07-31": "69", "2011-04-30": "69", "2011-01-31": "69", "2010-10-31": "68", "2010-07-31": "69", "2010-04-30": "69", "2010-01-31": "68", "2009-10-31": "67", "2009-07-31": "67", "2009-04-30": "67", "2009-01-31": "67", "2008-10-31": "69", "2008-07-31": "69", "2008-04-30": "68", "2008-01-31": "68", "2007-10-31": "68", "2007-07-31": "68", "2007-04-30": "68", "2007-01-31": "68", "2006-10-31": "68", "2006-07-31": "69", "2006-04-30": "69", "2006-01-31": "68", "2005-10-31": "73", "2005-07-31": "74", "2005-04-30": "74", "2005-01-31": "74"}}, "total-assets": {"Nordson Annual Total Assets (Millions of US $)": {"2020": "$3,675", "2019": "$3,516", "2018": "$3,421", "2017": "$3,415", "2016": "$2,421", "2015": "$2,360", "2014": "$2,280", "2013": "$2,053", "2012": "$1,830", "2011": "$1,304", "2010": "$986", "2009": "$891", "2008": "$1,167", "2007": "$1,212", "2006": "$823", "2005": "$790"}, "Nordson Quarterly Total Assets (Millions of US $)": {"2020-10-31": "$3,675", "2020-07-31": "$3,820", "2020-04-30": "$3,743", "2020-01-31": "$3,551", "2019-10-31": "$3,516", "2019-07-31": "$3,492", "2019-04-30": "$3,475", "2019-01-31": "$3,398", "2018-10-31": "$3,421", "2018-07-31": "$3,607", "2018-04-30": "$3,539", "2018-01-31": "$3,501", "2017-10-31": "$3,415", "2017-07-31": "$3,461", "2017-04-30": "$3,379", "2017-01-31": "$2,393", "2016-10-31": "$2,421", "2016-07-31": "$2,410", "2016-04-30": "$2,372", "2016-01-31": "$2,317", "2015-10-31": "$2,360", "2015-07-31": "$2,316", "2015-04-30": "$2,250", "2015-01-31": "$2,242", "2014-10-31": "$2,280", "2014-07-31": "$2,109", "2014-04-30": "$2,079", "2014-01-31": "$2,018", "2013-10-31": "$2,053", "2013-07-31": "$1,855", "2013-04-30": "$1,857", "2013-01-31": "$1,818", "2012-10-31": "$1,830", "2012-07-31": "$1,792", "2012-04-30": "$1,337", "2012-01-31": "$1,301", "2011-10-31": "$1,304", "2011-07-31": "$1,084", "2011-04-30": "$1,059", "2011-01-31": "$997", "2010-10-31": "$986", "2010-07-31": "$963", "2010-04-30": "$917", "2010-01-31": "$896", "2009-10-31": "$891", "2009-07-31": "$1,106", "2009-04-30": "$1,080", "2009-01-31": "$1,120", "2008-10-31": "$1,167", "2008-07-31": "$1,216", "2008-04-30": "$1,225", "2008-01-31": "$1,214", "2007-10-31": "$1,212", "2007-07-31": "$1,140", "2007-04-30": "$1,127", "2007-01-31": "$1,043", "2006-10-31": "$823", "2006-07-31": "$799", "2006-04-30": "$824", "2006-01-31": "$777", "2005-10-31": "$790", "2005-07-31": "$869", "2005-04-30": "$869", "2005-01-31": "$846"}}, "cash-on-hand": {"Nordson Annual Cash on Hand (Millions of US $)": {"2020": "$208", "2019": "$151", "2018": "$96", "2017": "$90", "2016": "$67", "2015": "$50", "2014": "$42", "2013": "$42", "2012": "$42", "2011": "$37", "2010": "$50", "2009": "$19", "2008": "$12", "2007": "$31", "2006": "$49", "2005": "$12"}, "Nordson Quarterly Cash on Hand (Millions of US $)": {"2020-10-31": "$208", "2020-07-31": "$222", "2020-04-30": "$306", "2020-01-31": "$115", "2019-10-31": "$151", "2019-07-31": "$148", "2019-04-30": "$149", "2019-01-31": "$86", "2018-10-31": "$96", "2018-07-31": "$267", "2018-04-30": "$156", "2018-01-31": "$133", "2017-10-31": "$90", "2017-07-31": "$111", "2017-04-30": "$88", "2017-01-31": "$88", "2016-10-31": "$67", "2016-07-31": "$60", "2016-04-30": "$48", "2016-01-31": "$61", "2015-10-31": "$50", "2015-07-31": "$61", "2015-04-30": "$51", "2015-01-31": "$41", "2014-10-31": "$42", "2014-07-31": "$53", "2014-04-30": "$50", "2014-01-31": "$47", "2013-10-31": "$42", "2013-07-31": "$75", "2013-04-30": "$63", "2013-01-31": "$55", "2012-10-31": "$42", "2012-07-31": "$54", "2012-04-30": "$58", "2012-01-31": "$49", "2011-10-31": "$37", "2011-07-31": "$69", "2011-04-30": "$67", "2011-01-31": "$61", "2010-10-31": "$50", "2010-07-31": "$49", "2010-04-30": "$35", "2010-01-31": "$29", "2009-10-31": "$19", "2009-07-31": "$21", "2009-04-30": "$20", "2009-01-31": "$19", "2008-10-31": "$12", "2008-07-31": "$25", "2008-04-30": "$28", "2008-01-31": "$41", "2007-10-31": "$31", "2007-07-31": "$31", "2007-04-30": "$28", "2007-01-31": "$30", "2006-10-31": "$49", "2006-07-31": "$20", "2006-04-30": "$44", "2006-01-31": "$18", "2005-10-31": "$12", "2005-07-31": "$100", "2005-04-30": "$95", "2005-01-31": "$63"}}, "long-term-debt": {"Nordson Annual Long Term Debt (Millions of US $)": {"2020": "$1,078", "2019": "$1,085", "2018": "$1,294", "2017": "$1,266", "2016": "$952", "2015": "$1,102", "2014": "$694", "2013": "$648", "2012": "$539", "2011": "$319", "2010": "$99", "2009": "$155", "2008": "$245", "2007": "$30", "2006": "$52", "2005": "$106"}, "Nordson Quarterly Long Term Debt (Millions of US $)": {"2020-10-31": "$1,078", "2020-07-31": "$1,232", "2020-04-30": "$1,248", "2020-01-31": "$1,084", "2019-10-31": "$1,085", "2019-07-31": "$1,180", "2019-04-30": "$1,220", "2019-01-31": "$1,331", "2018-10-31": "$1,294", "2018-07-31": "$1,521", "2018-04-30": "$1,312", "2018-01-31": "$1,259", "2017-10-31": "$1,266", "2017-07-31": "$1,570", "2017-04-30": "$1,574", "2017-01-31": "$912", "2016-10-31": "$952", "2016-07-31": "$1,027", "2016-04-30": "$1,055", "2016-01-31": "$1,116", "2015-10-31": "$1,102", "2015-07-31": "$923", "2015-04-30": "$819", "2015-01-31": "$699", "2014-10-31": "$694", "2014-07-31": "$612", "2014-04-30": "$637", "2014-01-31": "$613", "2013-10-31": "$648", "2013-07-31": "$548", "2013-04-30": "$552", "2013-01-31": "$518", "2012-10-31": "$539", "2012-07-31": "$588", "2012-04-30": "$286", "2012-01-31": "$346", "2011-10-31": "$319", "2011-07-31": "$52", "2011-04-30": "$52", "2011-01-31": "$88", "2010-10-31": "$99", "2010-07-31": "$152", "2010-04-30": "$172", "2010-01-31": "$137", "2009-10-31": "$155", "2009-07-31": "$197", "2009-04-30": "$230", "2009-01-31": "$69", "2008-10-31": "$245", "2008-07-31": "$69", "2008-04-30": "$73", "2008-01-31": "$23", "2007-10-31": "$30", "2007-07-31": "$23", "2007-04-30": "$47", "2007-01-31": "$47", "2006-10-31": "$52", "2006-07-31": "$97", "2006-04-30": "$101", "2006-01-31": "$101", "2005-10-31": "$106", "2005-07-31": "$101", "2005-04-30": "$147", "2005-01-31": "$148"}}, "total-liabilities": {"Nordson Annual Total Liabilities (Millions of US $)": {"2020": "$1,916", "2019": "$1,935", "2018": "$1,970", "2017": "$2,259", "2016": "$1,569", "2015": "$1,700", "2014": "$1,375", "2013": "$1,165", "2012": "$1,160", "2011": "$733", "2010": "$481", "2009": "$521", "2008": "$593", "2007": "$681", "2006": "$392", "2005": "$460"}, "Nordson Quarterly Total Liabilities (Millions of US $)": {"2020-10-31": "$1,916", "2020-07-31": "$2,050", "2020-04-30": "$2,090", "2020-01-31": "$1,917", "2019-10-31": "$1,935", "2019-07-31": "$1,945", "2019-04-30": "$2,004", "2019-01-31": "$1,996", "2018-10-31": "$1,970", "2018-07-31": "$2,184", "2018-04-30": "$2,176", "2018-01-31": "$2,206", "2017-10-31": "$2,259", "2017-07-31": "$2,376", "2017-04-30": "$2,417", "2017-01-31": "$1,499", "2016-10-31": "$1,569", "2016-07-31": "$1,598", "2016-04-30": "$1,635", "2016-01-31": "$1,667", "2015-10-31": "$1,700", "2015-07-31": "$1,496", "2015-04-30": "$1,432", "2015-01-31": "$1,404", "2014-10-31": "$1,375", "2014-07-31": "$1,151", "2014-04-30": "$1,156", "2014-01-31": "$1,107", "2013-10-31": "$1,165", "2013-07-31": "$1,065", "2013-04-30": "$1,122", "2013-01-31": "$1,104", "2012-10-31": "$1,160", "2012-07-31": "$1,177", "2012-04-30": "$759", "2012-01-31": "$749", "2011-10-31": "$733", "2011-07-31": "$439", "2011-04-30": "$437", "2011-01-31": "$455", "2010-10-31": "$481", "2010-07-31": "$508", "2010-04-30": "$505", "2010-01-31": "$512", "2009-10-31": "$521", "2009-07-31": "$482", "2009-04-30": "$502", "2009-01-31": "$557", "2008-10-31": "$593", "2008-07-31": "$585", "2008-04-30": "$635", "2008-01-31": "$665", "2007-10-31": "$681", "2007-07-31": "$638", "2007-04-30": "$651", "2007-01-31": "$592", "2006-10-31": "$392", "2006-07-31": "$389", "2006-04-30": "$431", "2006-01-31": "$416", "2005-10-31": "$460", "2005-07-31": "$437", "2005-04-30": "$437", "2005-01-31": "$420"}}, "total-share-holder-equity": {"Nordson Annual Share Holder Equity (Millions of US $)": {"2020": "$1,759", "2019": "$1,581", "2018": "$1,451", "2017": "$1,155", "2016": "$852", "2015": "$660", "2014": "$905", "2013": "$888", "2012": "$670", "2011": "$571", "2010": "$505", "2009": "$370", "2008": "$574", "2007": "$531", "2006": "$431", "2005": "$331"}, "Nordson Quarterly Share Holder Equity (Millions of US $)": {"2020-10-31": "$1,759", "2020-07-31": "$1,770", "2020-04-30": "$1,652", "2020-01-31": "$1,634", "2019-10-31": "$1,581", "2019-07-31": "$1,547", "2019-04-30": "$1,471", "2019-01-31": "$1,402", "2018-10-31": "$1,451", "2018-07-31": "$1,423", "2018-04-30": "$1,363", "2018-01-31": "$1,295", "2017-10-31": "$1,155", "2017-07-31": "$1,084", "2017-04-30": "$962", "2017-01-31": "$894", "2016-10-31": "$852", "2016-07-31": "$812", "2016-04-30": "$737", "2016-01-31": "$650", "2015-10-31": "$660", "2015-07-31": "$820", "2015-04-30": "$818", "2015-01-31": "$838", "2014-10-31": "$905", "2014-07-31": "$959", "2014-04-30": "$923", "2014-01-31": "$912", "2013-10-31": "$888", "2013-07-31": "$790", "2013-04-30": "$736", "2013-01-31": "$714", "2012-10-31": "$670", "2012-07-31": "$615", "2012-04-30": "$578", "2012-01-31": "$552", "2011-10-31": "$571", "2011-07-31": "$646", "2011-04-30": "$622", "2011-01-31": "$543", "2010-10-31": "$505", "2010-07-31": "$455", "2010-04-30": "$412", "2010-01-31": "$384", "2009-10-31": "$370", "2009-07-31": "$624", "2009-04-30": "$578", "2009-01-31": "$562", "2008-10-31": "$574", "2008-07-31": "$631", "2008-04-30": "$590", "2008-01-31": "$549", "2007-10-31": "$531", "2007-07-31": "$502", "2007-04-30": "$476", "2007-01-31": "$451", "2006-10-31": "$431", "2006-07-31": "$410", "2006-04-30": "$394", "2006-01-31": "$361", "2005-10-31": "$331", "2005-07-31": "$432", "2005-04-30": "$432", "2005-01-31": "$426"}}, "profit-margins": {"current": "11.77%"}, "gross margin": {"2020-10-31": "53.32%", "2020-07-31": "53.70%", "2020-04-30": "54.17%", "2020-01-31": "54.18%", "2019-10-31": "54.38%", "2019-07-31": "54.27%", "2019-04-30": "54.52%", "2019-01-31": "54.68%", "2018-10-31": "54.84%", "2018-07-31": "54.89%", "2018-04-30": "54.96%", "2018-01-31": "55.00%", "2017-10-31": "55.13%", "2017-07-31": "55.07%", "2017-04-30": "55.15%", "2017-01-31": "55.37%", "2016-10-31": "54.89%", "2016-07-31": "54.58%", "2016-04-30": "53.98%", "2016-01-31": "53.63%", "2015-10-31": "54.11%", "2015-07-31": "54.67%", "2015-04-30": "55.39%", "2015-01-31": "55.68%", "2014-10-31": "55.52%", "2014-07-31": "55.65%", "2014-04-30": "55.53%", "2014-01-31": "55.56%", "2013-10-31": "56.12%", "2013-07-31": "56.02%", "2013-04-30": "56.72%", "2013-01-31": "57.46%", "2012-10-31": "58.37%", "2012-07-31": "59.75%", "2012-04-30": "60.21%", "2012-01-31": "60.66%", "2011-10-31": "60.67%", "2011-07-31": "60.57%", "2011-04-30": "60.40%", "2011-01-31": "60.07%", "2010-10-31": "59.69%", "2010-07-31": "59.56%", "2010-04-30": "59.50%", "2010-01-31": "57.91%", "2009-10-31": "57.26%", "2009-07-31": "56.14%", "2009-04-30": "55.51%", "2009-01-31": "55.95%", "2008-10-31": "56.00%", "2008-07-31": "56.17%", "2008-04-30": "56.16%", "2008-01-31": "55.75%", "2007-10-31": "55.84%", "2007-07-31": "56.51%", "2007-04-30": "56.63%", "2007-01-31": "57.33%", "2006-10-31": "57.33%", "2006-07-31": "57.24%", "2006-04-30": "57.21%", "2006-01-31": "56.79%", "2005-10-31": "56.42%"}, "operating margin": {"2020-10-31": "16.45%", "2020-07-31": "21.05%", "2020-04-30": "21.67%", "2020-01-31": "21.63%", "2019-10-31": "22.01%", "2019-07-31": "21.12%", "2019-04-30": "21.28%", "2019-01-31": "21.25%", "2018-10-31": "22.32%", "2018-07-31": "22.97%", "2018-04-30": "23.56%", "2018-01-31": "23.04%", "2017-10-31": "22.56%", "2017-07-31": "22.19%", "2017-04-30": "21.82%", "2017-01-31": "22.40%", "2016-10-31": "21.50%", "2016-07-31": "20.27%", "2016-04-30": "19.37%", "2016-01-31": "18.25%", "2015-10-31": "18.83%", "2015-07-31": "20.33%", "2015-04-30": "21.02%", "2015-01-31": "21.81%", "2014-10-31": "21.54%", "2014-07-31": "21.14%", "2014-04-30": "20.57%", "2014-01-31": "20.32%", "2013-10-31": "21.00%", "2013-07-31": "21.71%", "2013-04-30": "22.42%", "2013-01-31": "23.09%", "2012-10-31": "23.83%", "2012-07-31": "23.89%", "2012-04-30": "23.58%", "2012-01-31": "24.72%", "2011-10-31": "25.63%", "2011-07-31": "26.01%", "2011-04-30": "25.80%", "2011-01-31": "24.27%", "2010-10-31": "22.55%", "2010-07-31": "-3.54%", "2010-04-30": "-7.21%", "2010-01-31": "-12.31%", "2009-10-31": "-15.63%", "2009-07-31": "13.30%", "2009-04-30": "13.62%", "2009-01-31": "15.56%", "2008-10-31": "16.80%", "2008-07-31": "16.99%", "2008-04-30": "16.54%", "2008-01-31": "15.46%", "2007-10-31": "15.29%", "2007-07-31": "15.24%", "2007-04-30": "15.33%", "2007-01-31": "16.11%", "2006-10-31": "16.46%", "2006-07-31": "17.76%", "2006-04-30": "17.21%", "2006-01-31": "16.31%", "2005-10-31": "15.73%"}, "ebitda margin": {"2020-10-31": "21.88%", "2020-07-31": "26.27%", "2020-04-30": "26.79%", "2020-01-31": "26.75%", "2019-10-31": "27.07%", "2019-07-31": "26.22%", "2019-04-30": "26.28%", "2019-01-31": "26.20%", "2018-10-31": "27.11%", "2018-07-31": "27.71%", "2018-04-30": "28.23%", "2018-01-31": "27.52%", "2017-10-31": "26.91%", "2017-07-31": "26.24%", "2017-04-30": "25.60%", "2017-01-31": "26.19%", "2016-10-31": "25.32%", "2016-07-31": "24.17%", "2016-04-30": "23.33%", "2016-01-31": "22.24%", "2015-10-31": "22.74%", "2015-07-31": "24.18%", "2015-04-30": "24.77%", "2015-01-31": "25.41%", "2014-10-31": "25.06%", "2014-07-31": "24.73%", "2014-04-30": "24.21%", "2014-01-31": "23.92%", "2013-10-31": "24.56%", "2013-07-31": "25.08%", "2013-04-30": "25.52%", "2013-01-31": "26.00%", "2012-10-31": "26.52%", "2012-07-31": "26.57%", "2012-04-30": "26.18%", "2012-01-31": "27.22%", "2011-10-31": "28.06%", "2011-07-31": "28.27%", "2011-04-30": "28.21%", "2011-01-31": "26.83%", "2010-10-31": "25.34%", "2010-07-31": "24.06%", "2010-04-30": "22.71%", "2010-01-31": "19.93%", "2009-10-31": "17.95%", "2009-07-31": "17.05%", "2009-04-30": "17.05%", "2009-01-31": "18.65%", "2008-10-31": "19.73%", "2008-07-31": "19.77%", "2008-04-30": "19.39%", "2008-01-31": "18.36%", "2007-10-31": "18.11%", "2007-07-31": "18.20%", "2007-04-30": "18.07%", "2007-01-31": "18.78%", "2006-10-31": "19.15%", "2006-07-31": "20.14%", "2006-04-30": "19.77%", "2006-01-31": "19.05%", "2005-10-31": "18.49%"}, "pre tax profit margin": {"2020-10-31": "14.24%", "2020-07-31": "18.77%", "2020-04-30": "19.64%", "2020-01-31": "19.40%", "2019-10-31": "19.60%", "2019-07-31": "18.69%", "2019-04-30": "18.69%", "2019-01-31": "18.76%", "2018-10-31": "19.92%", "2018-07-31": "20.27%", "2018-04-30": "21.04%", "2018-01-31": "20.55%", "2017-10-31": "20.33%", "2017-07-31": "20.59%", "2017-04-30": "20.35%", "2017-01-31": "21.20%", "2016-10-31": "20.34%", "2016-07-31": "19.19%", "2016-04-30": "18.38%", "2016-01-31": "17.18%", "2015-10-31": "17.82%", "2015-07-31": "19.39%", "2015-04-30": "20.20%", "2015-01-31": "21.00%", "2014-10-31": "20.72%", "2014-07-31": "20.29%", "2014-04-30": "19.87%", "2014-01-31": "19.61%", "2013-10-31": "20.16%", "2013-07-31": "20.88%", "2013-04-30": "21.32%", "2013-01-31": "22.08%", "2012-10-31": "23.19%", "2012-07-31": "23.35%", "2012-04-30": "23.26%", "2012-01-31": "24.64%", "2011-10-31": "25.47%", "2011-07-31": "25.92%", "2011-04-30": "25.63%", "2011-01-31": "23.81%", "2010-10-31": "22.07%", "2010-07-31": "-4.04%", "2010-04-30": "-7.64%", "2010-01-31": "-12.66%", "2009-10-31": "-15.38%", "2009-07-31": "13.18%", "2009-04-30": "13.62%", "2009-01-31": "15.37%", "2008-10-31": "15.91%", "2008-07-31": "15.92%", "2008-04-30": "14.98%", "2008-01-31": "13.91%", "2007-10-31": "13.58%", "2007-07-31": "13.76%", "2007-04-30": "14.13%", "2007-01-31": "14.78%", "2006-10-31": "15.23%", "2006-07-31": "16.40%", "2006-04-30": "15.70%", "2006-01-31": "14.88%", "2005-10-31": "14.41%"}, "net profit margin": {"2020-10-31": "11.74%", "2020-07-31": "15.56%", "2020-04-30": "15.72%", "2020-01-31": "15.56%", "2019-10-31": "15.41%", "2019-07-31": "14.78%", "2019-04-30": "14.69%", "2019-01-31": "14.62%", "2018-10-31": "16.77%", "2018-07-31": "16.42%", "2018-04-30": "16.63%", "2018-01-31": "15.89%", "2017-10-31": "14.33%", "2017-07-31": "14.59%", "2017-04-30": "14.46%", "2017-01-31": "15.24%", "2016-10-31": "15.04%", "2016-07-31": "14.09%", "2016-04-30": "13.44%", "2016-01-31": "12.43%", "2015-10-31": "12.49%", "2015-07-31": "13.61%", "2015-04-30": "14.17%", "2015-01-31": "14.79%", "2014-10-31": "14.50%", "2014-07-31": "14.28%", "2014-04-30": "13.96%", "2014-01-31": "13.83%", "2013-10-31": "14.39%", "2013-07-31": "14.64%", "2013-04-30": "14.99%", "2013-01-31": "15.46%", "2012-10-31": "15.96%", "2012-07-31": "16.28%", "2012-04-30": "16.37%", "2012-01-31": "17.37%", "2011-10-31": "18.09%", "2011-07-31": "18.62%", "2011-04-30": "18.98%", "2011-01-31": "17.12%", "2010-10-31": "16.12%", "2010-07-31": "-9.61%", "2010-04-30": "-13.76%", "2010-01-31": "-16.88%", "2009-10-31": "-19.54%", "2009-07-31": "9.09%", "2009-04-30": "9.15%", "2009-01-31": "10.03%", "2008-10-31": "10.40%", "2008-07-31": "10.38%", "2008-04-30": "10.02%", "2008-01-31": "9.37%", "2007-10-31": "9.26%", "2007-07-31": "9.52%", "2007-04-30": "9.86%", "2007-01-31": "10.11%", "2006-10-31": "10.19%", "2006-07-31": "10.29%", "2006-04-30": "9.88%", "2006-01-31": "9.52%", "2005-10-31": "9.36%"}, "pe ratio": {"current": "34.32", "2021-02-05": "44.04", "2020-10-31": "45.21", "2020-07-31": "33.71", "2020-04-30": "27.34", "2020-01-31": "28.62", "2019-10-31": "26.79", "2019-07-31": "25.40", "2019-04-30": "26.15", "2019-01-31": "32.53", "2018-10-31": "24.69", "2018-07-31": "27.49", "2018-04-30": "25.60", "2018-01-31": "23.27", "2017-10-31": "24.17", "2017-07-31": "24.46", "2017-04-30": "25.48", "2017-01-31": "22.49", "2016-10-31": "20.37", "2016-07-31": "19.89", "2016-04-30": "18.64", "2016-01-31": "16.42", "2015-10-31": "19.46", "2015-07-31": "18.61", "2015-04-30": "19.58", "2015-01-31": "17.14", "2014-10-31": "18.66", "2014-07-31": "19.33", "2014-04-30": "20.19", "2014-01-31": "19.46", "2013-10-31": "19.53", "2013-07-31": "18.84", "2013-04-30": "18.01", "2013-01-31": "17.68", "2012-10-31": "15.71", "2012-07-31": "14.58", "2012-04-30": "16.36", "2012-01-31": "13.08", "2011-10-31": "12.98", "2011-07-31": "14.38", "2011-04-30": "16.09", "2011-01-31": "15.31", "2010-10-31": "14.36", "2010-07-31": "0.00", "2010-04-30": "0.00", "2010-01-31": "0.00", "2009-10-31": "0.00", "2009-07-31": "16.93", "2009-04-30": "12.45", "2009-01-31": "8.45", "2008-10-31": "9.40", "2008-07-31": "18.08", "2008-04-30": "16.06", "2008-01-31": "15.25", "2007-10-31": "17.29", "2007-07-31": "15.02", "2007-04-30": "14.99", "2007-01-31": "16.66", "2006-10-31": "14.72"}, "price sales": {"2021-02-05": "5.18", "2020-10-31": "5.32", "2020-07-31": "5.24", "2020-04-30": "4.29", "2020-01-31": "4.45", "2019-10-31": "4.11", "2019-07-31": "3.74", "2019-04-30": "3.82", "2019-01-31": "3.40", "2018-10-31": "3.14", "2018-07-31": "3.40", "2018-04-30": "3.23", "2018-01-31": "3.69", "2017-10-31": "3.46", "2017-07-31": "3.56", "2017-04-30": "3.67", "2017-01-31": "3.41", "2016-10-31": "3.05", "2016-07-31": "2.82", "2016-04-30": "2.53", "2016-01-31": "2.06", "2015-10-31": "2.46", "2015-07-31": "2.55", "2015-04-30": "2.78", "2015-01-31": "2.54", "2014-10-31": "2.71", "2014-07-31": "2.75", "2014-04-30": "2.82", "2014-01-31": "2.69", "2013-10-31": "2.81", "2013-07-31": "2.76", "2013-04-30": "2.69", "2013-01-31": "2.73", "2012-10-31": "2.50", "2012-07-31": "2.38", "2012-04-30": "2.67", "2012-01-31": "2.27", "2011-10-31": "2.35", "2011-07-31": "2.67", "2011-04-30": "3.06", "2011-01-31": "2.62", "2010-10-31": "2.31", "2010-07-31": "1.95", "2010-04-30": "2.38", "2010-01-31": "1.99", "2009-10-31": "1.92", "2009-07-31": "1.53", "2009-04-30": "1.14", "2009-01-31": "0.85", "2008-10-31": "0.98", "2008-07-31": "1.88", "2008-04-30": "1.61", "2008-01-31": "1.42", "2007-10-31": "1.58", "2007-07-31": "1.42", "2007-04-30": "1.47", "2007-01-31": "1.68", "2006-10-31": "1.50"}, "price book": {"current": "6.21", "2021-02-05": "6.21", "2020-10-31": "6.37", "2020-07-31": "6.32", "2020-04-30": "5.58", "2020-01-31": "5.93", "2019-10-31": "5.65", "2019-07-31": "5.19", "2019-04-30": "5.61", "2019-01-31": "5.20", "2018-10-31": "4.80", "2018-07-31": "5.35", "2018-04-30": "5.34", "2018-01-31": "6.25", "2017-10-31": "6.13", "2017-07-31": "6.53", "2017-04-30": "7.23", "2017-01-31": "7.04", "2016-10-31": "6.47", "2016-07-31": "5.96", "2016-04-30": "5.67", "2016-01-31": "5.04", "2015-10-31": "5.87", "2015-07-31": "5.14", "2015-04-30": "5.58", "2015-01-31": "5.03", "2014-10-31": "4.95", "2014-07-31": "4.62", "2014-04-30": "4.78", "2014-01-31": "4.55", "2013-10-31": "4.83", "2013-07-31": "5.42", "2013-04-30": "5.60", "2013-01-31": "5.62", "2012-10-31": "5.20", "2012-07-31": "4.89", "2012-04-30": "5.48", "2012-01-31": "4.84", "2011-10-31": "4.84", "2011-07-31": "4.85", "2011-04-30": "5.66", "2011-01-31": "5.23", "2010-10-31": "4.72", "2010-07-31": "4.22", "2010-04-30": "5.32", "2010-01-31": "4.45", "2009-10-31": "4.27", "2009-07-31": "2.14", "2009-04-30": "1.86", "2009-01-31": "1.58", "2008-10-31": "1.89", "2008-07-31": "3.32", "2008-04-30": "2.92", "2008-01-31": "2.64", "2007-10-31": "2.92", "2007-07-31": "2.64", "2007-04-30": "2.77", "2007-01-31": "3.29", "2006-10-31": "3.03", "2006-07-31": "3.15", "2006-04-30": "3.85", "2006-01-31": "3.53"}, "price fcf": {"2021-02-05": "", "2020-10-31": "$7.74", "2020-07-31": "$6.89", "2020-04-30": "$6.45", "2020-01-31": "$6.51", "2019-10-31": "$5.50", "2019-07-31": "$5.30", "2019-04-30": "$6.35", "2019-01-31": "$6.21", "2018-10-31": "$7.05", "2018-07-31": "$6.99", "2018-04-30": "$5.94", "2018-01-31": "$5.26", "2017-10-31": "$4.97", "2017-07-31": "$5.20", "2017-04-30": "$5.07", "2017-01-31": "$5.41", "2016-10-31": "$4.78", "2016-07-31": "$3.94", "2016-04-30": "$3.74", "2016-01-31": "$3.78", "2015-10-31": "$3.28", "2015-07-31": "$3.33", "2015-04-30": "$3.81", "2015-01-31": "$3.35", "2014-10-31": "$3.81", "2014-07-31": "$3.36", "2014-04-30": "$3.58", "2014-01-31": "$3.58", "2013-10-31": "$3.47", "2013-07-31": "$3.93", "2013-04-30": "$3.74", "2013-01-31": "$3.79", "2012-10-31": "$3.83", "2012-07-31": "$3.33", "2012-04-30": "$3.15", "2012-01-31": "$3.12", "2011-10-31": "$3.31", "2011-07-31": "$3.40", "2011-04-30": "$3.10", "2011-01-31": "$1.88", "2010-10-31": "$1.84", "2010-07-31": "$1.55", "2010-04-30": "$1.52", "2010-01-31": "$2.69", "2009-10-31": "$2.45", "2009-07-31": "$2.04", "2009-04-30": "$1.65", "2009-01-31": "$1.64", "2008-10-31": "$1.31", "2008-07-31": "$1.62", "2008-04-30": "$1.86", "2008-01-31": "$1.48", "2007-10-31": "$1.48", "2007-07-31": "$1.51", "2007-04-30": "$1.52", "2007-01-31": "$1.55", "2006-10-31": "$1.57"}, "net worth": {"value": "$10.93B"}, "current ratio": {"current": "2.81", "2020-10-31": "2.81", "2020-07-31": "3.11", "2020-04-30": "3.17", "2020-01-31": "2.71", "2019-10-31": "2.12", "2019-07-31": "2.21", "2019-04-30": "2.16", "2019-01-31": "2.67", "2018-10-31": "2.52", "2018-07-31": "3.16", "2018-04-30": "1.84", "2018-01-31": "1.52", "2017-10-31": "1.37", "2017-07-31": "2.10", "2017-04-30": "1.82", "2017-01-31": "2.48", "2016-10-31": "2.25", "2016-07-31": "2.76", "2016-04-30": "2.67", "2016-01-31": "2.88", "2015-10-31": "2.45", "2015-07-31": "2.77", "2015-04-30": "2.22", "2015-01-31": "1.69", "2014-10-31": "1.81", "2014-07-31": "2.61", "2014-04-30": "2.70", "2014-01-31": "2.73", "2013-10-31": "2.54", "2013-07-31": "2.74", "2013-04-30": "2.22", "2013-01-31": "1.97", "2012-10-31": "1.71", "2012-07-31": "1.74", "2012-04-30": "2.26", "2012-01-31": "2.92", "2011-10-31": "2.62", "2011-07-31": "2.88", "2011-04-30": "2.73", "2011-01-31": "2.63", "2010-10-31": "2.35", "2010-07-31": "2.27", "2010-04-30": "2.16", "2010-01-31": "2.12", "2009-10-31": "2.22", "2009-07-31": "2.63", "2009-04-30": "2.50", "2009-01-31": "1.03", "2008-10-31": "1.88", "2008-07-31": "1.12", "2008-04-30": "1.05", "2008-01-31": "0.86", "2007-10-31": "0.80", "2007-07-31": "0.78", "2007-04-30": "0.79", "2007-01-31": "0.84", "2006-10-31": "1.44", "2006-07-31": "1.81", "2006-04-30": "1.56", "2006-01-31": "1.42", "2005-10-31": "1.25", "2005-07-31": "1.69", "2005-04-30": "2.10", "2005-01-31": "2.17"}, "quick ratio": {"2020-10-31": "2.05", "2020-07-31": "2.22", "2020-04-30": "2.31", "2020-01-31": "1.85", "2019-10-31": "1.52", "2019-07-31": "1.57", "2019-04-30": "1.53", "2019-01-31": "1.84", "2018-10-31": "1.77", "2018-07-31": "2.36", "2018-04-30": "1.31", "2018-01-31": "1.07", "2017-10-31": "0.96", "2017-07-31": "1.47", "2017-04-30": "1.21", "2017-01-31": "1.65", "2016-10-31": "1.58", "2016-07-31": "1.90", "2016-04-30": "1.78", "2016-01-31": "1.93", "2015-10-31": "1.67", "2015-07-31": "1.89", "2015-04-30": "1.42", "2015-01-31": "1.15", "2014-10-31": "1.25", "2014-07-31": "1.81", "2014-04-30": "1.83", "2014-01-31": "1.79", "2013-10-31": "1.71", "2013-07-31": "1.91", "2013-04-30": "1.53", "2013-01-31": "1.34", "2012-10-31": "1.21", "2012-07-31": "1.21", "2012-04-30": "1.57", "2012-01-31": "2.01", "2011-10-31": "1.84", "2011-07-31": "2.11", "2011-04-30": "2.00", "2011-01-31": "1.90", "2010-10-31": "1.74", "2010-07-31": "1.65", "2010-04-30": "1.51", "2010-01-31": "1.48", "2009-10-31": "1.59", "2009-07-31": "1.78", "2009-04-30": "1.63", "2009-01-31": "0.66", "2008-10-31": "1.31", "2008-07-31": "0.76", "2008-04-30": "0.71", "2008-01-31": "0.58", "2007-10-31": "0.57", "2007-07-31": "0.54", "2007-04-30": "0.55", "2007-01-31": "0.57", "2006-10-31": "1.09", "2006-07-31": "1.32", "2006-04-30": "1.16", "2006-01-31": "0.98", "2005-10-31": "0.93", "2005-07-31": "1.30", "2005-04-30": "1.63", "2005-01-31": "1.65"}, "debt equity ratio": {"current": "0.61", "2020-10-31": "1.09", "2020-07-31": "1.16", "2020-04-30": "1.27", "2020-01-31": "1.17", "2019-10-31": "1.22", "2019-07-31": "1.26", "2019-04-30": "1.36", "2019-01-31": "1.42", "2018-10-31": "1.36", "2018-07-31": "1.54", "2018-04-30": "1.60", "2018-01-31": "1.70", "2017-10-31": "1.96", "2017-07-31": "2.19", "2017-04-30": "2.51", "2017-01-31": "1.68", "2016-10-31": "1.84", "2016-07-31": "1.97", "2016-04-30": "2.22", "2016-01-31": "2.56", "2015-10-31": "2.58", "2015-07-31": "1.82", "2015-04-30": "1.75", "2015-01-31": "1.68", "2014-10-31": "1.52", "2014-07-31": "1.20", "2014-04-30": "1.25", "2014-01-31": "1.21", "2013-10-31": "1.31", "2013-07-31": "1.35", "2013-04-30": "1.53", "2013-01-31": "1.55", "2012-10-31": "1.73", "2012-07-31": "1.91", "2012-04-30": "1.31", "2012-01-31": "1.36", "2011-10-31": "1.28", "2011-07-31": "0.68", "2011-04-30": "0.70", "2011-01-31": "0.84", "2010-10-31": "0.95", "2010-07-31": "1.12", "2010-04-30": "1.23", "2010-01-31": "1.33", "2009-10-31": "1.41", "2009-07-31": "0.77", "2009-04-30": "0.87", "2009-01-31": "0.99", "2008-10-31": "1.03", "2008-07-31": "0.93", "2008-04-30": "1.08", "2008-01-31": "1.21", "2007-10-31": "1.28", "2007-07-31": "1.27", "2007-04-30": "1.37", "2007-01-31": "1.31", "2006-10-31": "0.91", "2006-07-31": "0.95", "2006-04-30": "1.10", "2006-01-31": "1.15", "2005-10-31": "1.39", "2005-07-31": "1.01", "2005-04-30": "1.01", "2005-01-31": "0.99"}, "return on equity": {"2020-10-31": "14.61%", "2020-07-31": "20.13%", "2020-04-30": "21.27%", "2020-01-31": "21.88%", "2019-10-31": "22.53%", "2019-07-31": "21.94%", "2019-04-30": "22.48%", "2019-01-31": "22.84%", "2018-10-31": "27.33%", "2018-07-31": "28.34%", "2018-04-30": "30.79%", "2018-01-31": "31.23%", "2017-10-31": "28.91%", "2017-07-31": "30.80%", "2017-04-30": "31.25%", "2017-01-31": "34.11%", "2016-10-31": "35.66%", "2016-07-31": "34.42%", "2016-04-30": "32.23%", "2016-01-31": "28.36%", "2015-10-31": "26.91%", "2015-07-31": "27.57%", "2015-04-30": "27.50%", "2015-01-31": "28.14%", "2014-10-31": "26.71%", "2014-07-31": "25.53%", "2014-04-30": "25.28%", "2014-01-31": "25.86%", "2013-10-31": "28.39%", "2013-07-31": "31.62%", "2013-04-30": "33.93%", "2013-01-31": "35.55%", "2012-10-31": "37.27%", "2012-07-31": "36.61%", "2012-04-30": "34.43%", "2012-01-31": "35.97%", "2011-10-31": "37.45%", "2011-07-31": "38.34%", "2011-04-30": "41.41%", "2011-01-31": "39.06%", "2010-10-31": "38.27%", "2010-07-31": "-23.44%", "2010-04-30": "-28.16%", "2010-01-31": "-29.45%", "2009-10-31": "-29.99%", "2009-07-31": "13.69%", "2009-04-30": "15.01%", "2009-01-31": "18.16%", "2008-10-31": "19.97%", "2008-07-31": "20.17%", "2008-04-30": "20.07%", "2008-01-31": "18.85%", "2007-10-31": "18.78%", "2007-07-31": "19.35%", "2007-04-30": "20.36%", "2007-01-31": "21.59%", "2006-10-31": "22.81%", "2006-07-31": "24.33%", "2006-04-30": "22.40%", "2006-01-31": "20.57%", "2005-10-31": "19.25%"}, "return on assets": {"2020-10-31": "6.73%", "2020-07-31": "9.13%", "2020-04-30": "9.54%", "2020-01-31": "9.72%", "2019-10-31": "9.74%", "2019-07-31": "9.34%", "2019-04-30": "9.29%", "2019-01-31": "9.22%", "2018-10-31": "10.75%", "2018-07-31": "10.55%", "2018-04-30": "10.84%", "2018-01-31": "10.21%", "2017-10-31": "9.36%", "2017-07-31": "10.02%", "2017-04-30": "10.37%", "2017-01-31": "11.71%", "2016-10-31": "11.43%", "2016-07-31": "10.40%", "2016-04-30": "9.87%", "2016-01-31": "9.04%", "2015-10-31": "9.21%", "2015-07-31": "10.26%", "2015-04-30": "10.90%", "2015-01-31": "11.71%", "2014-10-31": "11.64%", "2014-07-31": "11.38%", "2014-04-30": "11.09%", "2014-01-31": "11.05%", "2013-10-31": "11.71%", "2013-07-31": "12.50%", "2013-04-30": "12.72%", "2013-01-31": "13.52%", "2012-10-31": "14.38%", "2012-07-31": "14.79%", "2012-04-30": "16.08%", "2012-01-31": "18.11%", "2011-10-31": "20.07%", "2011-07-31": "21.52%", "2011-04-30": "21.97%", "2011-01-31": "19.36%", "2010-10-31": "17.86%", "2010-07-31": "-10.36%", "2010-04-30": "-13.23%", "2010-01-31": "-14.50%", "2009-10-31": "-15.25%", "2009-07-31": "7.15%", "2009-04-30": "7.68%", "2009-01-31": "9.05%", "2008-10-31": "9.71%", "2008-07-31": "9.53%", "2008-04-30": "9.10%", "2008-01-31": "8.27%", "2007-10-31": "8.14%", "2007-07-31": "8.71%", "2007-04-30": "9.49%", "2007-01-31": "10.43%", "2006-10-31": "11.29%", "2006-07-31": "11.41%", "2006-04-30": "10.43%", "2006-01-31": "9.68%", "2005-10-31": "9.25%"}, "return on investments": {"2020-10-31": "12.18%", "2020-07-31": "16.02%", "2020-04-30": "17.07%", "2020-01-31": "17.55%", "2019-10-31": "17.86%", "2019-07-31": "16.89%", "2019-04-30": "16.84%", "2019-01-31": "16.87%", "2018-10-31": "18.43%", "2018-07-31": "19.59%", "2018-04-30": "20.73%", "2018-01-31": "20.03%", "2017-10-31": "19.79%", "2017-07-31": "20.18%", "2017-04-30": "20.79%", "2017-01-31": "22.82%", "2016-10-31": "21.61%", "2016-07-31": "19.78%", "2016-04-30": "18.86%", "2016-01-31": "17.78%", "2015-10-31": "19.04%", "2015-07-31": "21.36%", "2015-04-30": "22.64%", "2015-01-31": "24.00%", "2014-10-31": "23.47%", "2014-07-31": "22.48%", "2014-04-30": "21.95%", "2014-01-31": "22.23%", "2013-10-31": "24.03%", "2013-07-31": "26.92%", "2013-04-30": "28.15%", "2013-01-31": "30.35%", "2012-10-31": "32.20%", "2012-07-31": "32.27%", "2012-04-30": "34.75%", "2012-01-31": "38.75%", "2011-10-31": "43.71%", "2011-07-31": "47.58%", "2011-04-30": "47.55%", "2011-01-31": "43.69%", "2010-10-31": "40.59%", "2010-07-31": "-6.26%", "2010-04-30": "-10.77%", "2010-01-31": "-15.70%", "2009-10-31": "-18.38%", "2009-07-31": "15.19%", "2009-04-30": "17.72%", "2009-01-31": "23.61%", "2008-10-31": "27.46%", "2008-07-31": "30.46%", "2008-04-30": "31.02%", "2008-01-31": "29.34%", "2007-10-31": "28.86%", "2007-07-31": "28.39%", "2007-04-30": "27.85%", "2007-01-31": "29.25%", "2006-10-31": "30.18%", "2006-07-31": "33.02%", "2006-04-30": "30.69%", "2006-01-31": "27.21%", "2005-10-31": "24.67%"}, "return on tangible equity": {"2020-10-31": "-65.66%", "2020-07-31": "-81.76%", "2020-04-30": "-76.12%", "2020-01-31": "-67.42%", "2019-10-31": "-58.58%", "2019-07-31": "-51.81%", "2019-04-30": "-48.50%", "2019-01-31": "-45.32%", "2018-10-31": "-50.05%", "2018-07-31": "-44.36%", "2018-04-30": "-40.71%", "2018-01-31": "-33.99%", "2017-10-31": "-31.73%", "2017-07-31": "-35.76%", "2017-04-30": "-40.28%", "2017-01-31": "-52.62%", "2016-10-31": "-46.12%", "2016-07-31": "-38.69%", "2016-04-30": "-36.83%", "2016-01-31": "-35.07%", "2015-10-31": "-38.97%", "2015-07-31": "-48.92%", "2015-04-30": "-59.06%", "2015-01-31": "-71.63%", "2014-10-31": "-80.13%", "2014-07-31": "-84.38%", "2014-04-30": "-78.93%", "2014-01-31": "-74.98%", "2013-10-31": "-75.19%", "2013-07-31": "-74.68%", "2013-04-30": "-66.91%", "2013-01-31": "-78.16%", "2012-10-31": "-93.75%", "2012-07-31": "-123.62%", "2012-04-30": "-1243.08%", "2012-01-31": "372.29%", "2011-10-31": "187.39%", "2011-07-31": "129.07%", "2011-04-30": "166.98%", "2011-01-31": "221.96%", "2010-10-31": "346.39%", "2010-07-31": "-584.62%", "2010-04-30": "16800.00%", "2010-01-31": "834.78%", "2009-10-31": "537.82%", "2009-07-31": "-203.82%", "2009-04-30": "-217.28%", "2009-01-31": "-259.39%", "2008-10-31": "-241.24%", "2008-07-31": "-185.60%", "2008-04-30": "-121.79%", "2008-01-31": "-86.41%", "2007-10-31": "-78.80%", "2007-07-31": "-133.83%", "2007-04-30": "-400.00%", "2007-01-31": "383.16%", "2006-10-31": "168.52%", "2006-07-31": "316.52%", "2006-04-30": "250.00%", "2006-01-31": "184.97%", "2005-10-31": "133.33%"}, "dividend yield history": {"last payout": "$1.56", "last yield": "0.83%"}}