{"ticker": "NCLH", "price": {"title": "Norwegian Cruise Line Holdings Historical Annual Stock Price Data", "value": 24.72, "historical": {"2020": {"Average Stock Price": "22.7849", "Year Open": "58.8300", "Year High": "59.6500", "Year Low": "7.7700", "Year Close": "25.4300", "Annual % Change": "-56.46%"}, "2019": {"Average Stock Price": "52.6591", "Year Open": "42.3800", "Year High": "59.5600", "Year Low": "40.7100", "Year Close": "58.4100", "Annual % Change": "37.79%"}, "2018": {"Average Stock Price": "52.4039", "Year Open": "54.9600", "Year High": "60.9300", "Year Low": "39.5500", "Year Close": "42.3900", "Annual % Change": "-20.39%"}, "2017": {"Average Stock Price": "52.8796", "Year Open": "42.7900", "Year High": "59.4600", "Year Low": "42.7900", "Year Close": "53.2500", "Annual % Change": "25.21%"}, "2016": {"Average Stock Price": "43.6176", "Year Open": "57.9900", "Year High": "57.9900", "Year Low": "34.4000", "Year Close": "42.5300", "Annual % Change": "-27.42%"}, "2015": {"Average Stock Price": "54.9140", "Year Open": "46.7000", "Year High": "63.7600", "Year Low": "42.9300", "Year Close": "58.6000", "Annual % Change": "25.32%"}, "2014": {"Average Stock Price": "35.1703", "Year Open": "34.6400", "Year High": "48.0300", "Year Low": "29.6500", "Year Close": "46.7600", "Annual % Change": "31.83%"}, "2013": {"Average Stock Price": "31.0606", "Year Open": "24.7900", "Year High": "35.4700", "Year Low": "24.7900", "Year Close": "35.4700", "Annual % Change": "0.00%"}}}, "market cap": {"value": "$6.81B"}, "income statement": {"Revenue": {"2019-12-31": "6462.37600", "2018-12-31": "6055.12600", "2017-12-31": "5396.17500", "2016-12-31": "4874.34000", "2015-12-31": "4345.04800", "2014-12-31": "3125.88100", "2013-12-31": "2570.29400", "2012-12-31": "2276.24600", "2011-12-31": "2219.32400", "2010-12-31": "2012.12800"}, "Cost Of Goods Sold": {"2019-12-31": "3663.26100", "2018-12-31": "3377.07600", "2017-12-31": "3063.64400", "2016-12-31": "2850.22500", "2015-12-31": "2655.44900", "2014-12-31": "1946.62400", "2013-12-31": "1657.65900", "2012-12-31": "1478.43300", "2011-12-31": "1467.87600", "2010-12-31": "1347.17600"}, "Gross Profit": {"2019-12-31": "2799.11500", "2018-12-31": "2678.05000", "2017-12-31": "2332.53100", "2016-12-31": "2024.11500", "2015-12-31": "1689.59900", "2014-12-31": "1179.25700", "2013-12-31": "912.63500", "2012-12-31": "797.81300", "2011-12-31": "751.44800", "2010-12-31": "664.95200"}, "Research And Development Expenses": {"2019-12-31": "", "2018-12-31": "", "2017-12-31": "", "2016-12-31": "", "2015-12-31": "", "2014-12-31": "", "2013-12-31": "", "2012-12-31": "", "2011-12-31": "", "2010-12-31": ""}, "SG&A Expenses": {"2019-12-31": "974.85000", "2018-12-31": "897.92900", "2017-12-31": "773.75500", "2016-12-31": "666.15600", "2015-12-31": "554.99900", "2014-12-31": "403.16900", "2013-12-31": "301.15500", "2012-12-31": "251.18300", "2011-12-31": "251.35100", "2010-12-31": "264.15200"}, "Other Operating Income Or Expenses": {"2019-12-31": "", "2018-12-31": "", "2017-12-31": "", "2016-12-31": "", "2015-12-31": "", "2014-12-31": "", "2013-12-31": "", "2012-12-31": "", "2011-12-31": "", "2010-12-31": ""}, "Operating Expenses": {"2019-12-31": "5284.29900", "2018-12-31": "4836.06500", "2017-12-31": "4347.35600", "2016-12-31": "3948.87600", "2015-12-31": "3642.56200", "2014-12-31": "2622.94000", "2013-12-31": "2174.40700", "2012-12-31": "1919.15300", "2011-12-31": "1903.21200", "2010-12-31": "1781.51900"}, "Operating Income": {"2019-12-31": "1178.07700", "2018-12-31": "1219.06100", "2017-12-31": "1048.81900", "2016-12-31": "925.46360", "2015-12-31": "702.48580", "2014-12-31": "502.94120", "2013-12-31": "395.88700", "2012-12-31": "357.09300", "2011-12-31": "316.11210", "2010-12-31": "230.60900"}, "Total Non-Operating Income/Expense": {"2019-12-31": "-266.71200", "2018-12-31": "-249.75100", "2017-12-31": "-278.20500", "2016-12-31": "-285.16100", "2015-12-31": "-268.57700", "2014-12-31": "-162.60700", "2013-12-31": "-281.19900", "2012-12-31": "-187.83100", "2011-12-31": "-187.55300", "2010-12-31": "-207.62300"}, "Pre-Tax Income": {"2019-12-31": "911.36500", "2018-12-31": "969.31000", "2017-12-31": "770.61400", "2016-12-31": "640.30300", "2015-12-31": "433.90900", "2014-12-31": "340.33400", "2013-12-31": "114.68800", "2012-12-31": "169.26200", "2011-12-31": "128.55900", "2010-12-31": "22.98600"}, "Income Taxes": {"2019-12-31": "-18.86300", "2018-12-31": "14.46700", "2017-12-31": "10.74200", "2016-12-31": "7.21800", "2015-12-31": "6.77200", "2014-12-31": "-2.26700", "2013-12-31": "11.80200", "2012-12-31": "0.70600", "2011-12-31": "1.70000", "2010-12-31": ""}, "Income After Taxes": {"2019-12-31": "930.22800", "2018-12-31": "954.84300", "2017-12-31": "759.87200", "2016-12-31": "633.08500", "2015-12-31": "427.13700", "2014-12-31": "342.60100", "2013-12-31": "102.88600", "2012-12-31": "168.55600", "2011-12-31": "126.85900", "2010-12-31": "22.98600"}, "Other Income": {"2019-12-31": "", "2018-12-31": "", "2017-12-31": "", "2016-12-31": "", "2015-12-31": "", "2014-12-31": "", "2013-12-31": "", "2012-12-31": "", "2011-12-31": "", "2010-12-31": ""}, "Income From Continuous Operations": {"2019-12-31": "930.22800", "2018-12-31": "954.84300", "2017-12-31": "759.87200", "2016-12-31": "633.08500", "2015-12-31": "427.13700", "2014-12-31": "342.60100", "2013-12-31": "102.88600", "2012-12-31": "168.55600", "2011-12-31": "126.85900", "2010-12-31": "22.98600"}, "Income From Discontinued Operations": {"2019-12-31": "", "2018-12-31": "", "2017-12-31": "", "2016-12-31": "", "2015-12-31": "", "2014-12-31": "", "2013-12-31": "", "2012-12-31": "", "2011-12-31": "", "2010-12-31": ""}, "Net Income": {"2019-12-31": "930.22800", "2018-12-31": "954.84300", "2017-12-31": "759.87200", "2016-12-31": "633.08500", "2015-12-31": "427.13700", "2014-12-31": "338.35200", "2013-12-31": "101.71400", "2012-12-31": "168.55600", "2011-12-31": "126.85900", "2010-12-31": "22.98600"}, "EBITDA": {"2019-12-31": "1825.17900", "2018-12-31": "1786.03300", "2017-12-31": "1570.30300", "2016-12-31": "1371.09900", "2015-12-31": "1152.82100", "2014-12-31": "807.81820", "2013-12-31": "640.99790", "2012-12-31": "573.23000", "2011-12-31": "527.16110", "2010-12-31": "422.52200"}, "EBIT": {"2019-12-31": "1178.07700", "2018-12-31": "1219.06100", "2017-12-31": "1048.81900", "2016-12-31": "925.46360", "2015-12-31": "702.48580", "2014-12-31": "502.94120", "2013-12-31": "395.88700", "2012-12-31": "357.09300", "2011-12-31": "316.11210", "2010-12-31": "230.60900"}, "Basic Shares Outstanding": {"2019-12-31": "214.93000", "2018-12-31": "223.00200", "2017-12-31": "228.04100", "2016-12-31": "227.12200", "2015-12-31": "226.59100", "2014-12-31": "206.52500", "2013-12-31": "202.99380", "2012-12-31": "178.23300", "2011-12-31": "177.86900", "2010-12-31": "177.56300"}, "Shares Outstanding": {"2019-12-31": "216.47500", "2018-12-31": "224.41900", "2017-12-31": "229.41800", "2016-12-31": "227.85000", "2015-12-31": "230.04000", "2014-12-31": "212.01800", "2013-12-31": "209.23950", "2012-12-31": "179.02400", "2011-12-31": "178.86000", "2010-12-31": "178.46100"}, "Basic EPS": {"2019-12-31": "4.33000", "2018-12-31": "4.28000", "2017-12-31": "3.33000", "2016-12-31": "2.79000", "2015-12-31": "1.89000", "2014-12-31": "1.64000", "2013-12-31": "0.50000", "2012-12-31": "0.95000", "2011-12-31": "0.71000", "2010-12-31": "0.13000"}, "EPS - Earnings Per Share": {"2019-12-31": "4.30000", "2018-12-31": "4.25000", "2017-12-31": "3.31000", "2016-12-31": "2.78000", "2015-12-31": "1.86000", "2014-12-31": "1.62000", "2013-12-31": "0.49000", "2012-12-31": "0.94000", "2011-12-31": "0.71000", "2010-12-31": "0.13000"}}, "income statement, quarterly": {"Revenue": {"2020-09-30": "6.51800", "2020-06-30": "16.92900", "2020-03-31": "1246.88200", "2019-12-31": "1480.61800", "2019-09-30": "1913.85100", "2019-06-30": "1664.27700", "2019-03-31": "1403.63000", "2018-12-31": "1381.19300", "2018-09-30": "1858.35600", "2018-06-30": "1522.17400", "2018-03-31": "1293.40300", "2017-12-31": "1249.55300", "2017-09-30": "1651.73800", "2017-06-30": "1344.10300", "2017-03-31": "1150.78100", "2016-12-31": "1125.13700", "2016-09-30": "1484.73600", "2016-06-30": "1186.83500", "2016-03-31": "1077.63200", "2015-12-31": "1036.52300", "2015-09-30": "1284.91000", "2015-06-30": "1085.43300", "2015-03-31": "938.18200", "2014-12-31": "788.90900", "2014-09-30": "907.01700", "2014-06-30": "765.92700", "2014-03-31": "664.02800", "2013-12-31": "600.34500", "2013-09-30": "797.88500", "2013-06-30": "644.43300", "2013-03-31": "527.63100", "2012-12-31": "503.17100", "2012-09-30": "674.41100", "2012-06-30": "583.23400", "2012-03-31": "515.43000", "2011-12-31": "488.59400", "2011-09-30": "666.63400", "2011-06-30": "568.58600", "2011-03-31": "495.51000", "2010-12-31": ""}, "Cost Of Goods Sold": {"2020-09-30": "190.15700", "2020-06-30": "301.65200", "2020-03-31": "994.25990", "2019-12-31": "887.42220", "2019-09-30": "990.76400", "2019-06-30": "958.42400", "2019-03-31": "826.65090", "2018-12-31": "817.25790", "2018-09-30": "928.94400", "2018-06-30": "862.78300", "2018-03-31": "768.09100", "2017-12-31": "753.43900", "2017-09-30": "838.16500", "2017-06-30": "752.24210", "2017-03-31": "719.79800", "2016-12-31": "695.11040", "2016-09-30": "784.73400", "2016-06-30": "705.90000", "2016-03-31": "664.48100", "2015-12-31": "657.74810", "2015-09-30": "717.72200", "2015-06-30": "656.27890", "2015-03-31": "623.70000", "2014-12-31": "518.62000", "2014-09-30": "511.29800", "2014-06-30": "470.79600", "2014-03-31": "445.91000", "2013-12-31": "417.78890", "2013-09-30": "456.10200", "2013-06-30": "421.07900", "2013-03-31": "362.68900", "2012-12-31": "344.60000", "2012-09-30": "394.07100", "2012-06-30": "387.74100", "2012-03-31": "352.02700", "2011-12-31": "343.54000", "2011-09-30": "397.20000", "2011-06-30": "382.90000", "2011-03-31": "344.23000", "2010-12-31": ""}, "Gross Profit": {"2020-09-30": "-183.63900", "2020-06-30": "-284.72300", "2020-03-31": "252.62200", "2019-12-31": "593.19590", "2019-09-30": "923.08690", "2019-06-30": "705.85300", "2019-03-31": "576.97910", "2018-12-31": "563.93540", "2018-09-30": "929.41190", "2018-06-30": "659.39100", "2018-03-31": "525.31200", "2017-12-31": "496.11380", "2017-09-30": "813.57300", "2017-06-30": "591.86100", "2017-03-31": "430.98300", "2016-12-31": "430.02670", "2016-09-30": "700.00200", "2016-06-30": "480.93500", "2016-03-31": "413.15100", "2015-12-31": "378.77460", "2015-09-30": "567.18800", "2015-06-30": "429.15410", "2015-03-31": "314.48200", "2014-12-31": "270.28900", "2014-09-30": "395.71900", "2014-06-30": "295.13100", "2014-03-31": "218.11800", "2013-12-31": "182.55610", "2013-09-30": "341.78300", "2013-06-30": "223.35400", "2013-03-31": "164.94200", "2012-12-31": "158.57100", "2012-09-30": "280.34000", "2012-06-30": "195.49300", "2012-03-31": "163.40300", "2011-12-31": "145.05400", "2011-09-30": "269.43400", "2011-06-30": "185.68600", "2011-03-31": "151.28000", "2010-12-31": ""}, "Research And Development Expenses": {"2020-09-30": "", "2020-06-30": "", "2020-03-31": "", "2019-12-31": "", "2019-09-30": "", "2019-06-30": "", "2019-03-31": "", "2018-12-31": "", "2018-09-30": "", "2018-06-30": "", "2018-03-31": "", "2017-12-31": "", "2017-09-30": "", "2017-06-30": "", "2017-03-31": "", "2016-12-31": "", "2016-09-30": "", "2016-06-30": "", "2016-03-31": "", "2015-12-31": "", "2015-09-30": "", "2015-06-30": "", "2015-03-31": "", "2014-12-31": "", "2014-09-30": "", "2014-06-30": "", "2014-03-31": "", "2013-12-31": "", "2013-09-30": "", "2013-06-30": "", "2013-03-31": "", "2012-12-31": "0.00000", "2012-09-30": "", "2012-06-30": "", "2012-03-31": "", "2011-12-31": "0.00000", "2011-09-30": "0.00000", "2011-06-30": "0.00000", "2011-03-31": "0.00000", "2010-12-31": ""}, "SG&A Expenses": {"2020-09-30": "156.65600", "2020-06-30": "131.43600", "2020-03-31": "270.68900", "2019-12-31": "229.85900", "2019-09-30": "255.14800", "2019-06-30": "240.90100", "2019-03-31": "248.94200", "2018-12-31": "208.94300", "2018-09-30": "235.43600", "2018-06-30": "226.53500", "2018-03-31": "227.01500", "2017-12-31": "185.84100", "2017-09-30": "202.22100", "2017-06-30": "193.64900", "2017-03-31": "192.04400", "2016-12-31": "161.46200", "2016-09-30": "174.81300", "2016-06-30": "149.30700", "2016-03-31": "180.57400", "2015-12-31": "143.12000", "2015-09-30": "150.55800", "2015-06-30": "107.16400", "2015-03-31": "154.15700", "2014-12-31": "139.58500", "2014-09-30": "97.11100", "2014-06-30": "83.08400", "2014-03-31": "83.38900", "2013-12-31": "64.23200", "2013-09-30": "77.60600", "2013-06-30": "74.11100", "2013-03-31": "85.20600", "2012-12-31": "60.45000", "2012-09-30": "57.77900", "2012-06-30": "61.80700", "2012-03-31": "71.16200", "2011-12-31": "57.99000", "2011-09-30": "60.20000", "2011-06-30": "62.96000", "2011-03-31": "70.20000", "2010-12-31": ""}, "Other Operating Income Or Expenses": {"2020-09-30": "", "2020-06-30": "", "2020-03-31": "-1607.79700", "2019-12-31": "", "2019-09-30": "", "2019-06-30": "", "2019-03-31": "", "2018-12-31": "", "2018-09-30": "", "2018-06-30": "", "2018-03-31": "", "2017-12-31": "", "2017-09-30": "", "2017-06-30": "", "2017-03-31": "", "2016-12-31": "", "2016-09-30": "", "2016-06-30": "", "2016-03-31": "", "2015-12-31": "", "2015-09-30": "", "2015-06-30": "", "2015-03-31": "", "2014-12-31": "", "2014-09-30": "", "2014-06-30": "", "2014-03-31": "", "2013-12-31": "", "2013-09-30": "", "2013-06-30": "", "2013-03-31": "", "2012-12-31": "", "2012-09-30": "", "2012-06-30": "", "2012-03-31": "", "2011-12-31": "", "2011-09-30": "", "2011-06-30": "", "2011-03-31": "", "2010-12-31": ""}, "Operating Expenses": {"2020-09-30": "524.30100", "2020-06-30": "612.34000", "2020-03-31": "3070.94300", "2019-12-31": "1281.24200", "2019-09-30": "1402.12700", "2019-06-30": "1355.59600", "2019-03-31": "1245.33400", "2018-12-31": "1171.61300", "2018-09-30": "1308.08000", "2018-06-30": "1230.02200", "2018-03-31": "1126.35000", "2017-12-31": "1072.35900", "2017-09-30": "1174.91800", "2017-06-30": "1069.03200", "2017-03-31": "1031.04700", "2016-12-31": "971.58730", "2016-09-30": "1071.12200", "2016-06-30": "959.81700", "2016-03-31": "946.35000", "2015-12-31": "918.60120", "2015-09-30": "978.07790", "2015-06-30": "868.04990", "2015-03-31": "877.83300", "2014-12-31": "742.46690", "2014-09-30": "672.19500", "2014-06-30": "617.33900", "2014-03-31": "590.93900", "2013-12-31": "538.91490", "2013-09-30": "589.80510", "2013-06-30": "549.04400", "2013-03-31": "496.64300", "2012-12-31": "453.69000", "2012-09-30": "500.27300", "2012-06-30": "496.22800", "2012-03-31": "468.98600", "2011-12-31": "446.24000", "2011-09-30": "503.91000", "2011-06-30": "492.37000", "2011-03-31": "460.68000", "2010-12-31": ""}, "Operating Income": {"2020-09-30": "-517.78300", "2020-06-30": "-595.41090", "2020-03-31": "-1824.06100", "2019-12-31": "199.37560", "2019-09-30": "511.72400", "2019-06-30": "308.68100", "2019-03-31": "158.29600", "2018-12-31": "209.58030", "2018-09-30": "550.27590", "2018-06-30": "292.15200", "2018-03-31": "167.05300", "2017-12-31": "177.19400", "2017-09-30": "476.82010", "2017-06-30": "275.07090", "2017-03-31": "119.73400", "2016-12-31": "153.54980", "2016-09-30": "413.61390", "2016-06-30": "227.01800", "2016-03-31": "131.28200", "2015-12-31": "117.92150", "2015-09-30": "306.83210", "2015-06-30": "217.38310", "2015-03-31": "60.34900", "2014-12-31": "46.44210", "2014-09-30": "234.82200", "2014-06-30": "148.58800", "2014-03-31": "73.08910", "2013-12-31": "61.43010", "2013-09-30": "208.08000", "2013-06-30": "95.38900", "2013-03-31": "30.98800", "2012-12-31": "49.48100", "2012-09-30": "174.13800", "2012-06-30": "87.00600", "2012-03-31": "46.44400", "2011-12-31": "42.35400", "2011-09-30": "162.72390", "2011-06-30": "76.21600", "2011-03-31": "34.83000", "2010-12-31": ""}, "Total Non-Operating Income/Expense": {"2020-09-30": "-163.34400", "2020-06-30": "-128.95500", "2020-03-31": "-63.08400", "2019-12-31": "-80.48500", "2019-09-30": "-49.93700", "2019-06-30": "-62.35300", "2019-03-31": "-73.93700", "2018-12-31": "-58.87900", "2018-09-30": "-69.44200", "2018-06-30": "-60.06600", "2018-03-31": "-61.36400", "2017-12-31": "-83.02400", "2017-09-30": "-69.60100", "2017-06-30": "-69.80500", "2017-03-31": "-55.77500", "2016-12-31": "-83.04400", "2016-09-30": "-65.99500", "2016-06-30": "-79.17300", "2016-03-31": "-56.94900", "2015-12-31": "-79.76900", "2015-09-30": "-51.51700", "2015-06-30": "-56.16300", "2015-03-31": "-81.12800", "2014-12-31": "-70.59600", "2014-09-30": "-29.04200", "2014-06-30": "-32.18500", "2014-03-31": "-30.78400", "2013-12-31": "-24.39700", "2013-09-30": "-27.25300", "2013-06-30": "-103.25700", "2013-03-31": "-126.29200", "2012-12-31": "-48.24000", "2012-09-30": "-45.55200", "2012-06-30": "-50.90400", "2012-03-31": "-43.16000", "2011-12-31": "120.11000", "2011-09-30": "-215.21000", "2011-06-30": "-47.02000", "2011-03-31": "-45.43000", "2010-12-31": ""}, "Pre-Tax Income": {"2020-09-30": "-681.12700", "2020-06-30": "-724.36600", "2020-03-31": "-1887.14500", "2019-12-31": "118.89100", "2019-09-30": "461.78700", "2019-06-30": "246.32800", "2019-03-31": "84.35900", "2018-12-31": "150.70100", "2018-09-30": "480.83400", "2018-06-30": "232.08600", "2018-03-31": "105.68900", "2017-12-31": "94.17000", "2017-09-30": "407.21900", "2017-06-30": "205.26600", "2017-03-31": "63.95900", "2016-12-31": "70.50600", "2016-09-30": "347.61900", "2016-06-30": "147.84500", "2016-03-31": "74.33300", "2015-12-31": "38.15300", "2015-09-30": "255.31500", "2015-06-30": "161.22000", "2015-03-31": "-20.77900", "2014-12-31": "-24.15400", "2014-09-30": "205.78000", "2014-06-30": "116.40300", "2014-03-31": "42.30500", "2013-12-31": "37.03300", "2013-09-30": "180.82700", "2013-06-30": "-7.86800", "2013-03-31": "-95.30400", "2012-12-31": "1.30000", "2012-09-30": "128.58600", "2012-06-30": "36.10200", "2012-03-31": "3.28400", "2011-12-31": "162.51000", "2011-09-30": "-52.51000", "2011-06-30": "29.17000", "2011-03-31": "-10.62000", "2010-12-31": ""}, "Income Taxes": {"2020-09-30": "-3.76100", "2020-06-30": "-9.12300", "2020-03-31": "-6.17300", "2019-12-31": "-2.40600", "2019-09-30": "11.20300", "2019-06-30": "6.13800", "2019-03-31": "-33.79800", "2018-12-31": "-3.93300", "2018-09-30": "10.45600", "2018-06-30": "5.41000", "2018-03-31": "2.53400", "2017-12-31": "-4.62700", "2017-09-30": "6.52700", "2017-06-30": "6.79300", "2017-03-31": "2.04900", "2016-12-31": "-1.72600", "2016-09-30": "5.24100", "2016-06-30": "2.59900", "2016-03-31": "1.10400", "2015-12-31": "-0.15900", "2015-09-30": "3.52800", "2015-06-30": "2.72600", "2015-03-31": "0.67700", "2014-12-31": "1.49400", "2014-09-30": "2.50200", "2014-06-30": "3.12400", "2014-03-31": "-9.38700", "2013-12-31": "0.62600", "2013-09-30": "7.93300", "2013-06-30": "1.04700", "2013-03-31": "2.19600", "2012-12-31": "0.24000", "2012-09-30": "0.39800", "2012-06-30": "0.07100", "2012-03-31": "", "2011-12-31": "1.70000", "2011-09-30": "0.00000", "2011-06-30": "0.00000", "2011-03-31": "0.00000", "2010-12-31": ""}, "Income After Taxes": {"2020-09-30": "-677.36600", "2020-06-30": "-715.24300", "2020-03-31": "-1880.97200", "2019-12-31": "121.29700", "2019-09-30": "450.58400", "2019-06-30": "240.19000", "2019-03-31": "118.15700", "2018-12-31": "154.63400", "2018-09-30": "470.37800", "2018-06-30": "226.67600", "2018-03-31": "103.15500", "2017-12-31": "98.79700", "2017-09-30": "400.69200", "2017-06-30": "198.47300", "2017-03-31": "61.91000", "2016-12-31": "72.23200", "2016-09-30": "342.37800", "2016-06-30": "145.24600", "2016-03-31": "73.22900", "2015-12-31": "38.31200", "2015-09-30": "251.78700", "2015-06-30": "158.49400", "2015-03-31": "-21.45600", "2014-12-31": "-25.64800", "2014-09-30": "203.27800", "2014-06-30": "113.27900", "2014-03-31": "51.69200", "2013-12-31": "36.40700", "2013-09-30": "172.89400", "2013-06-30": "-8.91500", "2013-03-31": "-97.50000", "2012-12-31": "1.06000", "2012-09-30": "128.18800", "2012-06-30": "36.03100", "2012-03-31": "3.28400", "2011-12-31": "160.81000", "2011-09-30": "-52.51000", "2011-06-30": "29.17000", "2011-03-31": "-10.62000", "2010-12-31": ""}, "Other Income": {"2020-09-30": "", "2020-06-30": "", "2020-03-31": "", "2019-12-31": "", "2019-09-30": "", "2019-06-30": "", "2019-03-31": "", "2018-12-31": "", "2018-09-30": "", "2018-06-30": "", "2018-03-31": "", "2017-12-31": "", "2017-09-30": "", "2017-06-30": "", "2017-03-31": "", "2016-12-31": "", "2016-09-30": "", "2016-06-30": "", "2016-03-31": "", "2015-12-31": "", "2015-09-30": "", "2015-06-30": "", "2015-03-31": "", "2014-12-31": "", "2014-09-30": "", "2014-06-30": "", "2014-03-31": "", "2013-12-31": "", "2013-09-30": "", "2013-06-30": "", "2013-03-31": "", "2012-12-31": "0.00000", "2012-09-30": "", "2012-06-30": "", "2012-03-31": "", "2011-12-31": "0.00000", "2011-09-30": "0.00000", "2011-06-30": "0.00000", "2011-03-31": "0.00000", "2010-12-31": ""}, "Income From Continuous Operations": {"2020-09-30": "-677.36600", "2020-06-30": "-715.24300", "2020-03-31": "-1880.97200", "2019-12-31": "121.29700", "2019-09-30": "450.58400", "2019-06-30": "240.19000", "2019-03-31": "118.15700", "2018-12-31": "154.63400", "2018-09-30": "470.37800", "2018-06-30": "226.67600", "2018-03-31": "103.15500", "2017-12-31": "98.79700", "2017-09-30": "400.69200", "2017-06-30": "198.47300", "2017-03-31": "61.91000", "2016-12-31": "72.23200", "2016-09-30": "342.37800", "2016-06-30": "145.24600", "2016-03-31": "73.22900", "2015-12-31": "38.31200", "2015-09-30": "251.78700", "2015-06-30": "158.49400", "2015-03-31": "-21.45600", "2014-12-31": "-25.64800", "2014-09-30": "203.27800", "2014-06-30": "113.27900", "2014-03-31": "51.69200", "2013-12-31": "36.40700", "2013-09-30": "172.89400", "2013-06-30": "-8.91500", "2013-03-31": "-97.50000", "2012-12-31": "1.05300", "2012-09-30": "128.18800", "2012-06-30": "36.03100", "2012-03-31": "3.28400", "2011-12-31": "-1.94100", "2011-09-30": "107.50900", "2011-06-30": "29.22400", "2011-03-31": "-7.93300", "2010-12-31": ""}, "Income From Discontinued Operations": {"2020-09-30": "", "2020-06-30": "", "2020-03-31": "", "2019-12-31": "", "2019-09-30": "", "2019-06-30": "", "2019-03-31": "", "2018-12-31": "", "2018-09-30": "", "2018-06-30": "", "2018-03-31": "", "2017-12-31": "", "2017-09-30": "", "2017-06-30": "", "2017-03-31": "", "2016-12-31": "", "2016-09-30": "", "2016-06-30": "", "2016-03-31": "", "2015-12-31": "", "2015-09-30": "", "2015-06-30": "", "2015-03-31": "", "2014-12-31": "", "2014-09-30": "", "2014-06-30": "", "2014-03-31": "", "2013-12-31": "", "2013-09-30": "", "2013-06-30": "", "2013-03-31": "", "2012-12-31": "0.00000", "2012-09-30": "", "2012-06-30": "", "2012-03-31": "", "2011-12-31": "0.00000", "2011-09-30": "0.00000", "2011-06-30": "0.00000", "2011-03-31": "0.00000", "2010-12-31": ""}, "Net Income": {"2020-09-30": "-677.36600", "2020-06-30": "-715.24300", "2020-03-31": "-1880.97200", "2019-12-31": "121.29700", "2019-09-30": "450.58400", "2019-06-30": "240.19000", "2019-03-31": "118.15700", "2018-12-31": "154.63400", "2018-09-30": "470.37800", "2018-06-30": "226.67600", "2018-03-31": "103.15500", "2017-12-31": "98.79700", "2017-09-30": "400.69200", "2017-06-30": "198.47300", "2017-03-31": "61.91000", "2016-12-31": "72.23200", "2016-09-30": "342.37800", "2016-06-30": "145.24600", "2016-03-31": "73.22900", "2015-12-31": "38.31200", "2015-09-30": "251.78700", "2015-06-30": "158.49400", "2015-03-31": "-21.45600", "2014-12-31": "-25.60900", "2014-09-30": "201.07800", "2014-06-30": "111.61600", "2014-03-31": "51.26700", "2013-12-31": "36.09200", "2013-09-30": "170.85800", "2013-06-30": "-8.84100", "2013-03-31": "-96.39500", "2012-12-31": "1.05300", "2012-09-30": "128.18800", "2012-06-30": "36.03100", "2012-03-31": "3.28400", "2011-12-31": "-1.94100", "2011-09-30": "107.50900", "2011-06-30": "29.22400", "2011-03-31": "-7.93300", "2010-12-31": ""}, "EBITDA": {"2020-09-30": "-331.95000", "2020-06-30": "-2019.02800", "2020-03-31": "-21.06900", "2019-12-31": "363.98060", "2019-09-30": "667.75000", "2019-06-30": "465.43800", "2019-03-31": "328.01000", "2018-12-31": "356.39830", "2018-09-30": "695.58790", "2018-06-30": "432.44800", "2018-03-31": "301.59900", "2017-12-31": "312.72100", "2017-09-30": "614.15910", "2017-06-30": "402.09590", "2017-03-31": "241.32700", "2016-12-31": "271.81880", "2016-09-30": "528.71190", "2016-06-30": "334.60000", "2016-03-31": "235.96800", "2015-12-31": "240.39550", "2015-09-30": "419.97610", "2015-06-30": "327.56700", "2015-03-31": "164.88200", "2014-12-31": "138.01310", "2014-09-30": "306.90000", "2014-06-30": "220.10800", "2014-03-31": "142.79710", "2013-12-31": "126.39810", "2013-09-30": "272.27700", "2013-06-30": "155.85500", "2013-03-31": "86.46800", "2012-12-31": "104.83000", "2012-09-30": "229.17700", "2012-06-30": "140.27800", "2012-03-31": "98.91400", "2011-12-31": "93.87400", "2011-09-30": "218.44390", "2011-06-30": "128.26600", "2011-03-31": "86.58000", "2010-12-31": ""}, "EBIT": {"2020-09-30": "-517.78300", "2020-06-30": "-595.41090", "2020-03-31": "-1824.06100", "2019-12-31": "199.37560", "2019-09-30": "511.72400", "2019-06-30": "308.68100", "2019-03-31": "158.29600", "2018-12-31": "209.58020", "2018-09-30": "550.27590", "2018-06-30": "292.15200", "2018-03-31": "167.05300", "2017-12-31": "177.19380", "2017-09-30": "476.82010", "2017-06-30": "275.07090", "2017-03-31": "119.73400", "2016-12-31": "153.54970", "2016-09-30": "413.61390", "2016-06-30": "227.01800", "2016-03-31": "131.28200", "2015-12-31": "117.92170", "2015-09-30": "306.83210", "2015-06-30": "217.38310", "2015-03-31": "60.34900", "2014-12-31": "46.44210", "2014-09-30": "234.82200", "2014-06-30": "148.58800", "2014-03-31": "73.08910", "2013-12-31": "61.43010", "2013-09-30": "208.08000", "2013-06-30": "95.38900", "2013-03-31": "30.98800", "2012-12-31": "49.48100", "2012-09-30": "174.13800", "2012-06-30": "87.00600", "2012-03-31": "46.44400", "2011-12-31": "42.35400", "2011-09-30": "162.72390", "2011-06-30": "76.21600", "2011-03-31": "34.83000", "2010-12-31": ""}, "Basic Shares Outstanding": {"2020-09-30": "271.43500", "2020-06-30": "239.34300", "2020-03-31": "213.63100", "2019-12-31": "214.93000", "2019-09-30": "214.20800", "2019-06-30": "215.42600", "2019-03-31": "217.24100", "2018-12-31": "223.00200", "2018-09-30": "221.51200", "2018-06-30": "223.30900", "2018-03-31": "227.34400", "2017-12-31": "228.04100", "2017-09-30": "228.26700", "2017-06-30": "227.93100", "2017-03-31": "227.46900", "2016-12-31": "227.12200", "2016-09-30": "227.09610", "2016-06-30": "226.97200", "2016-03-31": "227.23100", "2015-12-31": "226.59100", "2015-09-30": "227.38460", "2015-06-30": "225.69810", "2015-03-31": "224.30110", "2014-12-31": "206.52500", "2014-09-30": "203.22000", "2014-06-30": "204.96600", "2014-03-31": "205.16300", "2013-12-31": "202.99380", "2013-09-30": "204.42500", "2013-06-30": "203.99700", "2013-03-31": "198.35000", "2012-12-31": "178.34400", "2012-09-30": "178.25300", "2012-06-30": "178.19900", "2012-03-31": "178.14000", "2011-12-31": "194.10000", "2011-09-30": "179.18200", "2011-06-30": "182.65000", "2011-03-31": "198.32500", "2010-12-31": ""}, "Shares Outstanding": {"2020-09-30": "271.43500", "2020-06-30": "239.34300", "2020-03-31": "213.63100", "2019-12-31": "216.47500", "2019-09-30": "215.49900", "2019-06-30": "216.81100", "2019-03-31": "218.87300", "2018-12-31": "224.41900", "2018-09-30": "222.75300", "2018-06-30": "224.39100", "2018-03-31": "229.18800", "2017-12-31": "229.41800", "2017-09-30": "229.81700", "2017-06-30": "229.09000", "2017-03-31": "228.55600", "2016-12-31": "227.85000", "2016-09-30": "227.59860", "2016-06-30": "227.88500", "2016-03-31": "228.11200", "2015-12-31": "230.04000", "2015-09-30": "230.27470", "2015-06-30": "230.22850", "2015-03-31": "224.30110", "2014-12-31": "212.01800", "2014-09-30": "208.50700", "2014-06-30": "210.47300", "2014-03-31": "211.01400", "2013-12-31": "209.23950", "2013-09-30": "210.70300", "2013-06-30": "203.99700", "2013-03-31": "198.35000", "2012-12-31": "179.14400", "2012-09-30": "179.05000", "2012-06-30": "178.95000", "2012-03-31": "178.95500", "2011-12-31": "194.10000", "2011-09-30": "179.18200", "2011-06-30": "182.65000", "2011-03-31": "198.32500", "2010-12-31": ""}, "Basic EPS": {"2020-09-30": "-2.50000", "2020-06-30": "-2.99000", "2020-03-31": "-8.80000", "2019-12-31": "0.58000", "2019-09-30": "2.10000", "2019-06-30": "1.11000", "2019-03-31": "0.54000", "2018-12-31": "0.69000", "2018-09-30": "2.12000", "2018-06-30": "1.02000", "2018-03-31": "0.45000", "2017-12-31": "0.43000", "2017-09-30": "1.76000", "2017-06-30": "0.87000", "2017-03-31": "0.27000", "2016-12-31": "0.32000", "2016-09-30": "1.51000", "2016-06-30": "0.64000", "2016-03-31": "0.32000", "2015-12-31": "0.18000", "2015-09-30": "1.11000", "2015-06-30": "0.70000", "2015-03-31": "-0.10000", "2014-12-31": "-0.14000", "2014-09-30": "0.99000", "2014-06-30": "0.54000", "2014-03-31": "0.25000", "2013-12-31": "0.19000", "2013-09-30": "0.84000", "2013-06-30": "-0.04000", "2013-03-31": "-0.49000", "2012-12-31": "0.01000", "2012-09-30": "0.72000", "2012-06-30": "0.20000", "2012-03-31": "0.02000", "2011-12-31": "-0.01000", "2011-09-30": "0.60000", "2011-06-30": "0.16000", "2011-03-31": "-0.04000", "2010-12-31": ""}, "EPS - Earnings Per Share": {"2020-09-30": "-2.50000", "2020-06-30": "-2.99000", "2020-03-31": "-8.80000", "2019-12-31": "0.56000", "2019-09-30": "2.09000", "2019-06-30": "1.11000", "2019-03-31": "0.54000", "2018-12-31": "0.68000", "2018-09-30": "2.11000", "2018-06-30": "1.01000", "2018-03-31": "0.45000", "2017-12-31": "0.43000", "2017-09-30": "1.74000", "2017-06-30": "0.87000", "2017-03-31": "0.27000", "2016-12-31": "0.32000", "2016-09-30": "1.50000", "2016-06-30": "0.64000", "2016-03-31": "0.32000", "2015-12-31": "0.18000", "2015-09-30": "1.09000", "2015-06-30": "0.69000", "2015-03-31": "-0.10000", "2014-12-31": "-0.13000", "2014-09-30": "0.97000", "2014-06-30": "0.54000", "2014-03-31": "0.24000", "2013-12-31": "0.20000", "2013-09-30": "0.82000", "2013-06-30": "-0.04000", "2013-03-31": "-0.49000", "2012-12-31": "0.01000", "2012-09-30": "0.72000", "2012-06-30": "0.20000", "2012-03-31": "0.02000", "2011-12-31": "-0.01000", "2011-09-30": "0.60000", "2011-06-30": "0.16000", "2011-03-31": "-0.04000", "2010-12-31": "0.00000"}}, "balance sheet": {"Cash On Hand": {"2019-12-31": "252.87600", "2018-12-31": "163.85100", "2017-12-31": "176.19000", "2016-12-31": "128.34700", "2015-12-31": "115.93700", "2014-12-31": "84.82400", "2013-12-31": "56.46700", "2012-12-31": "45.50000", "2011-12-31": "58.92600", "2010-12-31": ""}, "Receivables": {"2019-12-31": "75.10900", "2018-12-31": "55.24900", "2017-12-31": "43.96100", "2016-12-31": "63.21500", "2015-12-31": "44.99600", "2014-12-31": "32.43200", "2013-12-31": "18.26000", "2012-12-31": "15.06200", "2011-12-31": "8.15900", "2010-12-31": ""}, "Inventory": {"2019-12-31": "95.42700", "2018-12-31": "90.20200", "2017-12-31": "82.12100", "2016-12-31": "66.25500", "2015-12-31": "58.17300", "2014-12-31": "56.55500", "2013-12-31": "43.71500", "2012-12-31": "39.68100", "2011-12-31": "36.23400", "2010-12-31": ""}, "Pre-Paid Expenses": {"2019-12-31": "306.73300", "2018-12-31": "241.01100", "2017-12-31": "216.06500", "2016-12-31": "153.27600", "2015-12-31": "121.30500", "2014-12-31": "109.92400", "2013-12-31": "64.48200", "2012-12-31": "64.68600", "2011-12-31": "48.82400", "2010-12-31": ""}, "Other Current Assets": {"2019-12-31": "", "2018-12-31": "", "2017-12-31": "", "2016-12-31": "", "2015-12-31": "", "2014-12-31": "", "2013-12-31": "", "2012-12-31": "", "2011-12-31": "", "2010-12-31": ""}, "Total Current Assets": {"2019-12-31": "730.14500", "2018-12-31": "550.31300", "2017-12-31": "518.33700", "2016-12-31": "411.09300", "2015-12-31": "340.41100", "2014-12-31": "283.73500", "2013-12-31": "182.92400", "2012-12-31": "164.92900", "2011-12-31": "152.14300", "2010-12-31": ""}, "Property, Plant, And Equipment": {"2019-12-31": "13135.34000", "2018-12-31": "12119.25000", "2017-12-31": "11040.49000", "2016-12-31": "10117.69000", "2015-12-31": "9458.80500", "2014-12-31": "8623.77300", "2013-12-31": "5647.67000", "2012-12-31": "4960.14200", "2011-12-31": "4640.09300", "2010-12-31": ""}, "Long-Term Investments": {"2019-12-31": "", "2018-12-31": "", "2017-12-31": "", "2016-12-31": "", "2015-12-31": "", "2014-12-31": "", "2013-12-31": "", "2012-12-31": "", "2011-12-31": "", "2010-12-31": ""}, "Goodwill And Intangible Assets": {"2019-12-31": "2206.45600", "2018-12-31": "2206.45600", "2017-12-31": "2206.45600", "2016-12-31": "2206.45600", "2015-12-31": "2206.45600", "2014-12-31": "2206.45600", "2013-12-31": "611.33000", "2012-12-31": "611.33000", "2011-12-31": "602.79200", "2010-12-31": "0.00000"}, "Other Long-Term Assets": {"2019-12-31": "612.66100", "2018-12-31": "329.94800", "2017-12-31": "329.58800", "2016-12-31": "238.67300", "2015-12-31": "259.08500", "2014-12-31": "355.03200", "2013-12-31": "209.05400", "2012-12-31": "202.02600", "2011-12-31": "167.38300", "2010-12-31": ""}, "Total Long-Term Assets": {"2019-12-31": "15954.45000", "2018-12-31": "14655.66000", "2017-12-31": "13576.53000", "2016-12-31": "12562.82000", "2015-12-31": "11924.35000", "2014-12-31": "11185.26000", "2013-12-31": "6468.05400", "2012-12-31": "5773.49800", "2011-12-31": "5410.26800", "2010-12-31": ""}, "Total Assets": {"2019-12-31": "16684.60000", "2018-12-31": "15205.97000", "2017-12-31": "14094.87000", "2016-12-31": "12973.91000", "2015-12-31": "12264.76000", "2014-12-31": "11469.00000", "2013-12-31": "6650.97800", "2012-12-31": "5938.42700", "2011-12-31": "5562.41100", "2010-12-31": "0.00000"}, "Total Current Liabilities": {"2019-12-31": "3584.39000", "2018-12-31": "3150.50000", "2017-12-31": "2490.02100", "2016-12-31": "2312.81800", "2015-12-31": "2366.51900", "2014-12-31": "2086.59900", "2013-12-31": "1075.48800", "2012-12-31": "945.08900", "2011-12-31": "817.44600", "2010-12-31": ""}, "Long Term Debt": {"2019-12-31": "6055.33500", "2018-12-31": "5810.87300", "2017-12-31": "5688.39200", "2016-12-31": "5838.49400", "2015-12-31": "5767.69700", "2014-12-31": "5503.07600", "2013-12-31": "2841.21400", "2012-12-31": "2764.12000", "2011-12-31": "2837.49900", "2010-12-31": ""}, "Other Non-Current Liabilities": {"2019-12-31": "529.29500", "2018-12-31": "281.59600", "2017-12-31": "166.69000", "2016-12-31": "284.87300", "2015-12-31": "349.66100", "2014-12-31": "360.50800", "2013-12-31": "103.01000", "2012-12-31": "210.43400", "2011-12-31": "63.00300", "2010-12-31": ""}, "Total Long Term Liabilities": {"2019-12-31": "6584.63000", "2018-12-31": "6092.46900", "2017-12-31": "5855.08200", "2016-12-31": "6123.36700", "2015-12-31": "6117.35800", "2014-12-31": "5863.58400", "2013-12-31": "2944.22400", "2012-12-31": "2974.55400", "2011-12-31": "2900.50200", "2010-12-31": ""}, "Total Liabilities": {"2019-12-31": "10169.02000", "2018-12-31": "9242.96900", "2017-12-31": "8345.10300", "2016-12-31": "8436.18500", "2015-12-31": "8483.87700", "2014-12-31": "7950.18300", "2013-12-31": "4019.71200", "2012-12-31": "3919.64300", "2011-12-31": "3717.94800", "2010-12-31": "0.00000"}, "Common Stock Net": {"2019-12-31": "0.23700", "2018-12-31": "0.23500", "2017-12-31": "0.23300", "2016-12-31": "0.23200", "2015-12-31": "0.23200", "2014-12-31": "0.23000", "2013-12-31": "0.20500", "2012-12-31": "0.02500", "2011-12-31": "0.02500", "2010-12-31": "0.00000"}, "Retained Earnings (Accumulated Deficit)": {"2019-12-31": "3829.06800", "2018-12-31": "2898.84000", "2017-12-31": "1963.12800", "2016-12-31": "1201.10300", "2015-12-31": "568.01800", "2014-12-31": "140.88100", "2013-12-31": "-197.47100", "2012-12-31": "-299.18500", "2011-12-31": "-467.74100", "2010-12-31": ""}, "Comprehensive Income": {"2019-12-31": "-295.49000", "2018-12-31": "-161.64700", "2017-12-31": "26.96600", "2016-12-31": "-314.47300", "2015-12-31": "-412.65000", "2014-12-31": "-242.64200", "2013-12-31": "-16.69000", "2012-12-31": "-17.61900", "2011-12-31": "-19.79400", "2010-12-31": ""}, "Other Share Holders Equity": {"2019-12-31": "", "2018-12-31": "", "2017-12-31": "", "2016-12-31": "", "2015-12-31": "", "2014-12-31": "", "2013-12-31": "", "2012-12-31": "", "2011-12-31": "", "2010-12-31": "0.00000"}, "Share Holder Equity": {"2019-12-31": "6515.57900", "2018-12-31": "5963.00100", "2017-12-31": "5749.76600", "2016-12-31": "4537.72600", "2015-12-31": "3780.88000", "2014-12-31": "3518.81300", "2013-12-31": "2631.26600", "2012-12-31": "2018.78400", "2011-12-31": "1844.46300", "2010-12-31": "0.00000"}, "Total Liabilities And Share Holders Equity": {"2019-12-31": "16684.60000", "2018-12-31": "15205.97000", "2017-12-31": "14094.87000", "2016-12-31": "12973.91000", "2015-12-31": "12264.76000", "2014-12-31": "11469.00000", "2013-12-31": "6650.97800", "2012-12-31": "5938.42700", "2011-12-31": "5562.41100", "2010-12-31": "0.00000"}}, "balance sheet, quarterly": {"Cash On Hand": {"2020-09-30": "2356.21100", "2020-06-30": "2259.94900", "2020-03-31": "1360.26100", "2019-12-31": "252.87600", "2019-09-30": "407.25800", "2019-06-30": "419.92500", "2019-03-31": "304.70800", "2018-12-31": "163.85100", "2018-09-30": "286.46100", "2018-06-30": "205.00700", "2018-03-31": "301.74800", "2017-12-31": "176.19000", "2017-09-30": "522.90400", "2017-06-30": "219.31500", "2017-03-31": "219.78900", "2016-12-31": "128.34700", "2016-09-30": "155.43100", "2016-06-30": "145.96400", "2016-03-31": "154.86700", "2015-12-31": "115.93700", "2015-09-30": "230.18000", "2015-06-30": "172.95800", "2015-03-31": "121.42200", "2014-12-31": "84.82400", "2014-09-30": "55.86900", "2014-06-30": "63.48300", "2014-03-31": "64.76000", "2013-12-31": "56.46700", "2013-09-30": "56.96000", "2013-06-30": "82.84000", "2013-03-31": "81.20100", "2012-12-31": "45.50000", "2012-09-30": "68.69000", "2012-06-30": "65.70000", "2012-03-31": "63.97000", "2011-12-31": "58.92000", "2011-09-30": "47.83000", "2011-06-30": "60.17000", "2011-03-31": "49.19000", "2010-12-31": ""}, "Receivables": {"2020-09-30": "78.49600", "2020-06-30": "74.21300", "2020-03-31": "96.27700", "2019-12-31": "75.10900", "2019-09-30": "67.69800", "2019-06-30": "75.13400", "2019-03-31": "57.05400", "2018-12-31": "55.24900", "2018-09-30": "46.56200", "2018-06-30": "44.21200", "2018-03-31": "41.15900", "2017-12-31": "43.96100", "2017-09-30": "56.76400", "2017-06-30": "50.35900", "2017-03-31": "47.94900", "2016-12-31": "63.21500", "2016-09-30": "55.83800", "2016-06-30": "60.36600", "2016-03-31": "45.61300", "2015-12-31": "44.99600", "2015-09-30": "41.99500", "2015-06-30": "36.80100", "2015-03-31": "30.95800", "2014-12-31": "32.43200", "2014-09-30": "25.93600", "2014-06-30": "27.14500", "2014-03-31": "18.00000", "2013-12-31": "18.26000", "2013-09-30": "17.71700", "2013-06-30": "16.37000", "2013-03-31": "13.38700", "2012-12-31": "15.06200", "2012-09-30": "15.11000", "2012-06-30": "9.44000", "2012-03-31": "7.98000", "2011-12-31": "8.15000", "2011-09-30": "12.50000", "2011-06-30": "9.30000", "2011-03-31": "10.76000", "2010-12-31": ""}, "Inventory": {"2020-09-30": "81.25900", "2020-06-30": "82.26300", "2020-03-31": "85.51600", "2019-12-31": "95.42700", "2019-09-30": "94.25400", "2019-06-30": "90.95600", "2019-03-31": "90.10100", "2018-12-31": "90.20200", "2018-09-30": "95.95000", "2018-06-30": "93.13600", "2018-03-31": "80.42700", "2017-12-31": "82.12100", "2017-09-30": "78.91500", "2017-06-30": "77.08900", "2017-03-31": "71.43900", "2016-12-31": "66.25500", "2016-09-30": "65.98300", "2016-06-30": "67.69700", "2016-03-31": "62.38300", "2015-12-31": "58.17300", "2015-09-30": "54.94600", "2015-06-30": "59.80100", "2015-03-31": "56.63500", "2014-12-31": "56.55500", "2014-09-30": "51.26300", "2014-06-30": "52.56600", "2014-03-31": "48.10600", "2013-12-31": "43.71500", "2013-09-30": "45.90100", "2013-06-30": "45.42900", "2013-03-31": "42.29100", "2012-12-31": "39.68100", "2012-09-30": "43.17000", "2012-06-30": "37.78000", "2012-03-31": "39.67000", "2011-12-31": "36.23000", "2011-09-30": "41.56000", "2011-06-30": "39.35000", "2011-03-31": "37.27000", "2010-12-31": ""}, "Pre-Paid Expenses": {"2020-09-30": "136.53300", "2020-06-30": "334.24300", "2020-03-31": "154.28100", "2019-12-31": "306.73300", "2019-09-30": "273.50600", "2019-06-30": "317.54900", "2019-03-31": "316.53200", "2018-12-31": "241.01100", "2018-09-30": "298.43500", "2018-06-30": "329.13500", "2018-03-31": "337.44100", "2017-12-31": "216.06500", "2017-09-30": "206.25100", "2017-06-30": "167.15300", "2017-03-31": "149.17400", "2016-12-31": "153.27600", "2016-09-30": "159.44700", "2016-06-30": "166.00300", "2016-03-31": "130.05300", "2015-12-31": "121.30500", "2015-09-30": "114.07500", "2015-06-30": "130.35700", "2015-03-31": "115.61100", "2014-12-31": "109.92400", "2014-09-30": "57.56800", "2014-06-30": "67.03000", "2014-03-31": "56.35900", "2013-12-31": "64.48200", "2013-09-30": "66.47300", "2013-06-30": "56.38000", "2013-03-31": "69.88800", "2012-12-31": "64.68600", "2012-09-30": "", "2012-06-30": "", "2012-03-31": "", "2011-12-31": "48.82400", "2011-09-30": "", "2011-06-30": "", "2011-03-31": "", "2010-12-31": ""}, "Other Current Assets": {"2020-09-30": "", "2020-06-30": "", "2020-03-31": "", "2019-12-31": "", "2019-09-30": "", "2019-06-30": "", "2019-03-31": "", "2018-12-31": "", "2018-09-30": "", "2018-06-30": "", "2018-03-31": "", "2017-12-31": "", "2017-09-30": "", "2017-06-30": "", "2017-03-31": "", "2016-12-31": "", "2016-09-30": "", "2016-06-30": "", "2016-03-31": "", "2015-12-31": "", "2015-09-30": "", "2015-06-30": "", "2015-03-31": "", "2014-12-31": "", "2014-09-30": "", "2014-06-30": "", "2014-03-31": "", "2013-12-31": "", "2013-09-30": "", "2013-06-30": "", "2013-03-31": "", "2012-12-31": "", "2012-09-30": "60.63000", "2012-06-30": "42.27000", "2012-03-31": "73.03000", "2011-12-31": "48.82000", "2011-09-30": "43.22000", "2011-06-30": "58.78000", "2011-03-31": "60.49000", "2010-12-31": ""}, "Total Current Assets": {"2020-09-30": "2652.49900", "2020-06-30": "2750.66800", "2020-03-31": "1696.33500", "2019-12-31": "730.14500", "2019-09-30": "842.71600", "2019-06-30": "903.56400", "2019-03-31": "768.39500", "2018-12-31": "550.31300", "2018-09-30": "727.40800", "2018-06-30": "671.49000", "2018-03-31": "760.77500", "2017-12-31": "518.33700", "2017-09-30": "864.83400", "2017-06-30": "513.91600", "2017-03-31": "488.35100", "2016-12-31": "411.09300", "2016-09-30": "436.69900", "2016-06-30": "440.03000", "2016-03-31": "392.91600", "2015-12-31": "340.41100", "2015-09-30": "441.19600", "2015-06-30": "399.91700", "2015-03-31": "324.62600", "2014-12-31": "283.73500", "2014-09-30": "190.63600", "2014-06-30": "210.22400", "2014-03-31": "187.22500", "2013-12-31": "182.92400", "2013-09-30": "187.05100", "2013-06-30": "201.01900", "2013-03-31": "206.76700", "2012-12-31": "164.92900", "2012-09-30": "187.62000", "2012-06-30": "155.19000", "2012-03-31": "184.67000", "2011-12-31": "152.14000", "2011-09-30": "145.12000", "2011-06-30": "167.62000", "2011-03-31": "157.73000", "2010-12-31": ""}, "Property, Plant, And Equipment": {"2020-09-30": "13453.43000", "2020-06-30": "13488.51000", "2020-03-31": "13567.58000", "2019-12-31": "13135.34000", "2019-09-30": "12288.90000", "2019-06-30": "12252.05000", "2019-03-31": "12181.01000", "2018-12-31": "12119.25000", "2018-09-30": "12029.14000", "2018-06-30": "12085.70000", "2018-03-31": "11085.57000", "2017-12-31": "11040.49000", "2017-09-30": "10916.82000", "2017-06-30": "10974.09000", "2017-03-31": "10149.17000", "2016-12-31": "10117.69000", "2016-09-30": "10054.22000", "2016-06-30": "10068.50000", "2016-03-31": "9489.15300", "2015-12-31": "9458.80500", "2015-09-30": "8723.84400", "2015-06-30": "8674.81500", "2015-03-31": "8628.87000", "2014-12-31": "8623.77300", "2014-09-30": "6319.93300", "2014-06-30": "6305.32800", "2014-03-31": "6327.26300", "2013-12-31": "5647.67000", "2013-09-30": "5622.57400", "2013-06-30": "5601.69000", "2013-03-31": "4997.54300", "2012-12-31": "4960.14200", "2012-09-30": "", "2012-06-30": "", "2012-03-31": "", "2011-12-31": "5703.08000", "2011-09-30": "", "2011-06-30": "", "2011-03-31": "", "2010-12-31": ""}, "Long-Term Investments": {"2020-09-30": "", "2020-06-30": "", "2020-03-31": "", "2019-12-31": "", "2019-09-30": "", "2019-06-30": "", "2019-03-31": "", "2018-12-31": "", "2018-09-30": "", "2018-06-30": "", "2018-03-31": "", "2017-12-31": "", "2017-09-30": "", "2017-06-30": "", "2017-03-31": "", "2016-12-31": "", "2016-09-30": "", "2016-06-30": "", "2016-03-31": "", "2015-12-31": "", "2015-09-30": "", "2015-06-30": "", "2015-03-31": "", "2014-12-31": "", "2014-09-30": "", "2014-06-30": "", "2014-03-31": "", "2013-12-31": "", "2013-09-30": "", "2013-06-30": "", "2013-03-31": "", "2012-12-31": "", "2012-09-30": "", "2012-06-30": "", "2012-03-31": "", "2011-12-31": "", "2011-09-30": "", "2011-06-30": "", "2011-03-31": "", "2010-12-31": ""}, "Goodwill And Intangible Assets": {"2020-09-30": "598.65900", "2020-06-30": "598.65900", "2020-03-31": "598.65900", "2019-12-31": "2206.45600", "2019-09-30": "2206.45600", "2019-06-30": "2206.45600", "2019-03-31": "2206.45600", "2018-12-31": "2206.45600", "2018-09-30": "2206.45600", "2018-06-30": "2206.45600", "2018-03-31": "2206.45600", "2017-12-31": "2206.45600", "2017-09-30": "2206.45600", "2017-06-30": "2206.45600", "2017-03-31": "2206.45600", "2016-12-31": "2206.45600", "2016-09-30": "2206.45600", "2016-06-30": "2206.45600", "2016-03-31": "2206.45600", "2015-12-31": "2206.45600", "2015-09-30": "2206.45600", "2015-06-30": "2347.32500", "2015-03-31": "2365.69800", "2014-12-31": "2206.45600", "2014-09-30": "611.33000", "2014-06-30": "611.33000", "2014-03-31": "611.33000", "2013-12-31": "611.33000", "2013-09-30": "611.33000", "2013-06-30": "611.33000", "2013-03-31": "611.33000", "2012-12-31": "611.33000", "2012-09-30": "611.33000", "2012-06-30": "610.29000", "2012-03-31": "610.29000", "2011-12-31": "602.79000", "2011-09-30": "602.79000", "2011-06-30": "602.79000", "2011-03-31": "602.79000", "2010-12-31": "0.00000"}, "Other Long-Term Assets": {"2020-09-30": "697.44600", "2020-06-30": "690.21800", "2020-03-31": "599.93900", "2019-12-31": "612.66100", "2019-09-30": "600.82700", "2019-06-30": "603.90200", "2019-03-31": "605.23500", "2018-12-31": "329.94800", "2018-09-30": "353.11800", "2018-06-30": "365.99900", "2018-03-31": "432.18200", "2017-12-31": "329.58800", "2017-09-30": "277.00300", "2017-06-30": "251.71700", "2017-03-31": "232.27800", "2016-12-31": "238.67300", "2016-09-30": "245.96500", "2016-06-30": "242.76400", "2016-03-31": "317.21400", "2015-12-31": "259.08500", "2015-09-30": "375.66900", "2015-06-30": "265.33000", "2015-03-31": "273.54300", "2014-12-31": "355.03200", "2014-09-30": "252.15000", "2014-06-30": "187.92100", "2014-03-31": "193.08100", "2013-12-31": "209.05400", "2013-09-30": "184.59400", "2013-06-30": "174.59400", "2013-03-31": "176.09000", "2012-12-31": "202.02600", "2012-09-30": "159.25000", "2012-06-30": "155.00000", "2012-03-31": "169.78000", "2011-12-31": "167.38000", "2011-09-30": "174.15000", "2011-06-30": "191.82000", "2011-03-31": "190.52000", "2010-12-31": ""}, "Total Long-Term Assets": {"2020-09-30": "14749.54000", "2020-06-30": "14777.39000", "2020-03-31": "14766.17000", "2019-12-31": "15954.45000", "2019-09-30": "15096.18000", "2019-06-30": "15062.41000", "2019-03-31": "14992.70000", "2018-12-31": "14655.66000", "2018-09-30": "14588.71000", "2018-06-30": "14658.16000", "2018-03-31": "13724.21000", "2017-12-31": "13576.53000", "2017-09-30": "13400.28000", "2017-06-30": "13432.26000", "2017-03-31": "12587.90000", "2016-12-31": "12562.82000", "2016-09-30": "12506.64000", "2016-06-30": "12517.72000", "2016-03-31": "12012.82000", "2015-12-31": "11924.35000", "2015-09-30": "11305.97000", "2015-06-30": "11287.47000", "2015-03-31": "11268.11000", "2014-12-31": "11185.26000", "2014-09-30": "7183.41300", "2014-06-30": "7104.57900", "2014-03-31": "7131.67400", "2013-12-31": "6468.05400", "2013-09-30": "6418.49800", "2013-06-30": "6387.61400", "2013-03-31": "5784.96300", "2012-12-31": "5773.49800", "2012-09-30": "770.58000", "2012-06-30": "765.29000", "2012-03-31": "780.06990", "2011-12-31": "6473.25000", "2011-09-30": "776.93990", "2011-06-30": "794.61000", "2011-03-31": "793.31000", "2010-12-31": ""}, "Total Assets": {"2020-09-30": "17402.04000", "2020-06-30": "17528.06000", "2020-03-31": "16462.51000", "2019-12-31": "16684.60000", "2019-09-30": "15938.90000", "2019-06-30": "15965.98000", "2019-03-31": "15761.09000", "2018-12-31": "15205.97000", "2018-09-30": "15316.12000", "2018-06-30": "15329.65000", "2018-03-31": "14484.99000", "2017-12-31": "14094.87000", "2017-09-30": "14265.12000", "2017-06-30": "13946.18000", "2017-03-31": "13076.25000", "2016-12-31": "12973.91000", "2016-09-30": "12943.34000", "2016-06-30": "12957.75000", "2016-03-31": "12405.74000", "2015-12-31": "12264.76000", "2015-09-30": "11747.17000", "2015-06-30": "11687.39000", "2015-03-31": "11592.74000", "2014-12-31": "11469.00000", "2014-09-30": "7374.04900", "2014-06-30": "7314.80300", "2014-03-31": "7318.89900", "2013-12-31": "6650.97800", "2013-09-30": "6605.54900", "2013-06-30": "6588.63300", "2013-03-31": "5991.73000", "2012-12-31": "5938.42700", "2012-09-30": "5892.64000", "2012-06-30": "5846.17000", "2012-03-31": "5580.94000", "2011-12-31": "5562.41000", "2011-09-30": "5539.39000", "2011-06-30": "5606.10000", "2011-03-31": "5563.97000", "2010-12-31": "0.00000"}, "Total Current Liabilities": {"2020-09-30": "2334.26600", "2020-06-30": "2583.85500", "2020-03-31": "2959.79300", "2019-12-31": "3584.39000", "2019-09-30": "3399.59100", "2019-06-30": "3582.55100", "2019-03-31": "3429.42000", "2018-12-31": "3150.50000", "2018-09-30": "3052.17900", "2018-06-30": "3306.16500", "2018-03-31": "3093.54300", "2017-12-31": "2490.02100", "2017-09-30": "2528.66200", "2017-06-30": "2654.12700", "2017-03-31": "2506.75900", "2016-12-31": "2312.81800", "2016-09-30": "2348.98900", "2016-06-30": "2592.26400", "2016-03-31": "2490.08900", "2015-12-31": "2366.51900", "2015-09-30": "2431.28200", "2015-06-30": "2474.08800", "2015-03-31": "2373.77400", "2014-12-31": "2086.59900", "2014-09-30": "1303.02400", "2014-06-30": "1379.90000", "2014-03-31": "1256.89000", "2013-12-31": "1075.48800", "2013-09-30": "1077.74500", "2013-06-30": "1171.08300", "2013-03-31": "1046.14200", "2012-12-31": "945.08900", "2012-09-30": "913.11000", "2012-06-30": "990.16000", "2012-03-31": "876.61000", "2011-12-31": "817.44000", "2011-09-30": "784.04000", "2011-06-30": "845.91000", "2011-03-31": "782.11000", "2010-12-31": ""}, "Long Term Debt": {"2020-09-30": "10465.09000", "2020-06-30": "10011.87000", "2020-03-31": "8432.42500", "2019-12-31": "6055.33500", "2019-09-30": "5672.62600", "2019-06-30": "5743.92700", "2019-03-31": "5934.18500", "2018-12-31": "5810.87300", "2018-09-30": "5875.25200", "2018-06-30": "6149.22100", "2018-03-31": "5580.29000", "2017-12-31": "5688.39200", "2017-09-30": "6002.87700", "2017-06-30": "6083.22600", "2017-03-31": "5644.17500", "2016-12-31": "5838.49400", "2016-09-30": "5815.24800", "2016-06-30": "5971.14300", "2016-03-31": "5670.14400", "2015-12-31": "5767.69700", "2015-09-30": "5096.23700", "2015-06-30": "5178.04400", "2015-03-31": "5379.08200", "2014-12-31": "5503.07600", "2014-09-30": "3082.34600", "2014-06-30": "3129.33700", "2014-03-31": "3290.49300", "2013-12-31": "2841.21400", "2013-09-30": "2830.47700", "2013-06-30": "2918.56600", "2013-03-31": "2416.58000", "2012-12-31": "2764.12000", "2012-09-30": "2726.74000", "2012-06-30": "2760.98000", "2012-03-31": "2763.77000", "2011-12-31": "2837.49000", "2011-09-30": "2847.44000", "2011-06-30": "2939.67000", "2011-03-31": "2992.80000", "2010-12-31": ""}, "Other Non-Current Liabilities": {"2020-09-30": "514.91000", "2020-06-30": "595.30700", "2020-03-31": "695.63700", "2019-12-31": "529.29500", "2019-09-30": "593.25500", "2019-06-30": "489.15600", "2019-03-31": "492.18600", "2018-12-31": "281.59600", "2018-09-30": "190.60100", "2018-06-30": "187.46700", "2018-03-31": "172.07900", "2017-12-31": "166.69000", "2017-09-30": "195.97400", "2017-06-30": "217.07400", "2017-03-31": "300.03500", "2016-12-31": "284.87300", "2016-09-30": "242.37600", "2016-06-30": "275.98100", "2016-03-31": "317.89500", "2015-12-31": "349.66100", "2015-09-30": "300.75200", "2015-06-30": "294.80000", "2015-03-31": "360.48900", "2014-12-31": "360.50800", "2014-09-30": "104.69500", "2014-06-30": "90.78500", "2014-03-31": "101.55100", "2013-12-31": "103.01000", "2013-09-30": "122.43900", "2013-06-30": "114.69100", "2013-03-31": "127.42000", "2012-12-31": "210.43400", "2012-09-30": "241.27000", "2012-06-30": "249.97000", "2012-03-31": "70.85000", "2011-12-31": "63.00000", "2011-09-30": "62.93000", "2011-06-30": "51.39000", "2011-03-31": "50.29000", "2010-12-31": ""}, "Total Long Term Liabilities": {"2020-09-30": "10980.00000", "2020-06-30": "10607.18000", "2020-03-31": "9128.06200", "2019-12-31": "6584.63000", "2019-09-30": "6265.88100", "2019-06-30": "6233.08300", "2019-03-31": "6426.37100", "2018-12-31": "6092.46900", "2018-09-30": "6065.85300", "2018-06-30": "6336.68800", "2018-03-31": "5752.36900", "2017-12-31": "5855.08200", "2017-09-30": "6198.85100", "2017-06-30": "6300.30000", "2017-03-31": "5944.21000", "2016-12-31": "6123.36700", "2016-09-30": "6057.62400", "2016-06-30": "6247.12400", "2016-03-31": "5988.03900", "2015-12-31": "6117.35800", "2015-09-30": "5396.98900", "2015-06-30": "5472.84400", "2015-03-31": "5739.57100", "2014-12-31": "5863.58400", "2014-09-30": "3187.04100", "2014-06-30": "3220.12200", "2014-03-31": "3392.04400", "2013-12-31": "2944.22400", "2013-09-30": "2952.91600", "2013-06-30": "3033.25700", "2013-03-31": "2544.00000", "2012-12-31": "2974.55400", "2012-09-30": "2968.01000", "2012-06-30": "3010.95000", "2012-03-31": "2834.62000", "2011-12-31": "2900.49000", "2011-09-30": "2910.37000", "2011-06-30": "2991.06000", "2011-03-31": "3043.09000", "2010-12-31": ""}, "Total Liabilities": {"2020-09-30": "13314.27000", "2020-06-30": "13191.03000", "2020-03-31": "12087.86000", "2019-12-31": "10169.02000", "2019-09-30": "9665.47200", "2019-06-30": "9815.63400", "2019-03-31": "9855.79100", "2018-12-31": "9242.96900", "2018-09-30": "9118.03200", "2018-06-30": "9642.85300", "2018-03-31": "8845.91200", "2017-12-31": "8345.10300", "2017-09-30": "8727.51300", "2017-06-30": "8954.42700", "2017-03-31": "8450.96900", "2016-12-31": "8436.18500", "2016-09-30": "8406.61300", "2016-06-30": "8839.38800", "2016-03-31": "8478.12800", "2015-12-31": "8483.87700", "2015-09-30": "7828.27100", "2015-06-30": "7946.93200", "2015-03-31": "8113.34500", "2014-12-31": "7950.18300", "2014-09-30": "4490.06500", "2014-06-30": "4600.02200", "2014-03-31": "4648.93400", "2013-12-31": "4019.71200", "2013-09-30": "4030.66100", "2013-06-30": "4204.34000", "2013-03-31": "3590.14200", "2012-12-31": "3919.64300", "2012-09-30": "3881.13000", "2012-06-30": "4001.12000", "2012-03-31": "3711.24000", "2011-12-31": "3717.94000", "2011-09-30": "3694.42000", "2011-06-30": "3836.98000", "2011-03-31": "3825.20000", "2010-12-31": "0.00000"}, "Common Stock Net": {"2020-09-30": "0.30000", "2020-06-30": "0.28100", "2020-03-31": "0.23900", "2019-12-31": "0.23700", "2019-09-30": "0.23700", "2019-06-30": "0.23700", "2019-03-31": "0.23700", "2018-12-31": "0.23500", "2018-09-30": "0.23500", "2018-06-30": "0.23500", "2018-03-31": "0.23500", "2017-12-31": "0.23300", "2017-09-30": "0.23300", "2017-06-30": "0.23300", "2017-03-31": "0.23200", "2016-12-31": "0.23200", "2016-09-30": "0.23200", "2016-06-30": "0.23200", "2016-03-31": "0.23200", "2015-12-31": "0.23200", "2015-09-30": "0.23200", "2015-06-30": "0.23200", "2015-03-31": "0.23200", "2014-12-31": "0.23000", "2014-09-30": "0.20600", "2014-06-30": "0.20500", "2014-03-31": "0.20500", "2013-12-31": "0.20500", "2013-09-30": "0.20500", "2013-06-30": "0.20400", "2013-03-31": "0.20400", "2012-12-31": "0.02500", "2012-09-30": "0.02000", "2012-06-30": "0.02000", "2012-03-31": "0.02000", "2011-12-31": "0.02000", "2011-09-30": "0.02000", "2011-06-30": "0.02000", "2011-03-31": "0.02000", "2010-12-31": "0.00000"}, "Retained Earnings (Accumulated Deficit)": {"2020-09-30": "557.41000", "2020-06-30": "1234.77600", "2020-03-31": "1950.01900", "2019-12-31": "3829.06800", "2019-09-30": "3707.77100", "2019-06-30": "3257.18700", "2019-03-31": "3016.99700", "2018-12-31": "2898.84000", "2018-09-30": "2744.20600", "2018-06-30": "2273.82800", "2018-03-31": "2047.15200", "2017-12-31": "1963.12800", "2017-09-30": "1864.33100", "2017-06-30": "1463.63900", "2017-03-31": "1265.16600", "2016-12-31": "1201.10300", "2016-09-30": "1128.87100", "2016-06-30": "786.49300", "2016-03-31": "641.24700", "2015-12-31": "568.01800", "2015-09-30": "529.70600", "2015-06-30": "277.91900", "2015-03-31": "119.42500", "2014-12-31": "140.88100", "2014-09-30": "166.49000", "2014-06-30": "-34.58800", "2014-03-31": "-146.20400", "2013-12-31": "-197.47100", "2013-09-30": "-233.56300", "2013-06-30": "-404.42100", "2013-03-31": "-395.58000", "2012-12-31": "-299.18500", "2012-09-30": "-300.23000", "2012-06-30": "-428.42000", "2012-03-31": "-464.45000", "2011-12-31": "-467.74000", "2011-09-30": "-474.70000", "2011-06-30": "-584.90000", "2011-03-31": "-614.08000", "2010-12-31": ""}, "Comprehensive Income": {"2020-09-30": "-372.00400", "2020-06-30": "-495.88700", "2020-03-31": "-579.24900", "2019-12-31": "-295.49000", "2019-09-30": "-389.63300", "2019-06-30": "-179.76900", "2019-03-31": "-153.40000", "2018-12-31": "-161.64700", "2018-09-30": "56.11800", "2018-06-30": "51.35200", "2018-03-31": "73.86200", "2017-12-31": "26.96600", "2017-09-30": "-61.05500", "2017-06-30": "-170.07900", "2017-03-31": "-311.94600", "2016-12-31": "-314.47300", "2016-09-30": "-223.16100", "2016-06-30": "-278.64600", "2016-03-31": "-307.54200", "2015-12-31": "-412.65000", "2015-09-30": "-319.20300", "2015-06-30": "-227.22700", "2015-03-31": "-324.40200", "2014-12-31": "-242.64200", "2014-09-30": "-58.47900", "2014-06-30": "-23.01100", "2014-03-31": "-31.66200", "2013-12-31": "-16.69000", "2013-09-30": "-33.09800", "2013-06-30": "-47.40700", "2013-03-31": "-38.54400", "2012-12-31": "-17.61900", "2012-09-30": "", "2012-06-30": "", "2012-03-31": "", "2011-12-31": "-19.79400", "2011-09-30": "", "2011-06-30": "", "2011-03-31": "", "2010-12-31": ""}, "Other Share Holders Equity": {"2020-09-30": "", "2020-06-30": "", "2020-03-31": "", "2019-12-31": "", "2019-09-30": "", "2019-06-30": "", "2019-03-31": "", "2018-12-31": "", "2018-09-30": "", "2018-06-30": "", "2018-03-31": "", "2017-12-31": "", "2017-09-30": "", "2017-06-30": "", "2017-03-31": "", "2016-12-31": "", "2016-09-30": "", "2016-06-30": "", "2016-03-31": "", "2015-12-31": "", "2015-09-30": "", "2015-06-30": "", "2015-03-31": "", "2014-12-31": "", "2014-09-30": "", "2014-06-30": "", "2014-03-31": "", "2013-12-31": "", "2013-09-30": "", "2013-06-30": "", "2013-03-31": "", "2012-12-31": "", "2012-09-30": "-23.69000", "2012-06-30": "-61.95000", "2012-03-31": "-1.11000", "2011-12-31": "-19.79000", "2011-09-30": "-12.02000", "2011-06-30": "22.63000", "2011-03-31": "21.76000", "2010-12-31": "0.00000"}, "Share Holder Equity": {"2020-09-30": "4087.76600", "2020-06-30": "4337.02500", "2020-03-31": "4374.65400", "2019-12-31": "6515.57900", "2019-09-30": "6273.42400", "2019-06-30": "6150.34300", "2019-03-31": "5905.30200", "2018-12-31": "5963.00100", "2018-09-30": "6198.09000", "2018-06-30": "5686.79300", "2018-03-31": "5639.07300", "2017-12-31": "5749.76600", "2017-09-30": "5537.60400", "2017-06-30": "4991.74900", "2017-03-31": "4625.28200", "2016-12-31": "4537.72600", "2016-09-30": "4536.72700", "2016-06-30": "4118.36100", "2016-03-31": "3927.61100", "2015-12-31": "3780.88000", "2015-09-30": "3918.89400", "2015-06-30": "3740.45500", "2015-03-31": "3479.39200", "2014-12-31": "3518.81300", "2014-09-30": "2883.98400", "2014-06-30": "2714.78100", "2014-03-31": "2669.96500", "2013-12-31": "2631.26600", "2013-09-30": "2574.88800", "2013-06-30": "2384.29300", "2013-03-31": "2401.58800", "2012-12-31": "2018.78400", "2012-09-30": "2011.51000", "2012-06-30": "1845.05000", "2012-03-31": "1869.69000", "2011-12-31": "1844.46000", "2011-09-30": "1844.96000", "2011-06-30": "1769.12000", "2011-03-31": "1738.76000", "2010-12-31": "0.00000"}, "Total Liabilities And Share Holders Equity": {"2020-09-30": "17402.04000", "2020-06-30": "17528.06000", "2020-03-31": "16462.51000", "2019-12-31": "16684.60000", "2019-09-30": "15938.90000", "2019-06-30": "15965.98000", "2019-03-31": "15761.09000", "2018-12-31": "15205.97000", "2018-09-30": "15316.12000", "2018-06-30": "15329.65000", "2018-03-31": "14484.99000", "2017-12-31": "14094.87000", "2017-09-30": "14265.12000", "2017-06-30": "13946.18000", "2017-03-31": "13076.25000", "2016-12-31": "12973.91000", "2016-09-30": "12943.34000", "2016-06-30": "12957.75000", "2016-03-31": "12405.74000", "2015-12-31": "12264.76000", "2015-09-30": "11747.17000", "2015-06-30": "11687.39000", "2015-03-31": "11592.74000", "2014-12-31": "11469.00000", "2014-09-30": "7374.04900", "2014-06-30": "7314.80300", "2014-03-31": "7318.89900", "2013-12-31": "6650.97800", "2013-09-30": "6605.54900", "2013-06-30": "6588.63300", "2013-03-31": "5991.73000", "2012-12-31": "5938.42700", "2012-09-30": "5892.64000", "2012-06-30": "5846.17000", "2012-03-31": "5580.94000", "2011-12-31": "5562.41000", "2011-09-30": "5539.39000", "2011-06-30": "5606.10000", "2011-03-31": "5563.97000", "2010-12-31": "0.00000"}}, "cash flow statement": {"Net Income/Loss": {"2019-12-31": "930.22800", "2018-12-31": "954.84300", "2017-12-31": "759.87200", "2016-12-31": "633.08500", "2015-12-31": "427.13700", "2014-12-31": "342.60100", "2013-12-31": "102.88600", "2012-12-31": "168.55600", "2011-12-31": "126.85900", "2010-12-31": "22.98600"}, "Total Depreciation And Amortization - Cash Flow": {"2019-12-31": "647.10200", "2018-12-31": "566.97200", "2017-12-31": "521.48400", "2016-12-31": "445.63500", "2015-12-31": "450.33500", "2014-12-31": "304.87700", "2013-12-31": "245.11100", "2012-12-31": "216.13700", "2011-12-31": "211.04900", "2010-12-31": "191.91300"}, "Other Non-Cash Items": {"2019-12-31": "80.11600", "2018-12-31": "123.87000", "2017-12-31": "120.83400", "2016-12-31": "106.09100", "2015-12-31": "35.70200", "2014-12-31": "43.70600", "2013-12-31": "61.41500", "2012-12-31": "15.46300", "2011-12-31": "-1.12700", "2010-12-31": "9.53300"}, "Total Non-Cash Items": {"2019-12-31": "727.21800", "2018-12-31": "690.84200", "2017-12-31": "642.31810", "2016-12-31": "551.72600", "2015-12-31": "486.03700", "2014-12-31": "348.58300", "2013-12-31": "306.52600", "2012-12-31": "231.60000", "2011-12-31": "209.92200", "2010-12-31": "201.44600"}, "Change In Accounts Receivable": {"2019-12-31": "-14.10400", "2018-12-31": "-15.88600", "2017-12-31": "15.05000", "2016-12-31": "-20.98300", "2015-12-31": "-14.80300", "2014-12-31": "-7.25600", "2013-12-31": "-3.19800", "2012-12-31": "-4.59200", "2011-12-31": "-0.28000", "2010-12-31": "-0.01100"}, "Change In Inventories": {"2019-12-31": "-6.15500", "2018-12-31": "-9.05200", "2017-12-31": "-17.12900", "2016-12-31": "-9.18400", "2015-12-31": "-4.40800", "2014-12-31": "-0.26100", "2013-12-31": "-4.03400", "2012-12-31": "-3.44700", "2011-12-31": "-3.47100", "2010-12-31": "-3.89800"}, "Change In Accounts Payable": {"2019-12-31": "-58.63500", "2018-12-31": "106.38700", "2017-12-31": "14.04700", "2016-12-31": "-5.75500", "2015-12-31": "-52.72300", "2014-12-31": "0.96000", "2013-12-31": "7.66200", "2012-12-31": "-1.22800", "2011-12-31": "15.92800", "2010-12-31": "36.02300"}, "Change In Assets/Liabilities": {"2019-12-31": "273.08100", "2018-12-31": "233.08400", "2017-12-31": "131.29800", "2016-12-31": "121.60800", "2015-12-31": "207.93500", "2014-12-31": "-30.32000", "2013-12-31": "39.51400", "2012-12-31": "10.81200", "2011-12-31": "23.90800", "2010-12-31": "167.74100"}, "Total Change In Assets/Liabilities": {"2019-12-31": "165.15900", "2018-12-31": "429.48600", "2017-12-31": "199.05700", "2016-12-31": "79.27600", "2015-12-31": "130.65100", "2014-12-31": "-55.58300", "2013-12-31": "65.86900", "2012-12-31": "-1.56200", "2011-12-31": "20.20900", "2010-12-31": "205.99100"}, "Cash Flow From Operating Activities": {"2019-12-31": "1822.60500", "2018-12-31": "2075.17100", "2017-12-31": "1601.24700", "2016-12-31": "1264.08700", "2015-12-31": "1042.17800", "2014-12-31": "635.60100", "2013-12-31": "475.28100", "2012-12-31": "398.59400", "2011-12-31": "356.99000", "2010-12-31": "430.42300"}, "Net Change In Property, Plant, And Equipment": {"2019-12-31": "-1637.17000", "2018-12-31": "-1566.79600", "2017-12-31": "-1372.21400", "2016-12-31": "-1092.09100", "2015-12-31": "-1121.98400", "2014-12-31": "-964.64000", "2013-12-31": "-877.28200", "2012-12-31": "-303.84000", "2011-12-31": "-184.79700", "2010-12-31": "-977.46600"}, "Net Change In Intangible Assets": {"2019-12-31": "", "2018-12-31": "", "2017-12-31": "", "2016-12-31": "", "2015-12-31": "-0.75000", "2014-12-31": "", "2013-12-31": "", "2012-12-31": "", "2011-12-31": "", "2010-12-31": ""}, "Net Acquisitions/Divestitures": {"2019-12-31": "", "2018-12-31": "", "2017-12-31": "", "2016-12-31": "", "2015-12-31": "", "2014-12-31": "-826.68600", "2013-12-31": "", "2012-12-31": "", "2011-12-31": "", "2010-12-31": ""}, "Net Change In Short-term Investments": {"2019-12-31": "", "2018-12-31": "", "2017-12-31": "", "2016-12-31": "", "2015-12-31": "", "2014-12-31": "", "2013-12-31": "", "2012-12-31": "", "2011-12-31": "", "2010-12-31": ""}, "Net Change In Long-Term Investments": {"2019-12-31": "-47.08500", "2018-12-31": "-1.71900", "2017-12-31": "-35.69400", "2016-12-31": "-36.95400", "2015-12-31": "-86.35100", "2014-12-31": "-5.33400", "2013-12-31": "-17.56900", "2012-12-31": "", "2011-12-31": "", "2010-12-31": ""}, "Net Change In Investments - Total": {"2019-12-31": "-47.08500", "2018-12-31": "-1.71900", "2017-12-31": "-35.69400", "2016-12-31": "-36.95400", "2015-12-31": "-86.35100", "2014-12-31": "-5.33400", "2013-12-31": "-17.56900", "2012-12-31": "", "2011-12-31": "", "2010-12-31": ""}, "Investing Activities - Other": {"2019-12-31": "4.06300", "2018-12-31": "65.80700", "2017-12-31": "3.01000", "2016-12-31": "0.13100", "2015-12-31": "2.83200", "2014-12-31": "", "2013-12-31": "", "2012-12-31": "", "2011-12-31": "", "2010-12-31": ""}, "Cash Flow From Investing Activities": {"2019-12-31": "-1680.19200", "2018-12-31": "-1502.70800", "2017-12-31": "-1404.89800", "2016-12-31": "-1128.91400", "2015-12-31": "-1206.25300", "2014-12-31": "-1796.66000", "2013-12-31": "-894.85100", "2012-12-31": "-303.84000", "2011-12-31": "-184.79700", "2010-12-31": "-977.46600"}, "Net Long-Term Debt": {"2019-12-31": "315.56490", "2018-12-31": "188.62100", "2017-12-31": "-100.49500", "2016-12-31": "-8.62300", "2015-12-31": "249.45400", "2014-12-31": "1381.95800", "2013-12-31": "12.00390", "2012-12-31": "-58.80400", "2011-12-31": "-166.58400", "2010-12-31": "645.87900"}, "Net Current Debt": {"2019-12-31": "", "2018-12-31": "", "2017-12-31": "", "2016-12-31": "", "2015-12-31": "", "2014-12-31": "", "2013-12-31": "", "2012-12-31": "", "2011-12-31": "", "2010-12-31": ""}, "Debt Issuance/Retirement Net - Total": {"2019-12-31": "315.56490", "2018-12-31": "188.62100", "2017-12-31": "-100.49500", "2016-12-31": "-8.62300", "2015-12-31": "249.45400", "2014-12-31": "1381.95800", "2013-12-31": "12.00390", "2012-12-31": "-58.80400", "2011-12-31": "-166.58400", "2010-12-31": "645.87900"}, "Net Common Equity Issued/Repurchased": {"2019-12-31": "-317.92300", "2018-12-31": "-635.99190", "2017-12-31": "30.03200", "2016-12-31": "-40.83000", "2015-12-31": "-37.27100", "2014-12-31": "-76.14300", "2013-12-31": "475.93400", "2012-12-31": "", "2011-12-31": "", "2010-12-31": ""}, "Net Total Equity Issued/Repurchased": {"2019-12-31": "-317.92300", "2018-12-31": "-635.99190", "2017-12-31": "30.03200", "2016-12-31": "-40.83000", "2015-12-31": "-37.27100", "2014-12-31": "-76.14300", "2013-12-31": "475.93400", "2012-12-31": "", "2011-12-31": "", "2010-12-31": ""}, "Total Common And Preferred Stock Dividends Paid": {"2019-12-31": "", "2018-12-31": "", "2017-12-31": "", "2016-12-31": "", "2015-12-31": "", "2014-12-31": "", "2013-12-31": "", "2012-12-31": "", "2011-12-31": "", "2010-12-31": ""}, "Financial Activities - Other": {"2019-12-31": "-51.03000", "2018-12-31": "-137.43100", "2017-12-31": "-78.04300", "2016-12-31": "-73.31000", "2015-12-31": "-16.99500", "2014-12-31": "-116.39900", "2013-12-31": "-57.40100", "2012-12-31": "-49.37600", "2011-12-31": "-1.73000", "2010-12-31": "-93.94100"}, "Cash Flow From Financial Activities": {"2019-12-31": "-53.38800", "2018-12-31": "-584.80200", "2017-12-31": "-148.50600", "2016-12-31": "-122.76300", "2015-12-31": "195.18800", "2014-12-31": "1189.41600", "2013-12-31": "430.53700", "2012-12-31": "-108.18000", "2011-12-31": "-168.31400", "2010-12-31": "551.93800"}, "Net Cash Flow": {"2019-12-31": "89.02500", "2018-12-31": "-12.33900", "2017-12-31": "47.84300", "2016-12-31": "12.41000", "2015-12-31": "31.11300", "2014-12-31": "28.35700", "2013-12-31": "10.96700", "2012-12-31": "-13.42600", "2011-12-31": "3.87900", "2010-12-31": "4.89500"}, "Stock-Based Compensation": {"2019-12-31": "95.05500", "2018-12-31": "115.98300", "2017-12-31": "87.03900", "2016-12-31": "66.41400", "2015-12-31": "42.20900", "2014-12-31": "14.61700", "2013-12-31": "23.07500", "2012-12-31": "5.16000", "2011-12-31": "1.21100", "2010-12-31": "2.52000"}, "Common Stock Dividends Paid": {"2019-12-31": "", "2018-12-31": "", "2017-12-31": "", "2016-12-31": "", "2015-12-31": "", "2014-12-31": "", "2013-12-31": "", "2012-12-31": "", "2011-12-31": "", "2010-12-31": ""}}, "cash flow statement, quarterly": {"Net Income/Loss": {"2020-09-30": -677.366, "2020-06-30": -715.243, "2020-03-31": "-1880.97200", "2019-12-31": 121.297, "2019-09-30": 450.584, "2019-06-30": 240.19, "2019-03-31": "118.15700", "2018-12-31": 154.634, "2018-09-30": 470.378, "2018-06-30": 226.676, "2018-03-31": "103.15500", "2017-12-31": 98.797, "2017-09-30": 400.692, "2017-06-30": 198.473, "2017-03-31": "61.91000", "2016-12-31": 72.232, "2016-09-30": 342.378, "2016-06-30": 145.246, "2016-03-31": "73.22900", "2015-12-31": 38.312, "2015-09-30": 251.787, "2015-06-30": 158.494, "2015-03-31": "-21.45600", "2014-12-31": -25.648, "2014-09-30": 203.278, "2014-06-30": 113.279, "2014-03-31": "51.69200", "2013-12-31": 36.407, "2013-09-30": 172.894, "2013-06-30": -8.915, "2013-03-31": "-97.50000", "2012-12-31": 1.047, "2012-09-30": 128.188, "2012-06-30": 36.031, "2012-03-31": "3.28400", "2011-12-31": -1.89, "2011-09-30": 110.19, "2011-06-30": 29.17, "2011-03-31": "-10.62000", "2010-12-31": 22.98}, "Total Depreciation And Amortization - Cash Flow": {"2020-09-30": 185.833, "2020-06-30": -1423.617, "2020-03-31": "1802.99200", "2019-12-31": 164.605, "2019-09-30": 156.026, "2019-06-30": 156.757, "2019-03-31": "169.71400", "2018-12-31": 146.818, "2018-09-30": 145.312, "2018-06-30": 140.296, "2018-03-31": "134.54600", "2017-12-31": 135.527, "2017-09-30": 137.339, "2017-06-30": 127.025, "2017-03-31": "121.59300", "2016-12-31": 118.269, "2016-09-30": 115.098, "2016-06-30": 107.582, "2016-03-31": "104.68600", "2015-12-31": 122.474, "2015-09-30": 113.144, "2015-06-30": 110.184, "2015-03-31": "104.53300", "2014-12-31": 91.571, "2014-09-30": 72.078, "2014-06-30": 71.52, "2014-03-31": "69.70800", "2013-12-31": 64.968, "2013-09-30": 64.197, "2013-06-30": 60.466, "2013-03-31": "55.48000", "2012-12-31": 55.349, "2012-09-30": 55.039, "2012-06-30": 53.272, "2012-03-31": "52.47000", "2011-12-31": 51.52, "2011-09-30": 55.72, "2011-06-30": 52.05, "2011-03-31": "51.75000", "2010-12-31": 191.91}, "Other Non-Cash Items": {"2020-09-30": 41.418, "2020-06-30": 1623.667, "2020-03-31": "47.24300", "2019-12-31": 24.063, "2019-09-30": 27.677, "2019-06-30": 31.438, "2019-03-31": "-3.06200", "2018-12-31": 25.803, "2018-09-30": 31.393, "2018-06-30": 36.507, "2018-03-31": "30.16700", "2017-12-31": 39.614, "2017-09-30": 32.925, "2017-06-30": 28.177, "2017-03-31": "20.11800", "2016-12-31": 42.784, "2016-09-30": 16.062, "2016-06-30": 43.215, "2016-03-31": "4.03000", "2015-12-31": 28.299, "2015-09-30": 8.543, "2015-06-30": -33.327, "2015-03-31": "32.18700", "2014-12-31": 37.264, "2014-09-30": -1.361, "2014-06-30": 5.016, "2014-03-31": "2.78700", "2013-12-31": -7.056, "2013-09-30": 10.06, "2013-06-30": 23.461, "2013-03-31": "34.95000", "2012-12-31": 8.677, "2012-09-30": -1.473, "2012-06-30": 5.86, "2012-03-31": "2.39900", "2011-12-31": -1.127, "2011-09-30": 0, "2011-06-30": 0, "2011-03-31": "", "2010-12-31": 0}, "Total Non-Cash Items": {"2020-09-30": 227.251, "2020-06-30": 200.05, "2020-03-31": "1850.23500", "2019-12-31": 188.668, "2019-09-30": 183.703, "2019-06-30": 188.195, "2019-03-31": "166.65200", "2018-12-31": 172.6211, "2018-09-30": 176.7049, "2018-06-30": 176.803, "2018-03-31": "164.71300", "2017-12-31": 175.1411, "2017-09-30": 170.264, "2017-06-30": 155.202, "2017-03-31": "141.71100", "2016-12-31": 161.053, "2016-09-30": 131.16, "2016-06-30": 150.797, "2016-03-31": "108.71600", "2015-12-31": 150.773, "2015-09-30": 121.687, "2015-06-30": 76.857, "2015-03-31": "136.72000", "2014-12-31": 128.835, "2014-09-30": 70.717, "2014-06-30": 76.536, "2014-03-31": "72.49500", "2013-12-31": 57.912, "2013-09-30": 74.257, "2013-06-30": 83.927, "2013-03-31": "90.43000", "2012-12-31": 48.563, "2012-09-30": 53.566, "2012-06-30": 59.132, "2012-03-31": "54.86900", "2011-12-31": 51.52, "2011-09-30": 55.72, "2011-06-30": 52.05, "2011-03-31": "51.75000", "2010-12-31": 191.91}, "Change In Accounts Receivable": {"2020-09-30": -9.995, "2020-06-30": 21.001, "2020-03-31": "-23.10900", "2019-12-31": -1.363, "2019-09-30": 2.38, "2019-06-30": -12.942, "2019-03-31": "-2.17900", "2018-12-31": -10.237, "2018-09-30": -3.562, "2018-06-30": -3.705, "2018-03-31": "1.61800", "2017-12-31": 14.479, "2017-09-30": -11.73, "2017-06-30": -2.642, "2017-03-31": "14.94300", "2016-12-31": -9.697, "2016-09-30": 5.049, "2016-06-30": -15.293, "2016-03-31": "-1.04200", "2015-12-31": -5.24, "2015-09-30": -5.194, "2015-06-30": -5.843, "2015-03-31": "1.47400", "2014-12-31": 0.42, "2014-09-30": 1.209, "2014-06-30": -9.145, "2014-03-31": "0.26000", "2013-12-31": -0.543, "2013-09-30": -1.347, "2013-06-30": -2.983, "2013-03-31": "1.67500", "2012-12-31": 0.057, "2012-09-30": -3.368, "2012-06-30": -1.453, "2012-03-31": "0.17200", "2011-12-31": -0.28, "2011-09-30": 0, "2011-06-30": 0, "2011-03-31": "", "2010-12-31": 0}, "Change In Inventories": {"2020-09-30": 0.761, "2020-06-30": 2.738, "2020-03-31": "9.25800", "2019-12-31": -1.474, "2019-09-30": -3.339, "2019-06-30": -0.846, "2019-03-31": "-0.49600", "2018-12-31": 5.185, "2018-09-30": -2.815, "2018-06-30": -12.785, "2018-03-31": "1.36300", "2017-12-31": -3.206, "2017-09-30": -3.109, "2017-06-30": -5.63, "2017-03-31": "-5.18400", "2016-12-31": -0.051, "2016-09-30": 0.541, "2016-06-30": -5.314, "2016-03-31": "-4.36000", "2015-12-31": -6.017, "2015-09-30": 4.855, "2015-06-30": -3.166, "2015-03-31": "-0.08000", "2014-12-31": 7.287, "2014-09-30": 1.303, "2014-06-30": -4.46, "2014-03-31": "-4.39100", "2013-12-31": 2.186, "2013-09-30": -0.472, "2013-06-30": -3.138, "2013-03-31": "-2.61000", "2012-12-31": 3.494, "2012-09-30": -5.389, "2012-06-30": 1.888, "2012-03-31": "-3.44000", "2011-12-31": -3.471, "2011-09-30": 0, "2011-06-30": 0, "2011-03-31": "", "2010-12-31": 0}, "Change In Accounts Payable": {"2020-09-30": -357.983, "2020-06-30": 111.304, "2020-03-31": "258.21500", "2019-12-31": 27.89, "2019-09-30": -4.835, "2019-06-30": 8.224, "2019-03-31": "-89.91400", "2018-12-31": 103.384, "2018-09-30": -0.642, "2018-06-30": -9.518, "2018-03-31": "13.16300", "2017-12-31": 10.091, "2017-09-30": -6.173, "2017-06-30": -17.294, "2017-03-31": "27.42300", "2016-12-31": -8.306, "2016-09-30": 13.416, "2016-06-30": -13.615, "2016-03-31": "2.75000", "2015-12-31": 5.114, "2015-09-30": -10.799, "2015-06-30": -29.583, "2015-03-31": "-17.45500", "2014-12-31": -12.136, "2014-09-30": -2.871, "2014-06-30": 23.165, "2014-03-31": "-7.19800", "2013-12-31": -11.771, "2013-09-30": 1.459, "2013-06-30": 29.401, "2013-03-31": "-11.42700", "2012-12-31": 12.165, "2012-09-30": -1.65, "2012-06-30": -3.691, "2012-03-31": "-8.05200", "2011-12-31": 15.928, "2011-09-30": 0, "2011-06-30": 0, "2011-03-31": "", "2010-12-31": 0}, "Change In Assets/Liabilities": {"2020-09-30": 204.665, "2020-06-30": -816.534, "2020-03-31": "-142.77600", "2019-12-31": 42.069, "2019-09-30": -269.638, "2019-06-30": 121.119, "2019-03-31": "379.53100", "2018-12-31": -48.516, "2018-09-30": -255.756, "2018-06-30": 207.427, "2018-03-31": "329.92900", "2017-12-31": -41.059, "2017-09-30": -206.844, "2017-06-30": 165.739, "2017-03-31": "213.46200", "2016-12-31": -42.642, "2016-09-30": -168.472, "2016-06-30": 189.491, "2016-03-31": "143.23100", "2015-12-31": -100.157, "2015-09-30": -94.578, "2015-06-30": 151.602, "2015-03-31": "251.06800", "2014-12-31": -111.646, "2014-09-30": -104.644, "2014-06-30": 74.126, "2014-03-31": "111.84400", "2013-12-31": -38.658, "2013-09-30": -110.657, "2013-06-30": 78.995, "2013-03-31": "109.83400", "2012-12-31": -28.312, "2012-09-30": -67.667, "2012-06-30": 27.346, "2012-03-31": "79.44500", "2011-12-31": 23.908, "2011-09-30": 0, "2011-06-30": 0, "2011-03-31": "", "2010-12-31": 0}, "Total Change In Assets/Liabilities": {"2020-09-30": -140.1311, "2020-06-30": -760.486, "2020-03-31": "-21.96400", "2019-12-31": 65.598, "2019-09-30": -228.466, "2019-06-30": 85.366, "2019-03-31": "242.66100", "2018-12-31": 27.815, "2018-09-30": -180.783, "2018-06-30": 239.561, "2018-03-31": "342.89300", "2017-12-31": -32.329, "2017-09-30": -131.049, "2017-06-30": 131.112, "2017-03-31": "231.32300", "2016-12-31": -57.957, "2016-09-30": -132.817, "2016-06-30": 121.899, "2016-03-31": "148.15100", "2015-12-31": -118.646, "2015-09-30": -111.783, "2015-06-30": 161.554, "2015-03-31": "199.52600", "2014-12-31": -168.31, "2014-09-30": -92.379, "2014-06-30": 101.159, "2014-03-31": "103.94700", "2013-12-31": -17.381, "2013-09-30": -101.588, "2013-06-30": 95.673, "2013-03-31": "89.16500", "2012-12-31": -43.013, "2012-09-30": -61.019, "2012-06-30": 2.191, "2012-03-31": "100.28100", "2011-12-31": -15.73, "2011-09-30": -79.35, "2011-06-30": 17.21, "2011-03-31": "98.07000", "2010-12-31": 205.99}, "Cash Flow From Operating Activities": {"2020-09-30": -590.246, "2020-06-30": -1275.679, "2020-03-31": "-52.70100", "2019-12-31": 375.563, "2019-09-30": 405.821, "2019-06-30": 513.751, "2019-03-31": "527.47000", "2018-12-31": 355.07, "2018-09-30": 466.3, "2018-06-30": 643.04, "2018-03-31": "610.76100", "2017-12-31": 241.609, "2017-09-30": 439.907, "2017-06-30": 484.787, "2017-03-31": "434.94400", "2016-12-31": 175.328, "2016-09-30": 340.721, "2016-06-30": 417.942, "2016-03-31": "330.09600", "2015-12-31": 68.792, "2015-09-30": 261.691, "2015-06-30": 396.905, "2015-03-31": "314.79000", "2014-12-31": -65.123, "2014-09-30": 181.616, "2014-06-30": 290.974, "2014-03-31": "228.13400", "2013-12-31": 76.938, "2013-09-30": 145.563, "2013-06-30": 170.685, "2013-03-31": "82.09500", "2012-12-31": 22.067, "2012-09-30": 120.735, "2012-06-30": 97.354, "2012-03-31": "158.43400", "2011-12-31": 33.45, "2011-09-30": 89.33, "2011-06-30": 97.95, "2011-03-31": "136.26000", "2010-12-31": 430.42}, "Net Change In Property, Plant, And Equipment": {"2020-09-30": -147.665, "2020-06-30": -115.322, "2020-03-31": "-610.15500", "2019-12-31": -1021.185, "2019-09-30": -202.097, "2019-06-30": -199.329, "2019-03-31": "-214.55900", "2018-12-31": -205.118, "2018-09-30": -110.244, "2018-06-30": -1107.56, "2018-03-31": "-143.87400", "2017-12-31": -242.7, "2017-09-30": -64.249, "2017-06-30": -947.488, "2017-03-31": "-117.77700", "2016-12-31": -176.155, "2016-09-30": -151.037, "2016-06-30": -632.872, "2016-03-31": "-132.02700", "2015-12-31": -791.176, "2015-09-30": -125.752, "2015-06-30": -131.925, "2015-03-31": "-73.13100", "2014-12-31": -99.803, "2014-09-30": -77.271, "2014-06-30": -41.256, "2014-03-31": "-746.31000", "2013-12-31": -41.517, "2013-09-30": -76.745, "2013-06-30": -673.868, "2013-03-31": "-85.15200", "2012-12-31": -73.985, "2012-09-30": -54.882, "2012-06-30": -150.64, "2012-03-31": "-24.33300", "2011-12-31": -67.47, "2011-09-30": -19.97, "2011-06-30": -77.45, "2011-03-31": "-19.90000", "2010-12-31": -977.46}, "Net Change In Intangible Assets": {"2020-09-30": 0, "2020-06-30": 0, "2020-03-31": "", "2019-12-31": 0, "2019-09-30": 0, "2019-06-30": 0, "2019-03-31": "", "2018-12-31": 0, "2018-09-30": 0, "2018-06-30": 0, "2018-03-31": "", "2017-12-31": 0, "2017-09-30": 0, "2017-06-30": 0, "2017-03-31": "", "2016-12-31": 0, "2016-09-30": 0, "2016-06-30": 0, "2016-03-31": "", "2015-12-31": 0, "2015-09-30": -0.75, "2015-06-30": 0, "2015-03-31": "", "2014-12-31": 0, "2014-09-30": 0, "2014-06-30": 0, "2014-03-31": "", "2013-12-31": 0, "2013-09-30": 0, "2013-06-30": 0, "2013-03-31": "", "2012-12-31": 0, "2012-09-30": 0, "2012-06-30": 0, "2012-03-31": "", "2011-12-31": 0, "2011-09-30": 0, "2011-06-30": 0, "2011-03-31": "", "2010-12-31": 0}, "Net Acquisitions/Divestitures": {"2020-09-30": 0, "2020-06-30": 0, "2020-03-31": "", "2019-12-31": 0, "2019-09-30": 0, "2019-06-30": 0, "2019-03-31": "", "2018-12-31": 0, "2018-09-30": 0, "2018-06-30": 0, "2018-03-31": "", "2017-12-31": 0, "2017-09-30": 0, "2017-06-30": 0, "2017-03-31": "", "2016-12-31": 0, "2016-09-30": 0, "2016-06-30": 0, "2016-03-31": "", "2015-12-31": 0, "2015-09-30": 0, "2015-06-30": 0, "2015-03-31": "", "2014-12-31": -826.686, "2014-09-30": 0, "2014-06-30": 0, "2014-03-31": "", "2013-12-31": 0, "2013-09-30": 0, "2013-06-30": 0, "2013-03-31": "", "2012-12-31": 0, "2012-09-30": 0, "2012-06-30": 0, "2012-03-31": "", "2011-12-31": 0, "2011-09-30": 0, "2011-06-30": 0, "2011-03-31": "0.00000", "2010-12-31": 0}, "Net Change In Short-term Investments": {"2020-09-30": 0, "2020-06-30": 0, "2020-03-31": "", "2019-12-31": 0, "2019-09-30": 0, "2019-06-30": 0, "2019-03-31": "", "2018-12-31": 0, "2018-09-30": 0, "2018-06-30": 0, "2018-03-31": "", "2017-12-31": 0, "2017-09-30": 0, "2017-06-30": 0, "2017-03-31": "", "2016-12-31": 0, "2016-09-30": 0, "2016-06-30": 0, "2016-03-31": "", "2015-12-31": 0, "2015-09-30": 0, "2015-06-30": 0, "2015-03-31": "", "2014-12-31": 0, "2014-09-30": 0, "2014-06-30": 0, "2014-03-31": "", "2013-12-31": 0, "2013-09-30": 0, "2013-06-30": 0, "2013-03-31": "", "2012-12-31": 0, "2012-09-30": 0, "2012-06-30": 0, "2012-03-31": "", "2011-12-31": 0, "2011-09-30": 0, "2011-06-30": 0, "2011-03-31": "", "2010-12-31": 0}, "Net Change In Long-Term Investments": {"2020-09-30": -31.52, "2020-06-30": 28.606, "2020-03-31": "-28.60600", "2019-12-31": -46.529, "2019-09-30": -0.845, "2019-06-30": 0.289, "2019-03-31": "", "2018-12-31": -1.719, "2018-09-30": 0, "2018-06-30": 0, "2018-03-31": "", "2017-12-31": -0.439, "2017-09-30": 0, "2017-06-30": -35.255, "2017-03-31": "", "2016-12-31": -2.654, "2016-09-30": -0.171, "2016-06-30": -32.962, "2016-03-31": "-1.16700", "2015-12-31": -87.441, "2015-09-30": 1.09, "2015-06-30": 0, "2015-03-31": "", "2014-12-31": -5.334, "2014-09-30": 0, "2014-06-30": 0, "2014-03-31": "", "2013-12-31": -17.569, "2013-09-30": 0, "2013-06-30": 0, "2013-03-31": "", "2012-12-31": 0, "2012-09-30": 0, "2012-06-30": 0, "2012-03-31": "", "2011-12-31": 0, "2011-09-30": 0, "2011-06-30": 0, "2011-03-31": "", "2010-12-31": 0}, "Net Change In Investments - Total": {"2020-09-30": -31.52, "2020-06-30": 28.606, "2020-03-31": "-28.60600", "2019-12-31": -46.529, "2019-09-30": -0.845, "2019-06-30": 0.289, "2019-03-31": "", "2018-12-31": -1.719, "2018-09-30": 0, "2018-06-30": 0, "2018-03-31": "", "2017-12-31": -0.439, "2017-09-30": 0, "2017-06-30": -35.255, "2017-03-31": "", "2016-12-31": -2.654, "2016-09-30": -0.171, "2016-06-30": -32.962, "2016-03-31": "-1.16700", "2015-12-31": -87.441, "2015-09-30": 1.09, "2015-06-30": 0, "2015-03-31": "", "2014-12-31": -5.334, "2014-09-30": 0, "2014-06-30": 0, "2014-03-31": "", "2013-12-31": -17.569, "2013-09-30": 0, "2013-06-30": 0, "2013-03-31": "", "2012-12-31": 0, "2012-09-30": 0, "2012-06-30": 0, "2012-03-31": "", "2011-12-31": 0, "2011-09-30": 0, "2011-06-30": 0, "2011-03-31": "0.00000", "2010-12-31": 0}, "Investing Activities - Other": {"2020-09-30": 29.134, "2020-06-30": -26.955, "2020-03-31": "0.86800", "2019-12-31": -1.265, "2019-09-30": 1.281, "2019-06-30": 3.499, "2019-03-31": "0.54800", "2018-12-31": 0.256, "2018-09-30": 0.254, "2018-06-30": 65.048, "2018-03-31": "0.24900", "2017-12-31": 3.01, "2017-09-30": 0, "2017-06-30": 0, "2017-03-31": "", "2016-12-31": 0.131, "2016-09-30": 0, "2016-06-30": 0, "2016-03-31": "", "2015-12-31": 2.832, "2015-09-30": 0, "2015-06-30": 0, "2015-03-31": "", "2014-12-31": 0, "2014-09-30": 0, "2014-06-30": 0, "2014-03-31": "", "2013-12-31": 0, "2013-09-30": 0, "2013-06-30": 0, "2013-03-31": "", "2012-12-31": 0, "2012-09-30": 0, "2012-06-30": 0, "2012-03-31": "", "2011-12-31": 0, "2011-09-30": 0, "2011-06-30": 0, "2011-03-31": "", "2010-12-31": 0}, "Cash Flow From Investing Activities": {"2020-09-30": -150.051, "2020-06-30": -113.671, "2020-03-31": "-637.89300", "2019-12-31": -1068.979, "2019-09-30": -201.661, "2019-06-30": -195.541, "2019-03-31": "-214.01100", "2018-12-31": -206.581, "2018-09-30": -109.99, "2018-06-30": -1042.512, "2018-03-31": "-143.62500", "2017-12-31": -240.129, "2017-09-30": -64.249, "2017-06-30": -982.743, "2017-03-31": "-117.77700", "2016-12-31": -178.678, "2016-09-30": -151.208, "2016-06-30": -665.834, "2016-03-31": "-133.19400", "2015-12-31": -875.785, "2015-09-30": -125.412, "2015-06-30": -131.925, "2015-03-31": "-73.13100", "2014-12-31": -931.823, "2014-09-30": -77.271, "2014-06-30": -41.256, "2014-03-31": "-746.31000", "2013-12-31": -59.086, "2013-09-30": -76.745, "2013-06-30": -673.868, "2013-03-31": "-85.15200", "2012-12-31": -73.985, "2012-09-30": -54.882, "2012-06-30": -150.64, "2012-03-31": "-24.33300", "2011-12-31": -67.47, "2011-09-30": -19.97, "2011-06-30": -77.45, "2011-03-31": "-19.90000", "2010-12-31": -977.46}, "Net Long-Term Debt": {"2020-09-30": 581.498, "2020-06-30": 1928.452, "2020-03-31": "1826.34000", "2019-12-31": 545.9189, "2019-09-30": -73.739, "2019-06-30": -203.0259, "2019-03-31": "46.41090", "2018-12-31": -69.232, "2018-09-30": -280.6021, "2018-06-30": 500.4031, "2018-03-31": "38.05200", "2017-12-31": -310.9351, "2017-09-30": -85.291, "2017-06-30": 524.9681, "2017-03-31": "-229.23700", "2016-12-31": 10.1651, "2016-09-30": -177.9551, "2016-06-30": 263.415, "2016-03-31": "-104.24800", "2015-12-31": 800.901, "2015-09-30": -81.582, "2015-06-30": -216.674, "2015-03-31": "-253.19100", "2014-12-31": 1065.14, "2014-09-30": -38.969, "2014-06-30": -170.539, "2014-03-31": "526.32600", "2013-12-31": -19.3142, "2013-09-30": -78.2439, "2013-06-30": 537.697, "2013-03-31": "-428.13500", "2012-12-31": 74.461, "2012-09-30": -62.318, "2012-06-30": 55.824, "2012-03-31": "-126.77100", "2011-12-31": -166.584, "2011-09-30": 0, "2011-06-30": 0, "2011-03-31": "", "2010-12-31": 0}, "Net Current Debt": {"2020-09-30": 0, "2020-06-30": 0, "2020-03-31": "", "2019-12-31": 0, "2019-09-30": 0, "2019-06-30": 0, "2019-03-31": "", "2018-12-31": 0, "2018-09-30": 0, "2018-06-30": 0, "2018-03-31": "", "2017-12-31": 0, "2017-09-30": 0, "2017-06-30": 0, "2017-03-31": "", "2016-12-31": 0, "2016-09-30": 0, "2016-06-30": 0, "2016-03-31": "", "2015-12-31": 0, "2015-09-30": 0, "2015-06-30": 0, "2015-03-31": "", "2014-12-31": 0, "2014-09-30": 0, "2014-06-30": 0, "2014-03-31": "", "2013-12-31": 0, "2013-09-30": 0, "2013-06-30": 0, "2013-03-31": "", "2012-12-31": 0, "2012-09-30": 0, "2012-06-30": 0, "2012-03-31": "", "2011-12-31": 0, "2011-09-30": 0, "2011-06-30": 0, "2011-03-31": "0.00000", "2010-12-31": 0}, "Debt Issuance/Retirement Net - Total": {"2020-09-30": 581.498, "2020-06-30": 1928.452, "2020-03-31": "1826.34000", "2019-12-31": 545.9189, "2019-09-30": -73.739, "2019-06-30": -203.0259, "2019-03-31": "46.41090", "2018-12-31": -69.232, "2018-09-30": -280.6021, "2018-06-30": 500.4031, "2018-03-31": "38.05200", "2017-12-31": -310.9351, "2017-09-30": -85.291, "2017-06-30": 524.9681, "2017-03-31": "-229.23700", "2016-12-31": 10.1651, "2016-09-30": -177.9551, "2016-06-30": 263.415, "2016-03-31": "-104.24800", "2015-12-31": 800.901, "2015-09-30": -81.582, "2015-06-30": -216.674, "2015-03-31": "-253.19100", "2014-12-31": 1065.14, "2014-09-30": -38.969, "2014-06-30": -170.539, "2014-03-31": "526.32600", "2013-12-31": -19.3142, "2013-09-30": -78.2439, "2013-06-30": 537.697, "2013-03-31": "-428.13500", "2012-12-31": 74.465, "2012-09-30": -62.318, "2012-06-30": 55.824, "2012-03-31": "-126.77100", "2011-12-31": 46.32, "2011-09-30": -81.2, "2011-06-30": -9.31, "2011-03-31": "-122.39000", "2010-12-31": 645.87}, "Net Common Equity Issued/Repurchased": {"2020-09-30": 278.616, "2020-06-30": 441.935, "2020-03-31": "4.10000", "2019-12-31": 13.734, "2019-09-30": -142.954, "2019-06-30": 3.549, "2019-03-31": "-192.25200", "2018-12-31": -199.1289, "2018-09-30": 7.616, "2018-06-30": -186.935, "2018-03-31": "-257.54400", "2017-12-31": 1.969, "2017-09-30": 14.85, "2017-06-30": 3.747, "2017-03-31": "9.46600", "2016-12-31": 1.954, "2016-09-30": 3.036, "2016-06-30": 1.031, "2016-03-31": "-46.85100", "2015-12-31": -97.231, "2015-09-30": 4.937, "2015-06-30": 3.233, "2015-03-31": "51.79000", "2014-12-31": 2.776, "2014-09-30": -1.922, "2014-06-30": -77.337, "2014-03-31": "0.34000", "2013-12-31": 1.649, "2013-09-30": 1.268, "2013-06-30": 0, "2013-03-31": "473.01700", "2012-12-31": 0, "2012-09-30": 0, "2012-06-30": 0, "2012-03-31": "", "2011-12-31": 0, "2011-09-30": 0, "2011-06-30": 0, "2011-03-31": "", "2010-12-31": 0}, "Net Total Equity Issued/Repurchased": {"2020-09-30": 278.616, "2020-06-30": 441.935, "2020-03-31": "4.10000", "2019-12-31": 13.734, "2019-09-30": -142.954, "2019-06-30": 3.549, "2019-03-31": "-192.25200", "2018-12-31": -199.1289, "2018-09-30": 7.616, "2018-06-30": -186.935, "2018-03-31": "-257.54400", "2017-12-31": 1.969, "2017-09-30": 14.85, "2017-06-30": 3.747, "2017-03-31": "9.46600", "2016-12-31": 1.954, "2016-09-30": 3.036, "2016-06-30": 1.031, "2016-03-31": "-46.85100", "2015-12-31": -97.231, "2015-09-30": 4.937, "2015-06-30": 3.233, "2015-03-31": "51.79000", "2014-12-31": 2.776, "2014-09-30": -1.922, "2014-06-30": -77.337, "2014-03-31": "0.34000", "2013-12-31": 1.649, "2013-09-30": 1.268, "2013-06-30": 0, "2013-03-31": "473.01700", "2012-12-31": 0, "2012-09-30": 0, "2012-06-30": 0, "2012-03-31": "", "2011-12-31": 0, "2011-09-30": 0, "2011-06-30": 0, "2011-03-31": "0.00000", "2010-12-31": 0}, "Total Common And Preferred Stock Dividends Paid": {"2020-09-30": 0, "2020-06-30": 0, "2020-03-31": "", "2019-12-31": 0, "2019-09-30": 0, "2019-06-30": 0, "2019-03-31": "", "2018-12-31": 0, "2018-09-30": 0, "2018-06-30": 0, "2018-03-31": "", "2017-12-31": 0, "2017-09-30": 0, "2017-06-30": 0, "2017-03-31": "", "2016-12-31": 0, "2016-09-30": 0, "2016-06-30": 0, "2016-03-31": "", "2015-12-31": 0, "2015-09-30": 0, "2015-06-30": 0, "2015-03-31": "", "2014-12-31": 0, "2014-09-30": 0, "2014-06-30": 0, "2014-03-31": "", "2013-12-31": 0, "2013-09-30": 0, "2013-06-30": 0, "2013-03-31": "", "2012-12-31": 0, "2012-09-30": 0, "2012-06-30": 0, "2012-03-31": "", "2011-12-31": 0, "2011-09-30": 0, "2011-06-30": 0, "2011-03-31": "0.00000", "2010-12-31": 0}, "Financial Activities - Other": {"2020-09-30": -24.221, "2020-06-30": -81.909, "2020-03-31": "-27.96800", "2019-12-31": -20.619, "2019-09-30": -0.134, "2019-06-30": -3.516, "2019-03-31": "-26.76100", "2018-12-31": -2.738, "2018-09-30": -1.87, "2018-06-30": -10.737, "2018-03-31": "-122.08600", "2017-12-31": -39.228, "2017-09-30": -1.628, "2017-06-30": -31.233, "2017-03-31": "-5.95400", "2016-12-31": -35.853, "2016-09-30": -5.127, "2016-06-30": -25.457, "2016-03-31": "-6.87300", "2015-12-31": -10.92, "2015-09-30": -2.412, "2015-06-30": -0.003, "2015-03-31": "-3.66000", "2014-12-31": -42.015, "2014-09-30": -71.068, "2014-06-30": -3.119, "2014-03-31": "-0.19700", "2013-12-31": -0.68, "2013-09-30": -17.722, "2013-06-30": -32.875, "2013-03-31": "-6.12400", "2012-12-31": -45.735, "2012-09-30": -0.542, "2012-06-30": -0.81, "2012-03-31": "-2.28300", "2011-12-31": -1.2, "2011-09-30": -0.51, "2011-06-30": -0.2, "2011-03-31": "0.18000", "2010-12-31": -93.94}, "Cash Flow From Financial Activities": {"2020-09-30": 835.893, "2020-06-30": 2288.478, "2020-03-31": "1802.47200", "2019-12-31": 539.034, "2019-09-30": -216.827, "2019-06-30": -202.993, "2019-03-31": "-172.60200", "2018-12-31": -271.099, "2018-09-30": -274.856, "2018-06-30": 302.731, "2018-03-31": "-341.57800", "2017-12-31": -348.194, "2017-09-30": -72.069, "2017-06-30": 497.482, "2017-03-31": "-225.72500", "2016-12-31": -23.734, "2016-09-30": -180.046, "2016-06-30": 238.989, "2016-03-31": "-157.97200", "2015-12-31": 692.75, "2015-09-30": -79.057, "2015-06-30": -213.444, "2015-03-31": "-205.06100", "2014-12-31": 1025.901, "2014-09-30": -111.959, "2014-06-30": -250.995, "2014-03-31": "526.46900", "2013-12-31": -18.345, "2013-09-30": -94.698, "2013-06-30": 504.822, "2013-03-31": "38.75800", "2012-12-31": 28.72, "2012-09-30": -62.86, "2012-06-30": 55.014, "2012-03-31": "-129.05400", "2011-12-31": 45.12, "2011-09-30": -81.7, "2011-06-30": -9.53, "2011-03-31": "-122.20000", "2010-12-31": 551.93}, "Net Cash Flow": {"2020-09-30": 96.262, "2020-06-30": 899.688, "2020-03-31": "1107.38500", "2019-12-31": -154.382, "2019-09-30": -12.667, "2019-06-30": 115.217, "2019-03-31": "140.85700", "2018-12-31": -122.61, "2018-09-30": 81.454, "2018-06-30": -96.741, "2018-03-31": "125.55800", "2017-12-31": -346.714, "2017-09-30": 303.589, "2017-06-30": -0.474, "2017-03-31": "91.44200", "2016-12-31": -27.084, "2016-09-30": 9.467, "2016-06-30": -8.903, "2016-03-31": "38.93000", "2015-12-31": -114.243, "2015-09-30": 57.222, "2015-06-30": 51.536, "2015-03-31": "36.59800", "2014-12-31": 28.955, "2014-09-30": -7.614, "2014-06-30": -1.277, "2014-03-31": "8.29300", "2013-12-31": -0.493, "2013-09-30": -25.88, "2013-06-30": 1.639, "2013-03-31": "35.70100", "2012-12-31": -23.188, "2012-09-30": 2.993, "2012-06-30": 1.728, "2012-03-31": "5.04700", "2011-12-31": 11.08, "2011-09-30": -12.34, "2011-06-30": 10.97, "2011-03-31": "-5.84000", "2010-12-31": 4.89}, "Stock-Based Compensation": {"2020-09-30": 25.862, "2020-06-30": 22.389, "2020-03-31": "32.75800", "2019-12-31": 12.985, "2019-09-30": 25.42, "2019-06-30": 29.651, "2019-03-31": "26.99900", "2018-12-31": 27.186, "2018-09-30": 28.962, "2018-06-30": 31.733, "2018-03-31": "28.10200", "2017-12-31": 23.375, "2017-09-30": 21.444, "2017-06-30": 24.017, "2017-03-31": "18.20300", "2016-12-31": 18.125, "2016-09-30": 16.84, "2016-06-30": 16.204, "2016-03-31": "15.24500", "2015-12-31": 14.352, "2015-09-30": 13.691, "2015-06-30": 2.161, "2015-03-31": "12.00500", "2014-12-31": 5.066, "2014-09-30": 4.472, "2014-06-30": 3.244, "2014-03-31": "1.83500", "2013-12-31": 1.792, "2013-09-30": 1.927, "2013-06-30": 0.603, "2013-03-31": "18.75300", "2012-12-31": 4.665, "2012-09-30": 0.165, "2012-06-30": 0.165, "2012-03-31": "0.16500", "2011-12-31": 1.211, "2011-09-30": 0, "2011-06-30": 0, "2011-03-31": "", "2010-12-31": 0}, "Common Stock Dividends Paid": {"2020-09-30": 0, "2020-06-30": 0, "2020-03-31": "", "2019-12-31": 0, "2019-09-30": 0, "2019-06-30": 0, "2019-03-31": "", "2018-12-31": 0, "2018-09-30": 0, "2018-06-30": 0, "2018-03-31": "", "2017-12-31": 0, "2017-09-30": 0, "2017-06-30": 0, "2017-03-31": "", "2016-12-31": 0, "2016-09-30": 0, "2016-06-30": 0, "2016-03-31": "", "2015-12-31": 0, "2015-09-30": 0, "2015-06-30": 0, "2015-03-31": "", "2014-12-31": 0, "2014-09-30": 0, "2014-06-30": 0, "2014-03-31": "", "2013-12-31": 0, "2013-09-30": 0, "2013-06-30": 0, "2013-03-31": "", "2012-12-31": 0, "2012-09-30": 0, "2012-06-30": 0, "2012-03-31": "", "2011-12-31": 0, "2011-09-30": 0, "2011-06-30": 0, "2011-03-31": "", "2010-12-31": 0}}, "financial ratios": {"Current Ratio": {"2019-12-31": "0.20370", "2018-12-31": "0.17470", "2017-12-31": "0.20820", "2016-12-31": "0.17770", "2015-12-31": "0.14380", "2014-12-31": "0.13600", "2013-12-31": "0.17010", "2012-12-31": "0.17450", "2011-12-31": "0.18610", "2010-12-31": ""}, "Long-term Debt / Capital": {"2019-12-31": "0.48170", "2018-12-31": "0.49350", "2017-12-31": "0.49730", "2016-12-31": "0.56270", "2015-12-31": "0.60400", "2014-12-31": "0.61000", "2013-12-31": "0.51920", "2012-12-31": "0.57790", "2011-12-31": "0.60600", "2010-12-31": ""}, "Debt/Equity Ratio": {"2019-12-31": "1.04390", "2018-12-31": "1.08870", "2017-12-31": "1.09700", "2016-12-31": "1.41010", "2015-12-31": "1.69210", "2014-12-31": "1.72790", "2013-12-31": "1.18870", "2012-12-31": "1.47880", "2011-12-31": "1.64710", "2010-12-31": ""}, "Gross Margin": {"2019-12-31": "43.31400", "2018-12-31": "44.22780", "2017-12-31": "43.22560", "2016-12-31": "41.52590", "2015-12-31": "38.88560", "2014-12-31": "37.72560", "2013-12-31": "35.50700", "2012-12-31": "35.04950", "2011-12-31": "33.85930", "2010-12-31": "33.04720"}, "Operating Margin": {"2019-12-31": "18.22980", "2018-12-31": "20.13270", "2017-12-31": "19.43630", "2016-12-31": "18.98640", "2015-12-31": "16.16750", "2014-12-31": "16.08960", "2013-12-31": "15.40240", "2012-12-31": "15.68780", "2011-12-31": "14.24360", "2010-12-31": "11.46100"}, "EBIT Margin": {"2019-12-31": "18.22980", "2018-12-31": "20.13270", "2017-12-31": "19.43630", "2016-12-31": "18.98640", "2015-12-31": "16.16750", "2014-12-31": "16.08960", "2013-12-31": "15.40240", "2012-12-31": "15.68780", "2011-12-31": "14.24360", "2010-12-31": "11.46100"}, "EBITDA Margin": {"2019-12-31": "28.24320", "2018-12-31": "29.49620", "2017-12-31": "29.10030", "2016-12-31": "28.12890", "2015-12-31": "26.53180", "2014-12-31": "25.84290", "2013-12-31": "24.93870", "2012-12-31": "25.18310", "2011-12-31": "23.75320", "2010-12-31": "20.99880"}, "Pre-Tax Profit Margin": {"2019-12-31": "14.10260", "2018-12-31": "16.00810", "2017-12-31": "14.28080", "2016-12-31": "13.13620", "2015-12-31": "9.98630", "2014-12-31": "10.88760", "2013-12-31": "4.46210", "2012-12-31": "7.43600", "2011-12-31": "5.79270", "2010-12-31": "1.14240"}, "Net Profit Margin": {"2019-12-31": "14.39450", "2018-12-31": "15.76920", "2017-12-31": "14.08170", "2016-12-31": "12.98810", "2015-12-31": "9.83040", "2014-12-31": "10.82420", "2013-12-31": "3.95730", "2012-12-31": "7.40500", "2011-12-31": "5.71610", "2010-12-31": "1.14240"}, "Asset Turnover": {"2019-12-31": "0.38730", "2018-12-31": "0.39820", "2017-12-31": "0.38280", "2016-12-31": "0.37570", "2015-12-31": "0.35430", "2014-12-31": "0.27260", "2013-12-31": "0.38650", "2012-12-31": "0.38330", "2011-12-31": "0.39900", "2010-12-31": ""}, "Inventory Turnover Ratio": {"2019-12-31": "38.38810", "2018-12-31": "37.43900", "2017-12-31": "37.30650", "2016-12-31": "43.01900", "2015-12-31": "45.64750", "2014-12-31": "34.42000", "2013-12-31": "37.91970", "2012-12-31": "37.25800", "2011-12-31": "40.51100", "2010-12-31": ""}, "Receiveable Turnover": {"2019-12-31": "86.04000", "2018-12-31": "109.59700", "2017-12-31": "122.74910", "2016-12-31": "77.10730", "2015-12-31": "96.56520", "2014-12-31": "96.38260", "2013-12-31": "140.76090", "2012-12-31": "151.12510", "2011-12-31": "272.00930", "2010-12-31": ""}, "Days Sales In Receivables": {"2019-12-31": "4.24220", "2018-12-31": "3.33040", "2017-12-31": "2.97350", "2016-12-31": "4.73370", "2015-12-31": "3.77980", "2014-12-31": "3.78700", "2013-12-31": "2.59310", "2012-12-31": "2.41520", "2011-12-31": "1.34190", "2010-12-31": ""}, "ROE - Return On Equity": {"2019-12-31": "14.27700", "2018-12-31": "16.01280", "2017-12-31": "13.21570", "2016-12-31": "13.95160", "2015-12-31": "11.29730", "2014-12-31": "9.73630", "2013-12-31": "3.91010", "2012-12-31": "8.34940", "2011-12-31": "6.87780", "2010-12-31": ""}, "Return On Tangible Equity": {"2019-12-31": "21.58740", "2018-12-31": "25.41810", "2017-12-31": "21.44530", "2016-12-31": "27.15620", "2015-12-31": "27.12970", "2014-12-31": "26.10580", "2013-12-31": "5.09350", "2012-12-31": "11.97600", "2011-12-31": "10.21680", "2010-12-31": ""}, "ROA - Return On Assets": {"2019-12-31": "5.57540", "2018-12-31": "6.27940", "2017-12-31": "5.39110", "2016-12-31": "4.87970", "2015-12-31": "3.48260", "2014-12-31": "2.98720", "2013-12-31": "1.54690", "2012-12-31": "2.83840", "2011-12-31": "2.28060", "2010-12-31": ""}, "ROI - Return On Investment": {"2019-12-31": "7.39980", "2018-12-31": "8.10980", "2017-12-31": "6.64330", "2016-12-31": "6.10130", "2015-12-31": "4.47330", "2014-12-31": "3.79740", "2013-12-31": "1.88010", "2012-12-31": "3.52410", "2011-12-31": "2.70950", "2010-12-31": ""}, "Book Value Per Share": {"2019-12-31": "30.57780", "2018-12-31": "27.39710", "2017-12-31": "25.15990", "2016-12-31": "19.96850", "2015-12-31": "16.59630", "2014-12-31": "15.45850", "2013-12-31": "12.82540", "2012-12-31": "96.13260", "2011-12-31": "87.83160", "2010-12-31": ""}, "Operating Cash Flow Per Share": {"2019-12-31": -0.8274, "2018-12-31": 2.2673, "2017-12-31": 1.4317, "2016-12-31": 1.0175, "2015-12-31": 1.5325, "2014-12-31": 0.7264, "2013-12-31": 0.045, "2012-12-31": 0.2306, "2011-12-31": -0.416, "2010-12-31": 2.4119}, "Free Cash Flow Per Share": {"2019-12-31": -1.4087, "2018-12-31": 1.267, "2017-12-31": 0.2434, "2016-12-31": 1.1018, "2015-12-31": 1.205, "2014-12-31": 0.3693, "2013-12-31": -2.4505, "2012-12-31": -0.4334, "2011-12-31": 4.028, "2010-12-31": -3.0653}}, "financial ratios, quarterly": {"Current Ratio": {"2020-09-30": "1.13630", "2020-06-30": "1.06460", "2020-03-31": "0.57310", "2019-12-31": "0.20370", "2019-09-30": "0.24790", "2019-06-30": "0.25220", "2019-03-31": "0.22410", "2018-12-31": "0.17470", "2018-09-30": "0.23830", "2018-06-30": "0.20310", "2018-03-31": "0.24590", "2017-12-31": "0.20820", "2017-09-30": "0.34200", "2017-06-30": "0.19360", "2017-03-31": "0.19480", "2016-12-31": "0.17770", "2016-09-30": "0.18590", "2016-06-30": "0.16970", "2016-03-31": "0.15780", "2015-12-31": "0.14380", "2015-09-30": "0.18150", "2015-06-30": "0.16160", "2015-03-31": "0.13680", "2014-12-31": "0.13600", "2014-09-30": "0.14630", "2014-06-30": "0.15230", "2014-03-31": "0.14900", "2013-12-31": "0.17010", "2013-09-30": "0.17360", "2013-06-30": "0.17170", "2013-03-31": "0.19760", "2012-12-31": "0.17450", "2012-09-30": "0.20550", "2012-06-30": "0.15670", "2012-03-31": "0.21070", "2011-12-31": "0.18610", "2011-09-30": "0.18510", "2011-06-30": "0.19820", "2011-03-31": "0.20170", "2010-12-31": ""}, "Long-term Debt / Capital": {"2020-09-30": "0.71910", "2020-06-30": "0.69770", "2020-03-31": "0.65840", "2019-12-31": "0.48170", "2019-09-30": "0.47490", "2019-06-30": "0.48290", "2019-03-31": "0.50120", "2018-12-31": "0.49350", "2018-09-30": "0.48660", "2018-06-30": "0.51950", "2018-03-31": "0.49740", "2017-12-31": "0.49730", "2017-09-30": "0.52020", "2017-06-30": "0.54930", "2017-03-31": "0.54960", "2016-12-31": "0.56270", "2016-09-30": "0.56180", "2016-06-30": "0.59180", "2016-03-31": "0.59080", "2015-12-31": "0.60400", "2015-09-30": "0.56530", "2015-06-30": "0.58060", "2015-03-31": "0.60720", "2014-12-31": "0.61000", "2014-09-30": "0.51660", "2014-06-30": "0.53550", "2014-03-31": "0.55210", "2013-12-31": "0.51920", "2013-09-30": "0.52360", "2013-06-30": "0.55040", "2013-03-31": "0.50160", "2012-12-31": "0.57790", "2012-09-30": "0.57550", "2012-06-30": "0.59940", "2012-03-31": "0.59650", "2011-12-31": "0.60600", "2011-09-30": "0.60680", "2011-06-30": "0.62430", "2011-03-31": "0.63250", "2010-12-31": ""}, "Debt/Equity Ratio": {"2020-09-30": "2.67570", "2020-06-30": "2.38620", "2020-03-31": "1.96730", "2019-12-31": "1.04390", "2019-09-30": "1.00070", "2019-06-30": "1.03230", "2019-03-31": "1.10790", "2018-12-31": "1.08870", "2018-09-30": "1.05760", "2018-06-30": "1.20090", "2018-03-31": "1.12650", "2017-12-31": "1.09700", "2017-09-30": "1.19340", "2017-06-30": "1.33900", "2017-03-31": "1.33530", "2016-12-31": "1.41010", "2016-09-30": "1.40680", "2016-06-30": "1.59120", "2016-03-31": "1.60410", "2015-12-31": "1.69210", "2015-09-30": "1.45030", "2015-06-30": "1.54100", "2015-03-31": "1.71260", "2014-12-31": "1.72790", "2014-09-30": "1.20110", "2014-06-30": "1.29010", "2014-03-31": "1.36860", "2013-12-31": "1.18870", "2013-09-30": "1.20900", "2013-06-30": "1.33840", "2013-03-31": "1.09860", "2012-12-31": "1.47880", "2012-09-30": "1.44710", "2012-06-30": "1.61150", "2012-03-31": "1.56040", "2011-12-31": "1.64710", "2011-09-30": "1.62150", "2011-06-30": "1.73680", "2011-03-31": "1.77240", "2010-12-31": ""}, "Gross Margin": {"2020-09-30": "-2817.41300", "2020-06-30": "-1681.86500", "2020-03-31": "20.26030", "2019-12-31": "40.06410", "2019-09-30": "48.23190", "2019-06-30": "42.41200", "2019-03-31": "41.10620", "2018-12-31": "40.82960", "2018-09-30": "50.01260", "2018-06-30": "43.31900", "2018-03-31": "40.61470", "2017-12-31": "39.70330", "2017-09-30": "49.25560", "2017-06-30": "44.03390", "2017-03-31": "37.45140", "2016-12-31": "38.22000", "2016-09-30": "47.14660", "2016-06-30": "40.52250", "2016-03-31": "38.33880", "2015-12-31": "36.54280", "2015-09-30": "44.14220", "2015-06-30": "39.53760", "2015-03-31": "33.52040", "2014-12-31": "34.26110", "2014-09-30": "43.62860", "2014-06-30": "38.53250", "2014-03-31": "32.84770", "2013-12-31": "30.40850", "2013-09-30": "42.83610", "2013-06-30": "34.65900", "2013-03-31": "31.26090", "2012-12-31": "31.51610", "2012-09-30": "41.56810", "2012-06-30": "33.51880", "2012-03-31": "31.70230", "2011-12-31": "29.69130", "2011-09-30": "40.41650", "2011-06-30": "32.65470", "2011-03-31": "30.52810", "2010-12-31": ""}, "Operating Margin": {"2020-09-30": "-7943.89400", "2020-06-30": "-3517.10600", "2020-03-31": "-146.28980", "2019-12-31": "13.46570", "2019-09-30": "26.73790", "2019-06-30": "18.54750", "2019-03-31": "11.27760", "2018-12-31": "15.17390", "2018-09-30": "29.61090", "2018-06-30": "19.19310", "2018-03-31": "12.91580", "2017-12-31": "14.18060", "2017-09-30": "28.86780", "2017-06-30": "20.46500", "2017-03-31": "10.40460", "2016-12-31": "13.64720", "2016-09-30": "27.85770", "2016-06-30": "19.12800", "2016-03-31": "12.18250", "2015-12-31": "11.37670", "2015-09-30": "23.87970", "2015-06-30": "20.02730", "2015-03-31": "6.43250", "2014-12-31": "5.88690", "2014-09-30": "25.88950", "2014-06-30": "19.39980", "2014-03-31": "11.00690", "2013-12-31": "10.23250", "2013-09-30": "26.07890", "2013-06-30": "14.80200", "2013-03-31": "5.87300", "2012-12-31": "9.83380", "2012-09-30": "25.82080", "2012-06-30": "14.91790", "2012-03-31": "9.01070", "2011-12-31": "8.66850", "2011-09-30": "24.40980", "2011-06-30": "13.40450", "2011-03-31": "7.02910", "2010-12-31": ""}, "EBIT Margin": {"2020-09-30": "-7943.89400", "2020-06-30": "-3517.10600", "2020-03-31": "-146.28980", "2019-12-31": "13.46570", "2019-09-30": "26.73790", "2019-06-30": "18.54750", "2019-03-31": "11.27760", "2018-12-31": "15.17390", "2018-09-30": "29.61090", "2018-06-30": "19.19310", "2018-03-31": "12.91580", "2017-12-31": "14.18060", "2017-09-30": "28.86780", "2017-06-30": "20.46500", "2017-03-31": "10.40460", "2016-12-31": "13.64720", "2016-09-30": "27.85770", "2016-06-30": "19.12800", "2016-03-31": "12.18250", "2015-12-31": "11.37670", "2015-09-30": "23.87970", "2015-06-30": "20.02730", "2015-03-31": "6.43250", "2014-12-31": "5.88690", "2014-09-30": "25.88950", "2014-06-30": "19.39980", "2014-03-31": "11.00690", "2013-12-31": "10.23250", "2013-09-30": "26.07890", "2013-06-30": "14.80200", "2013-03-31": "5.87300", "2012-12-31": "9.83380", "2012-09-30": "25.82080", "2012-06-30": "14.91790", "2012-03-31": "9.01070", "2011-12-31": "8.66850", "2011-09-30": "24.40980", "2011-06-30": "13.40450", "2011-03-31": "7.02910", "2010-12-31": ""}, "EBITDA Margin": {"2020-09-30": "", "2020-06-30": "", "2020-03-31": "", "2019-12-31": "", "2019-09-30": "", "2019-06-30": "", "2019-03-31": "", "2018-12-31": "", "2018-09-30": "", "2018-06-30": "", "2018-03-31": "", "2017-12-31": "", "2017-09-30": "", "2017-06-30": "", "2017-03-31": "", "2016-12-31": "", "2016-09-30": "", "2016-06-30": "", "2016-03-31": "", "2015-12-31": "", "2015-09-30": "", "2015-06-30": "", "2015-03-31": "", "2014-12-31": "", "2014-09-30": "", "2014-06-30": "", "2014-03-31": "", "2013-12-31": "", "2013-09-30": "", "2013-06-30": "", "2013-03-31": "", "2012-12-31": "", "2012-09-30": "", "2012-06-30": "", "2012-03-31": "", "2011-12-31": "", "2011-09-30": "", "2011-06-30": "", "2011-03-31": "", "2010-12-31": ""}, "Pre-Tax Profit Margin": {"2020-09-30": "-10449.94000", "2020-06-30": "-4278.84700", "2020-03-31": "-151.34910", "2019-12-31": "8.02980", "2019-09-30": "24.12870", "2019-06-30": "14.80090", "2019-03-31": "6.01010", "2018-12-31": "10.91090", "2018-09-30": "25.87420", "2018-06-30": "15.24700", "2018-03-31": "8.17140", "2017-12-31": "7.53630", "2017-09-30": "24.65400", "2017-06-30": "15.27160", "2017-03-31": "5.55790", "2016-12-31": "6.26640", "2016-09-30": "23.41290", "2016-06-30": "12.45710", "2016-03-31": "6.89780", "2015-12-31": "3.68090", "2015-09-30": "19.87030", "2015-06-30": "14.85310", "2015-03-31": "-2.21480", "2014-12-31": "-3.06170", "2014-09-30": "22.68760", "2014-06-30": "15.19770", "2014-03-31": "6.37100", "2013-12-31": "6.16860", "2013-09-30": "22.66330", "2013-06-30": "-1.22090", "2013-03-31": "-18.06260", "2012-12-31": "0.25840", "2012-09-30": "19.06640", "2012-06-30": "6.19000", "2012-03-31": "0.63710", "2011-12-31": "33.26080", "2011-09-30": "-7.87690", "2011-06-30": "5.13030", "2011-03-31": "-2.14320", "2010-12-31": ""}, "Net Profit Margin": {"2020-09-30": "-10392.24000", "2020-06-30": "-4224.95700", "2020-03-31": "-150.85410", "2019-12-31": "8.19230", "2019-09-30": "23.54330", "2019-06-30": "14.43210", "2019-03-31": "8.41800", "2018-12-31": "11.19570", "2018-09-30": "25.31150", "2018-06-30": "14.89160", "2018-03-31": "7.97550", "2017-12-31": "7.90660", "2017-09-30": "24.25880", "2017-06-30": "14.76620", "2017-03-31": "5.37980", "2016-12-31": "6.41980", "2016-09-30": "23.05990", "2016-06-30": "12.23810", "2016-03-31": "6.79540", "2015-12-31": "3.69620", "2015-09-30": "19.59570", "2015-06-30": "14.60190", "2015-03-31": "-2.28700", "2014-12-31": "-3.24610", "2014-09-30": "22.16920", "2014-06-30": "14.57270", "2014-03-31": "7.72060", "2013-12-31": "6.01190", "2013-09-30": "21.41390", "2013-06-30": "-1.37190", "2013-03-31": "-18.26940", "2012-12-31": "0.20930", "2012-09-30": "19.00740", "2012-06-30": "6.17780", "2012-03-31": "0.63710", "2011-12-31": "-0.39730", "2011-09-30": "16.12710", "2011-06-30": "5.13980", "2011-03-31": "-1.60100", "2010-12-31": ""}, "Asset Turnover": {"2020-09-30": "0.00040", "2020-06-30": "0.00100", "2020-03-31": "0.07570", "2019-12-31": "0.08870", "2019-09-30": "0.12010", "2019-06-30": "0.10420", "2019-03-31": "0.08910", "2018-12-31": "0.09080", "2018-09-30": "0.12130", "2018-06-30": "0.09930", "2018-03-31": "0.08930", "2017-12-31": "0.08870", "2017-09-30": "0.11580", "2017-06-30": "0.09640", "2017-03-31": "0.08800", "2016-12-31": "0.08670", "2016-09-30": "0.11470", "2016-06-30": "0.09160", "2016-03-31": "0.08690", "2015-12-31": "0.08450", "2015-09-30": "0.10940", "2015-06-30": "0.09290", "2015-03-31": "0.08090", "2014-12-31": "0.06880", "2014-09-30": "0.12300", "2014-06-30": "0.10470", "2014-03-31": "0.09070", "2013-12-31": "0.09030", "2013-09-30": "0.12080", "2013-06-30": "0.09780", "2013-03-31": "0.08810", "2012-12-31": "0.08470", "2012-09-30": "0.11440", "2012-06-30": "0.09980", "2012-03-31": "0.09240", "2011-12-31": "0.08780", "2011-09-30": "0.12030", "2011-06-30": "0.10140", "2011-03-31": "0.08910", "2010-12-31": ""}, "Inventory Turnover Ratio": {"2020-09-30": "2.34010", "2020-06-30": "3.66690", "2020-03-31": "11.62660", "2019-12-31": "9.29950", "2019-09-30": "10.51160", "2019-06-30": "10.53720", "2019-03-31": "9.17470", "2018-12-31": "9.06030", "2018-09-30": "9.68150", "2018-06-30": "9.26370", "2018-03-31": "9.55020", "2017-12-31": "9.17470", "2017-09-30": "10.62110", "2017-06-30": "9.75810", "2017-03-31": "10.07570", "2016-12-31": "10.49140", "2016-09-30": "11.89300", "2016-06-30": "10.42740", "2016-03-31": "10.65160", "2015-12-31": "11.30680", "2015-09-30": "13.06230", "2015-06-30": "10.97440", "2015-03-31": "11.01260", "2014-12-31": "9.17020", "2014-09-30": "9.97400", "2014-06-30": "8.95630", "2014-03-31": "9.26930", "2013-12-31": "9.55710", "2013-09-30": "9.93660", "2013-06-30": "9.26890", "2013-03-31": "8.57600", "2012-12-31": "8.68430", "2012-09-30": "9.12840", "2012-06-30": "10.26310", "2012-03-31": "8.87390", "2011-12-31": "9.48220", "2011-09-30": "9.55730", "2011-06-30": "9.73060", "2011-03-31": "9.23610", "2010-12-31": ""}, "Receiveable Turnover": {"2020-09-30": "0.08300", "2020-06-30": "0.22810", "2020-03-31": "12.95100", "2019-12-31": "19.71290", "2019-09-30": "28.27040", "2019-06-30": "22.15080", "2019-03-31": "24.60180", "2018-12-31": "24.99940", "2018-09-30": "39.91140", "2018-06-30": "34.42900", "2018-03-31": "31.42460", "2017-12-31": "28.42410", "2017-09-30": "29.09830", "2017-06-30": "26.69040", "2017-03-31": "24.00010", "2016-12-31": "17.79860", "2016-09-30": "26.59010", "2016-06-30": "19.66070", "2016-03-31": "23.62560", "2015-12-31": "23.03590", "2015-09-30": "30.59670", "2015-06-30": "29.49470", "2015-03-31": "30.30500", "2014-12-31": "24.32500", "2014-09-30": "34.97140", "2014-06-30": "28.21610", "2014-03-31": "36.89050", "2013-12-31": "32.87760", "2013-09-30": "45.03500", "2013-06-30": "39.36670", "2013-03-31": "39.41370", "2012-12-31": "33.40670", "2012-09-30": "44.63340", "2012-06-30": "61.78330", "2012-03-31": "64.59020", "2011-12-31": "59.95020", "2011-09-30": "53.33070", "2011-06-30": "61.13830", "2011-03-31": "46.05110", "2010-12-31": ""}, "Days Sales In Receivables": {"2020-09-30": "1083.86600", "2020-06-30": "394.54010", "2020-03-31": "6.94930", "2019-12-31": "4.56550", "2019-09-30": "3.18350", "2019-06-30": "4.06310", "2019-03-31": "3.65830", "2018-12-31": "3.60010", "2018-09-30": "2.25500", "2018-06-30": "2.61410", "2018-03-31": "2.86400", "2017-12-31": "3.16630", "2017-09-30": "3.09300", "2017-06-30": "3.37200", "2017-03-31": "3.75000", "2016-12-31": "5.05660", "2016-09-30": "3.38470", "2016-06-30": "4.57770", "2016-03-31": "3.80940", "2015-12-31": "3.90690", "2015-09-30": "2.94150", "2015-06-30": "3.05140", "2015-03-31": "2.96980", "2014-12-31": "3.69990", "2014-09-30": "2.57350", "2014-06-30": "3.18970", "2014-03-31": "2.43970", "2013-12-31": "2.73740", "2013-09-30": "1.99840", "2013-06-30": "2.28620", "2013-03-31": "2.28350", "2012-12-31": "2.69410", "2012-09-30": "2.01640", "2012-06-30": "1.45670", "2012-03-31": "1.39340", "2011-12-31": "1.50120", "2011-09-30": "1.68760", "2011-06-30": "1.47210", "2011-03-31": "1.95440", "2010-12-31": ""}, "ROE - Return On Equity": {"2020-09-30": "-16.57060", "2020-06-30": "-16.49160", "2020-03-31": "-42.99710", "2019-12-31": "1.86160", "2019-09-30": "7.18240", "2019-06-30": "3.90530", "2019-03-31": "2.00090", "2018-12-31": "2.59320", "2018-09-30": "7.58910", "2018-06-30": "3.98600", "2018-03-31": "1.82930", "2017-12-31": "1.71830", "2017-09-30": "7.23580", "2017-06-30": "3.97600", "2017-03-31": "1.33850", "2016-12-31": "1.59180", "2016-09-30": "7.54680", "2016-06-30": "3.52680", "2016-03-31": "1.86450", "2015-12-31": "1.01330", "2015-09-30": "6.42500", "2015-06-30": "4.23730", "2015-03-31": "-0.61670", "2014-12-31": "-0.72890", "2014-09-30": "7.04850", "2014-06-30": "4.17270", "2014-03-31": "1.93610", "2013-12-31": "1.38360", "2013-09-30": "6.71460", "2013-06-30": "-0.37390", "2013-03-31": "-4.05980", "2012-12-31": "0.05220", "2012-09-30": "6.37270", "2012-06-30": "1.95280", "2012-03-31": "0.17560", "2011-12-31": "-0.10520", "2011-09-30": "5.82720", "2011-06-30": "1.65190", "2011-03-31": "-0.45620", "2010-12-31": ""}, "Return On Tangible Equity": {"2020-09-30": "-19.41370", "2020-06-30": "-19.13250", "2020-03-31": "-49.81390", "2019-12-31": "2.81490", "2019-09-30": "11.07910", "2019-06-30": "6.09020", "2019-03-31": "3.19440", "2018-12-31": "4.11640", "2018-09-30": "11.78410", "2018-06-30": "6.51300", "2018-03-31": "3.00510", "2017-12-31": "2.78830", "2017-09-30": "12.02860", "2017-06-30": "7.12580", "2017-03-31": "2.55950", "2016-12-31": "3.09840", "2016-09-30": "14.69260", "2016-06-30": "7.59690", "2016-03-31": "4.25460", "2015-12-31": "2.43340", "2015-09-30": "14.70340", "2015-06-30": "11.37680", "2015-03-31": "-1.92660", "2014-12-31": "-1.95430", "2014-09-30": "8.94450", "2014-06-30": "5.38540", "2014-03-31": "2.51100", "2013-12-31": "1.80240", "2013-09-30": "8.80510", "2013-06-30": "-0.50280", "2013-03-31": "-5.44610", "2012-12-31": "0.07480", "2012-09-30": "9.15510", "2012-06-30": "2.91810", "2012-03-31": "0.26080", "2011-12-31": "-0.15630", "2011-09-30": "8.65490", "2011-06-30": "2.50560", "2011-03-31": "-0.69830", "2010-12-31": ""}, "ROA - Return On Assets": {"2020-09-30": "-3.89250", "2020-06-30": "-4.08060", "2020-03-31": "-11.42580", "2019-12-31": "0.72700", "2019-09-30": "2.82690", "2019-06-30": "1.50440", "2019-03-31": "0.74970", "2018-12-31": "1.01690", "2018-09-30": "3.07110", "2018-06-30": "1.47870", "2018-03-31": "0.71220", "2017-12-31": "0.70090", "2017-09-30": "2.80890", "2017-06-30": "1.42310", "2017-03-31": "0.47350", "2016-12-31": "0.55670", "2016-09-30": "2.64520", "2016-06-30": "1.12090", "2016-03-31": "0.59030", "2015-12-31": "0.31240", "2015-09-30": "2.14340", "2015-06-30": "1.35610", "2015-03-31": "-0.18510", "2014-12-31": "-0.22360", "2014-09-30": "2.75670", "2014-06-30": "1.54860", "2014-03-31": "0.70630", "2013-12-31": "0.54740", "2013-09-30": "2.61740", "2013-06-30": "-0.13530", "2013-03-31": "-1.62720", "2012-12-31": "0.01770", "2012-09-30": "2.17540", "2012-06-30": "0.61630", "2012-03-31": "0.05880", "2011-12-31": "-0.03490", "2011-09-30": "1.94080", "2011-06-30": "0.52130", "2011-03-31": "-0.14260", "2010-12-31": ""}, "ROI - Return On Investment": {"2020-09-30": "-4.65450", "2020-06-30": "-4.98470", "2020-03-31": "-14.68700", "2019-12-31": "0.96490", "2019-09-30": "3.77180", "2019-06-30": "2.01940", "2019-03-31": "0.99800", "2018-12-31": "1.31340", "2018-09-30": "3.89600", "2018-06-30": "1.91510", "2018-03-31": "0.91940", "2017-12-31": "0.86370", "2017-09-30": "3.47210", "2017-06-30": "1.79210", "2017-03-31": "0.60290", "2016-12-31": "0.69610", "2016-09-30": "3.30740", "2016-06-30": "1.43960", "2016-03-31": "0.76300", "2015-12-31": "0.40120", "2015-09-30": "2.79290", "2015-06-30": "1.77710", "2015-03-31": "-0.24220", "2014-12-31": "-0.28430", "2014-09-30": "3.40710", "2014-06-30": "1.93830", "2014-03-31": "0.86720", "2013-12-31": "0.66530", "2013-09-30": "3.19860", "2013-06-30": "-0.16810", "2013-03-31": "-2.02360", "2012-12-31": "0.02200", "2012-09-30": "2.70540", "2012-06-30": "0.78230", "2012-03-31": "0.07090", "2011-12-31": "-0.04150", "2011-09-30": "2.29110", "2011-06-30": "0.62060", "2011-03-31": "-0.16770", "2010-12-31": ""}, "Book Value Per Share": {"2020-09-30": "14.83120", "2020-06-30": "16.91860", "2020-03-31": "20.39230", "2019-12-31": "30.57780", "2019-09-30": "29.48620", "2019-06-30": "28.53930", "2019-03-31": "27.41730", "2018-12-31": "27.39710", "2018-09-30": "27.96680", "2018-06-30": "25.68820", "2018-03-31": "25.09880", "2017-12-31": "25.15990", "2017-09-30": "24.23910", "2017-06-30": "21.88700", "2017-03-31": "19.88890", "2016-12-31": "19.96850", "2016-09-30": "19.97190", "2016-06-30": "18.13820", "2016-03-31": "17.30210", "2015-12-31": "16.59630", "2015-09-30": "17.07920", "2015-06-30": "16.32470", "2015-03-31": "15.14630", "2014-12-31": "15.45850", "2014-09-30": "14.18570", "2014-06-30": "13.35440", "2014-03-31": "13.00920", "2013-12-31": "12.82540", "2013-09-30": "12.55540", "2013-06-30": "11.68690", "2013-03-31": "11.77270", "2012-12-31": "96.13260", "2012-09-30": "", "2012-06-30": "", "2012-03-31": "", "2011-12-31": "87.83140", "2011-09-30": "", "2011-06-30": "", "2011-03-31": "", "2010-12-31": ""}, "Operating Cash Flow Per Share": {"2020-09-30": -1.5184, "2020-06-30": -5.3034, "2020-03-31": "-0.24670", "2019-12-31": 1.7047, "2019-09-30": 1.9124, "2019-06-30": 2.3925, "2019-03-31": "2.40990", "2018-12-31": 1.5249, "2018-09-30": 2.1344, "2018-06-30": 2.9227, "2018-03-31": "2.66490", "2017-12-31": 1.0634, "2017-09-30": 1.9015, "2017-06-30": 2.1117, "2017-03-31": "1.90300", "2016-12-31": 0.7642, "2016-09-30": 1.5012, "2016-06-30": 1.8354, "2016-03-31": "1.44710", "2015-12-31": 0.3033, "2015-09-30": 1.1358, "2015-06-30": 1.6879, "2015-03-31": "1.40340", "2014-12-31": -0.3628, "2014-09-30": 0.8943, "2014-06-30": 1.3853, "2014-03-31": "1.08110", "2013-12-31": 0.381, "2013-09-30": 0.6514, "2013-06-30": 0.8252, "2013-03-31": "0.41390", "2012-12-31": 0.1221, "2012-09-30": 0.6735, "2012-06-30": 0.5441, "2012-03-31": "0.88530", "2011-12-31": 0.0335, "2011-09-30": 0.5234, "2011-06-30": 0.5952, "2011-03-31": "0.68710", "2010-12-31": 0}, "Free Cash Flow Per Share": {"2020-09-30": -1.704, "2020-06-30": -5.4784, "2020-03-31": "-3.10280", "2019-12-31": -2.9998, "2019-09-30": 0.9629, "2019-06-30": 1.4639, "2019-03-31": "1.42960", "2018-12-31": 0.6562, "2018-09-30": 1.5986, "2018-06-30": -2.0266, "2018-03-31": "2.03710", "2017-12-31": -0.003, "2017-09-30": 1.6366, "2017-06-30": -2.023, "2017-03-31": "1.38770", "2016-12-31": -0.0044, "2016-09-30": 0.8333, "2016-06-30": -0.9423, "2016-03-31": "0.86830", "2015-12-31": -3.1374, "2015-09-30": 0.5899, "2015-06-30": 1.1232, "2015-03-31": "1.07740", "2014-12-31": -0.7648, "2014-09-30": 0.4884, "2014-06-30": 1.1801, "2014-03-31": "-2.45560", "2013-12-31": 0.1548, "2013-09-30": 0.4056, "2013-06-30": -2.4662, "2013-03-31": "-0.01540", "2012-12-31": -0.2902, "2012-09-30": 0.3675, "2012-06-30": -0.2978, "2012-03-31": "0.74940", "2011-12-31": -0.2637, "2011-09-30": 0.4016, "2011-06-30": 0.1626, "2011-03-31": "0.58670", "2010-12-31": 0}}, "revenue": {"Norwegian Cruise Line Holdings Annual Revenue (Millions of US $)": {"2019": "$6,462", "2018": "$6,055", "2017": "$5,396", "2016": "$4,874", "2015": "$4,345", "2014": "$3,126", "2013": "$2,570", "2012": "$2,276", "2011": "$2,219", "2010": "$2,012"}, "Norwegian Cruise Line Holdings Quarterly Revenue (Millions of US $)": {"2020-09-30": "$7", "2020-06-30": "$17", "2020-03-31": "$1,247", "2019-12-31": "$1,481", "2019-09-30": "$1,914", "2019-06-30": "$1,664", "2019-03-31": "$1,404", "2018-12-31": "$1,381", "2018-09-30": "$1,858", "2018-06-30": "$1,522", "2018-03-31": "$1,293", "2017-12-31": "$1,250", "2017-09-30": "$1,652", "2017-06-30": "$1,344", "2017-03-31": "$1,151", "2016-12-31": "$1,125", "2016-09-30": "$1,485", "2016-06-30": "$1,187", "2016-03-31": "$1,078", "2015-12-31": "$1,037", "2015-09-30": "$1,285", "2015-06-30": "$1,085", "2015-03-31": "$938", "2014-12-31": "$789", "2014-09-30": "$907", "2014-06-30": "$766", "2014-03-31": "$664", "2013-12-31": "$600", "2013-09-30": "$798", "2013-06-30": "$644", "2013-03-31": "$528", "2012-12-31": "$503", "2012-09-30": "$674", "2012-06-30": "$583", "2012-03-31": "$515", "2011-12-31": "$489", "2011-09-30": "$667", "2011-06-30": "$569", "2011-03-31": "$496", "2010-12-31": ""}}, "gross-profit": {"Norwegian Cruise Line Holdings Annual Gross Profit (Millions of US $)": {"2019": "$2,799", "2018": "$2,678", "2017": "$2,333", "2016": "$2,024", "2015": "$1,690", "2014": "$1,179", "2013": "$913", "2012": "$798", "2011": "$751", "2010": "$665"}, "Norwegian Cruise Line Holdings Quarterly Gross Profit (Millions of US $)": {"2020-09-30": "$-184", "2020-06-30": "$-285", "2020-03-31": "$253", "2019-12-31": "$593", "2019-09-30": "$923", "2019-06-30": "$706", "2019-03-31": "$577", "2018-12-31": "$564", "2018-09-30": "$929", "2018-06-30": "$659", "2018-03-31": "$525", "2017-12-31": "$496", "2017-09-30": "$814", "2017-06-30": "$592", "2017-03-31": "$431", "2016-12-31": "$430", "2016-09-30": "$700", "2016-06-30": "$481", "2016-03-31": "$413", "2015-12-31": "$379", "2015-09-30": "$567", "2015-06-30": "$429", "2015-03-31": "$314", "2014-12-31": "$270", "2014-09-30": "$396", "2014-06-30": "$295", "2014-03-31": "$218", "2013-12-31": "$183", "2013-09-30": "$342", "2013-06-30": "$223", "2013-03-31": "$165", "2012-12-31": "$159", "2012-09-30": "$280", "2012-06-30": "$195", "2012-03-31": "$163", "2011-12-31": "$145", "2011-09-30": "$269", "2011-06-30": "$186", "2011-03-31": "$151", "2010-12-31": ""}}, "operating-income": {"Norwegian Cruise Line Holdings Annual Operating Income (Millions of US $)": {"2019": "$1,178", "2018": "$1,219", "2017": "$1,049", "2016": "$925", "2015": "$702", "2014": "$503", "2013": "$396", "2012": "$357", "2011": "$316", "2010": "$231"}, "Norwegian Cruise Line Holdings Quarterly Operating Income (Millions of US $)": {"2020-09-30": "$-518", "2020-06-30": "$-595", "2020-03-31": "$-1,824", "2019-12-31": "$199", "2019-09-30": "$512", "2019-06-30": "$309", "2019-03-31": "$158", "2018-12-31": "$210", "2018-09-30": "$550", "2018-06-30": "$292", "2018-03-31": "$167", "2017-12-31": "$177", "2017-09-30": "$477", "2017-06-30": "$275", "2017-03-31": "$120", "2016-12-31": "$154", "2016-09-30": "$414", "2016-06-30": "$227", "2016-03-31": "$131", "2015-12-31": "$118", "2015-09-30": "$307", "2015-06-30": "$217", "2015-03-31": "$60", "2014-12-31": "$46", "2014-09-30": "$235", "2014-06-30": "$149", "2014-03-31": "$73", "2013-12-31": "$61", "2013-09-30": "$208", "2013-06-30": "$95", "2013-03-31": "$31", "2012-12-31": "$49", "2012-09-30": "$174", "2012-06-30": "$87", "2012-03-31": "$46", "2011-12-31": "$42", "2011-09-30": "$163", "2011-06-30": "$76", "2011-03-31": "$35", "2010-12-31": ""}}, "ebitda": {"Norwegian Cruise Line Holdings Annual EBITDA (Millions of US $)": {"2019": "$1,825", "2018": "$1,786", "2017": "$1,570", "2016": "$1,371", "2015": "$1,153", "2014": "$808", "2013": "$641", "2012": "$573", "2011": "$527", "2010": "$423"}, "Norwegian Cruise Line Holdings Quarterly EBITDA (Millions of US $)": {"2020-09-30": "$-332", "2020-06-30": "$-2,019", "2020-03-31": "$-21", "2019-12-31": "$364", "2019-09-30": "$668", "2019-06-30": "$465", "2019-03-31": "$328", "2018-12-31": "$356", "2018-09-30": "$696", "2018-06-30": "$432", "2018-03-31": "$302", "2017-12-31": "$313", "2017-09-30": "$614", "2017-06-30": "$402", "2017-03-31": "$241", "2016-12-31": "$272", "2016-09-30": "$529", "2016-06-30": "$335", "2016-03-31": "$236", "2015-12-31": "$240", "2015-09-30": "$420", "2015-06-30": "$328", "2015-03-31": "$165", "2014-12-31": "$138", "2014-09-30": "$307", "2014-06-30": "$220", "2014-03-31": "$143", "2013-12-31": "$126", "2013-09-30": "$272", "2013-06-30": "$156", "2013-03-31": "$86", "2012-12-31": "$105", "2012-09-30": "$229", "2012-06-30": "$140", "2012-03-31": "$99", "2011-12-31": "$94", "2011-09-30": "$218", "2011-06-30": "$128", "2011-03-31": "$87", "2010-12-31": ""}}, "net-income": {"Norwegian Cruise Line Holdings Annual Net Income (Millions of US $)": {"2019": "$930", "2018": "$955", "2017": "$760", "2016": "$633", "2015": "$427", "2014": "$338", "2013": "$102", "2012": "$169", "2011": "$127", "2010": "$23"}, "Norwegian Cruise Line Holdings Quarterly Net Income (Millions of US $)": {"2020-09-30": "$-677", "2020-06-30": "$-715", "2020-03-31": "$-1,881", "2019-12-31": "$121", "2019-09-30": "$451", "2019-06-30": "$240", "2019-03-31": "$118", "2018-12-31": "$155", "2018-09-30": "$470", "2018-06-30": "$227", "2018-03-31": "$103", "2017-12-31": "$99", "2017-09-30": "$401", "2017-06-30": "$198", "2017-03-31": "$62", "2016-12-31": "$72", "2016-09-30": "$342", "2016-06-30": "$145", "2016-03-31": "$73", "2015-12-31": "$38", "2015-09-30": "$252", "2015-06-30": "$158", "2015-03-31": "$-21", "2014-12-31": "$-26", "2014-09-30": "$201", "2014-06-30": "$112", "2014-03-31": "$51", "2013-12-31": "$36", "2013-09-30": "$171", "2013-06-30": "$-9", "2013-03-31": "$-96", "2012-12-31": "$1", "2012-09-30": "$128", "2012-06-30": "$36", "2012-03-31": "$3", "2011-12-31": "$-2", "2011-09-30": "$108", "2011-06-30": "$29", "2011-03-31": "$-8", "2010-12-31": ""}}, "eps-earnings-per-share-diluted": {"Norwegian Cruise Line Holdings Annual EPS": {"2019": "$4.30", "2018": "$4.25", "2017": "$3.31", "2016": "$2.78", "2015": "$1.86", "2014": "$1.62", "2013": "$0.49", "2012": "$0.94", "2011": "$0.71", "2010": "$0.13"}, "Norwegian Cruise Line Holdings Quarterly EPS": {"2020-09-30": "$-2.50", "2020-06-30": "$-2.99", "2020-03-31": "$-8.80", "2019-12-31": "$0.56", "2019-09-30": "$2.09", "2019-06-30": "$1.11", "2019-03-31": "$0.54", "2018-12-31": "$0.68", "2018-09-30": "$2.11", "2018-06-30": "$1.01", "2018-03-31": "$0.45", "2017-12-31": "$0.43", "2017-09-30": "$1.74", "2017-06-30": "$0.87", "2017-03-31": "$0.27", "2016-12-31": "$0.32", "2016-09-30": "$1.50", "2016-06-30": "$0.64", "2016-03-31": "$0.32", "2015-12-31": "$0.18", "2015-09-30": "$1.09", "2015-06-30": "$0.69", "2015-03-31": "$-0.10", "2014-12-31": "$-0.13", "2014-09-30": "$0.97", "2014-06-30": "$0.54", "2014-03-31": "$0.24", "2013-12-31": "$0.20", "2013-09-30": "$0.82", "2013-06-30": "$-0.04", "2013-03-31": "$-0.49", "2012-12-31": "$0.01", "2012-09-30": "$0.72", "2012-06-30": "$0.20", "2012-03-31": "$0.02", "2011-12-31": "$-0.01", "2011-09-30": "$0.60", "2011-06-30": "$0.16", "2011-03-31": "$-0.04", "2010-12-31": "$0.00"}}, "shares-outstanding": {"Norwegian Cruise Line Holdings Annual Shares Outstanding (Millions of Shares)": {"2019": "216", "2018": "224", "2017": "229", "2016": "228", "2015": "230", "2014": "212", "2013": "209", "2012": "179", "2011": "179", "2010": "178"}, "Norwegian Cruise Line Holdings Quarterly Shares Outstanding (Millions of Shares)": {"2020-09-30": "271", "2020-06-30": "239", "2020-03-31": "214", "2019-12-31": "216", "2019-09-30": "215", "2019-06-30": "217", "2019-03-31": "219", "2018-12-31": "224", "2018-09-30": "223", "2018-06-30": "224", "2018-03-31": "229", "2017-12-31": "229", "2017-09-30": "230", "2017-06-30": "229", "2017-03-31": "229", "2016-12-31": "228", "2016-09-30": "228", "2016-06-30": "228", "2016-03-31": "228", "2015-12-31": "230", "2015-09-30": "230", "2015-06-30": "230", "2015-03-31": "224", "2014-12-31": "212", "2014-09-30": "209", "2014-06-30": "210", "2014-03-31": "211", "2013-12-31": "209", "2013-09-30": "211", "2013-06-30": "204", "2013-03-31": "198", "2012-12-31": "179", "2012-09-30": "179", "2012-06-30": "179", "2012-03-31": "179", "2011-12-31": "194", "2011-09-30": "179", "2011-06-30": "183", "2011-03-31": "198", "2010-12-31": ""}}, "total-assets": {"Norwegian Cruise Line Holdings Annual Total Assets (Millions of US $)": {"2019": "$16,685", "2018": "$15,206", "2017": "$14,095", "2016": "$12,974", "2015": "$12,265", "2014": "$11,469", "2013": "$6,651", "2012": "$5,938", "2011": "$5,562", "2010": "$0"}, "Norwegian Cruise Line Holdings Quarterly Total Assets (Millions of US $)": {"2020-09-30": "$17,402", "2020-06-30": "$17,528", "2020-03-31": "$16,463", "2019-12-31": "$16,685", "2019-09-30": "$15,939", "2019-06-30": "$15,966", "2019-03-31": "$15,761", "2018-12-31": "$15,206", "2018-09-30": "$15,316", "2018-06-30": "$15,330", "2018-03-31": "$14,485", "2017-12-31": "$14,095", "2017-09-30": "$14,265", "2017-06-30": "$13,946", "2017-03-31": "$13,076", "2016-12-31": "$12,974", "2016-09-30": "$12,943", "2016-06-30": "$12,958", "2016-03-31": "$12,406", "2015-12-31": "$12,265", "2015-09-30": "$11,747", "2015-06-30": "$11,687", "2015-03-31": "$11,593", "2014-12-31": "$11,469", "2014-09-30": "$7,374", "2014-06-30": "$7,315", "2014-03-31": "$7,319", "2013-12-31": "$6,651", "2013-09-30": "$6,606", "2013-06-30": "$6,589", "2013-03-31": "$5,992", "2012-12-31": "$5,938", "2012-09-30": "$5,893", "2012-06-30": "$5,846", "2012-03-31": "$5,581", "2011-12-31": "$5,562", "2011-09-30": "$5,539", "2011-06-30": "$5,606", "2011-03-31": "$5,564", "2010-12-31": "$0"}}, "cash-on-hand": {"Norwegian Cruise Line Holdings Annual Cash on Hand (Millions of US $)": {"2019": "$253", "2018": "$164", "2017": "$176", "2016": "$128", "2015": "$116", "2014": "$85", "2013": "$56", "2012": "$46", "2011": "$59", "2010": "$"}, "Norwegian Cruise Line Holdings Quarterly Cash on Hand (Millions of US $)": {"2020-09-30": "$2,356", "2020-06-30": "$2,260", "2020-03-31": "$1,360", "2019-12-31": "$253", "2019-09-30": "$407", "2019-06-30": "$420", "2019-03-31": "$305", "2018-12-31": "$164", "2018-09-30": "$286", "2018-06-30": "$205", "2018-03-31": "$302", "2017-12-31": "$176", "2017-09-30": "$523", "2017-06-30": "$219", "2017-03-31": "$220", "2016-12-31": "$128", "2016-09-30": "$155", "2016-06-30": "$146", "2016-03-31": "$155", "2015-12-31": "$116", "2015-09-30": "$230", "2015-06-30": "$173", "2015-03-31": "$121", "2014-12-31": "$85", "2014-09-30": "$56", "2014-06-30": "$63", "2014-03-31": "$65", "2013-12-31": "$56", "2013-09-30": "$57", "2013-06-30": "$83", "2013-03-31": "$81", "2012-12-31": "$46", "2012-09-30": "$69", "2012-06-30": "$66", "2012-03-31": "$64", "2011-12-31": "$59", "2011-09-30": "$48", "2011-06-30": "$60", "2011-03-31": "$49", "2010-12-31": ""}}, "long-term-debt": {"Norwegian Cruise Line Holdings Annual Long Term Debt (Millions of US $)": {"2019": "$6,055", "2018": "$5,811", "2017": "$5,688", "2016": "$5,838", "2015": "$5,768", "2014": "$5,503", "2013": "$2,841", "2012": "$2,764", "2011": "$2,837", "2010": "$"}, "Norwegian Cruise Line Holdings Quarterly Long Term Debt (Millions of US $)": {"2020-09-30": "$10,465", "2020-06-30": "$10,012", "2020-03-31": "$8,432", "2019-12-31": "$6,055", "2019-09-30": "$5,673", "2019-06-30": "$5,744", "2019-03-31": "$5,934", "2018-12-31": "$5,811", "2018-09-30": "$5,875", "2018-06-30": "$6,149", "2018-03-31": "$5,580", "2017-12-31": "$5,688", "2017-09-30": "$6,003", "2017-06-30": "$6,083", "2017-03-31": "$5,644", "2016-12-31": "$5,838", "2016-09-30": "$5,815", "2016-06-30": "$5,971", "2016-03-31": "$5,670", "2015-12-31": "$5,768", "2015-09-30": "$5,096", "2015-06-30": "$5,178", "2015-03-31": "$5,379", "2014-12-31": "$5,503", "2014-09-30": "$3,082", "2014-06-30": "$3,129", "2014-03-31": "$3,290", "2013-12-31": "$2,841", "2013-09-30": "$2,830", "2013-06-30": "$2,919", "2013-03-31": "$2,417", "2012-12-31": "$2,764", "2012-09-30": "$2,727", "2012-06-30": "$2,761", "2012-03-31": "$2,764", "2011-12-31": "$2,837", "2011-09-30": "$2,847", "2011-06-30": "$2,940", "2011-03-31": "$2,993", "2010-12-31": ""}}, "total-liabilities": {"Norwegian Cruise Line Holdings Annual Total Liabilities (Millions of US $)": {"2019": "$10,169", "2018": "$9,243", "2017": "$8,345", "2016": "$8,436", "2015": "$8,484", "2014": "$7,950", "2013": "$4,020", "2012": "$3,920", "2011": "$3,718", "2010": "$0"}, "Norwegian Cruise Line Holdings Quarterly Total Liabilities (Millions of US $)": {"2020-09-30": "$13,314", "2020-06-30": "$13,191", "2020-03-31": "$12,088", "2019-12-31": "$10,169", "2019-09-30": "$9,665", "2019-06-30": "$9,816", "2019-03-31": "$9,856", "2018-12-31": "$9,243", "2018-09-30": "$9,118", "2018-06-30": "$9,643", "2018-03-31": "$8,846", "2017-12-31": "$8,345", "2017-09-30": "$8,728", "2017-06-30": "$8,954", "2017-03-31": "$8,451", "2016-12-31": "$8,436", "2016-09-30": "$8,407", "2016-06-30": "$8,839", "2016-03-31": "$8,478", "2015-12-31": "$8,484", "2015-09-30": "$7,828", "2015-06-30": "$7,947", "2015-03-31": "$8,113", "2014-12-31": "$7,950", "2014-09-30": "$4,490", "2014-06-30": "$4,600", "2014-03-31": "$4,649", "2013-12-31": "$4,020", "2013-09-30": "$4,031", "2013-06-30": "$4,204", "2013-03-31": "$3,590", "2012-12-31": "$3,920", "2012-09-30": "$3,881", "2012-06-30": "$4,001", "2012-03-31": "$3,711", "2011-12-31": "$3,718", "2011-09-30": "$3,694", "2011-06-30": "$3,837", "2011-03-31": "$3,825", "2010-12-31": "$0"}}, "total-share-holder-equity": {"Norwegian Cruise Line Holdings Annual Share Holder Equity (Millions of US $)": {"2019": "$6,516", "2018": "$5,963", "2017": "$5,750", "2016": "$4,538", "2015": "$3,781", "2014": "$3,519", "2013": "$2,631", "2012": "$2,019", "2011": "$1,844", "2010": "$0"}, "Norwegian Cruise Line Holdings Quarterly Share Holder Equity (Millions of US $)": {"2020-09-30": "$4,088", "2020-06-30": "$4,337", "2020-03-31": "$4,375", "2019-12-31": "$6,516", "2019-09-30": "$6,273", "2019-06-30": "$6,150", "2019-03-31": "$5,905", "2018-12-31": "$5,963", "2018-09-30": "$6,198", "2018-06-30": "$5,687", "2018-03-31": "$5,639", "2017-12-31": "$5,750", "2017-09-30": "$5,538", "2017-06-30": "$4,992", "2017-03-31": "$4,625", "2016-12-31": "$4,538", "2016-09-30": "$4,537", "2016-06-30": "$4,118", "2016-03-31": "$3,928", "2015-12-31": "$3,781", "2015-09-30": "$3,919", "2015-06-30": "$3,740", "2015-03-31": "$3,479", "2014-12-31": "$3,519", "2014-09-30": "$2,884", "2014-06-30": "$2,715", "2014-03-31": "$2,670", "2013-12-31": "$2,631", "2013-09-30": "$2,575", "2013-06-30": "$2,384", "2013-03-31": "$2,402", "2012-12-31": "$2,019", "2012-09-30": "$2,012", "2012-06-30": "$1,845", "2012-03-31": "$1,870", "2011-12-31": "$1,844", "2011-09-30": "$1,845", "2011-06-30": "$1,769", "2011-03-31": "$1,739", "2010-12-31": "$0"}}, "profit-margins": {"current": "-114.59%"}, "gross margin": {"2020-09-30": "13.70%", "2020-06-30": "31.85%", "2020-03-31": "39.25%", "2019-12-31": "43.31%", "2019-09-30": "43.53%", "2019-06-30": "44.01%", "2019-03-31": "44.27%", "2018-12-31": "44.22%", "2018-09-30": "44.05%", "2018-06-30": "43.62%", "2018-03-31": "43.82%", "2017-12-31": "43.23%", "2017-09-30": "43.00%", "2017-06-30": "42.17%", "2017-03-31": "41.27%", "2016-12-31": "41.52%", "2016-09-30": "41.22%", "2016-06-30": "40.11%", "2016-03-31": "39.87%", "2015-12-31": "38.87%", "2015-09-30": "38.56%", "2015-06-30": "37.89%", "2015-03-31": "37.50%", "2014-12-31": "37.72%", "2014-09-30": "37.18%", "2014-06-30": "36.70%", "2014-03-31": "35.70%", "2013-12-31": "35.53%", "2013-09-30": "35.95%", "2013-06-30": "35.21%", "2013-03-31": "34.92%", "2012-12-31": "35.03%", "2012-09-30": "34.63%", "2012-06-30": "34.25%", "2012-03-31": "34.06%", "2011-12-31": "33.81%"}, "operating margin": {"2020-09-30": "-99.49%", "2020-06-30": "-36.66%", "2020-03-31": "-12.75%", "2019-12-31": "18.23%", "2019-09-30": "18.69%", "2019-06-30": "19.45%", "2019-03-31": "19.63%", "2018-12-31": "20.14%", "2018-09-30": "20.02%", "2018-06-30": "19.47%", "2018-03-31": "19.79%", "2017-12-31": "19.44%", "2017-09-30": "19.46%", "2017-06-30": "18.86%", "2017-03-31": "18.49%", "2016-12-31": "18.99%", "2016-09-30": "18.59%", "2016-06-30": "17.07%", "2016-03-31": "17.24%", "2015-12-31": "16.16%", "2015-09-30": "15.38%", "2015-06-30": "15.00%", "2015-03-31": "14.41%", "2014-12-31": "16.09%", "2014-09-30": "17.64%", "2014-06-30": "17.36%", "2014-03-31": "16.15%", "2013-12-31": "15.37%", "2013-09-30": "15.49%", "2013-06-30": "14.86%", "2013-03-31": "14.90%", "2012-12-31": "15.65%", "2012-09-30": "15.44%", "2012-06-30": "15.00%", "2012-03-31": "14.60%", "2011-12-31": "14.23%"}, "ebitda margin": {"2020-09-30": "-72.97%", "2020-06-30": "-21.64%", "2020-03-31": "23.41%", "2019-12-31": "28.24%", "2019-09-30": "28.56%", "2019-06-30": "29.25%", "2019-03-31": "29.39%", "2018-12-31": "29.50%", "2018-09-30": "29.43%", "2018-06-30": "29.05%", "2018-03-31": "29.45%", "2017-12-31": "29.09%", "2017-09-30": "29.00%", "2017-06-30": "28.29%", "2017-03-31": "27.83%", "2016-12-31": "28.14%", "2016-09-30": "27.99%", "2016-06-30": "26.84%", "2016-03-31": "27.29%", "2015-12-31": "26.54%", "2015-09-30": "25.65%", "2015-06-30": "25.22%", "2015-03-31": "24.41%", "2014-12-31": "25.85%", "2014-09-30": "27.10%", "2014-06-30": "26.91%", "2014-03-31": "25.76%", "2013-12-31": "24.90%", "2013-09-30": "25.03%", "2013-06-30": "24.52%", "2013-03-31": "24.48%", "2012-12-31": "25.19%", "2012-09-30": "24.86%", "2012-06-30": "24.45%", "2012-03-31": "24.06%", "2011-12-31": "23.73%"}, "pre tax profit margin": {"2020-09-30": "-115.30%", "2020-06-30": "-43.57%", "2020-03-31": "-16.81%", "2019-12-31": "14.10%", "2019-09-30": "14.82%", "2019-06-30": "15.25%", "2019-03-31": "15.38%", "2018-12-31": "16.02%", "2018-09-30": "15.41%", "2018-06-30": "14.68%", "2018-03-31": "14.66%", "2017-12-31": "14.27%", "2017-09-30": "14.17%", "2017-06-30": "13.48%", "2017-03-31": "12.75%", "2016-12-31": "13.15%", "2016-09-30": "12.70%", "2016-06-30": "11.23%", "2016-03-31": "11.77%", "2015-12-31": "9.97%", "2015-09-30": "9.06%", "2015-06-30": "8.66%", "2015-03-31": "8.15%", "2014-12-31": "10.88%", "2014-09-30": "13.65%", "2014-06-30": "13.30%", "2014-03-31": "9.31%", "2013-12-31": "4.47%", "2013-09-30": "3.19%", "2013-06-30": "1.15%", "2013-03-31": "3.10%", "2012-12-31": "7.43%", "2012-09-30": "14.64%", "2012-06-30": "6.61%", "2012-03-31": "6.34%", "2011-12-31": "5.76%"}, "net profit margin": {"2020-09-30": "-114.53%", "2020-06-30": "-43.44%", "2020-03-31": "-16.95%", "2019-12-31": "14.39%", "2019-09-30": "15.15%", "2019-06-30": "15.59%", "2019-03-31": "15.73%", "2018-12-31": "15.77%", "2018-09-30": "15.18%", "2018-06-30": "14.52%", "2018-03-31": "14.46%", "2017-12-31": "14.08%", "2017-09-30": "13.90%", "2017-06-30": "13.20%", "2017-03-31": "12.55%", "2016-12-31": "12.96%", "2016-09-30": "12.49%", "2016-06-30": "11.07%", "2016-03-31": "11.62%", "2015-12-31": "9.83%", "2015-09-30": "8.86%", "2015-06-30": "8.39%", "2015-03-31": "7.82%", "2014-12-31": "10.81%", "2014-09-30": "13.62%", "2014-06-30": "13.08%", "2014-03-31": "9.20%", "2013-12-31": "3.97%", "2013-09-30": "2.71%", "2013-06-30": "1.02%", "2013-03-31": "3.02%", "2012-12-31": "7.38%", "2012-09-30": "7.30%", "2012-06-30": "6.43%", "2012-03-31": "6.16%", "2011-12-31": "5.72%"}, "pe ratio": {"current": "0.00", "2021-02-05": "0.00", "2020-09-30": "0.00", "2020-06-30": "0.00", "2020-03-31": "0.00", "2019-12-31": "13.58", "2019-09-30": "11.66", "2019-06-30": "12.02", "2019-03-31": "12.61", "2018-12-31": "9.93", "2018-09-30": "14.36", "2018-06-30": "13.02", "2018-03-31": "15.18", "2017-12-31": "16.09", "2017-09-30": "16.89", "2017-06-30": "18.34", "2017-03-31": "18.58", "2016-12-31": "15.30", "2016-09-30": "14.33", "2016-06-30": "17.95", "2016-03-31": "24.36", "2015-12-31": "31.68", "2015-09-30": "36.73", "2015-06-30": "38.92", "2015-03-31": "41.87", "2014-12-31": "28.69", "2014-09-30": "18.76", "2014-06-30": "17.91", "2014-03-31": "27.12", "2013-12-31": "77.11"}, "price sales": {"2021-02-05": "1.94", "2020-09-30": "1.34", "2020-06-30": "0.76", "2020-03-31": "0.37", "2019-12-31": "1.96", "2019-09-30": "1.78", "2019-06-30": "1.88", "2019-03-31": "1.98", "2018-12-31": "1.57", "2018-09-30": "2.19", "2018-06-30": "1.89", "2018-03-31": "2.19", "2017-12-31": "2.26", "2017-09-30": "2.35", "2017-06-30": "2.43", "2017-03-31": "2.34", "2016-12-31": "1.99", "2016-09-30": "1.80", "2016-06-30": "1.99", "2016-03-31": "2.83", "2015-12-31": "3.09", "2015-09-30": "3.15", "2015-06-30": "3.30", "2015-03-31": "3.40", "2014-12-31": "3.15", "2014-09-30": "2.57", "2014-06-30": "2.36", "2014-03-31": "2.49", "2013-12-31": "2.84"}, "price book": {"current": "1.67", "2021-02-05": "1.67", "2020-09-30": "1.15", "2020-06-30": "0.97", "2020-03-31": "0.54", "2019-12-31": "1.91", "2019-09-30": "1.76", "2019-06-30": "1.88", "2019-03-31": "2.00", "2018-12-31": "1.55", "2018-09-30": "2.05", "2018-06-30": "1.84", "2018-03-31": "2.11", "2017-12-31": "2.12", "2017-09-30": "2.23", "2017-06-30": "2.48", "2017-03-31": "2.55", "2016-12-31": "2.13", "2016-09-30": "1.89", "2016-06-30": "2.20", "2016-03-31": "3.20", "2015-12-31": "3.53", "2015-09-30": "3.35", "2015-06-30": "3.43", "2015-03-31": "3.57", "2014-12-31": "3.02", "2014-09-30": "2.54", "2014-06-30": "2.37", "2014-03-31": "2.48", "2013-12-31": "2.77", "2013-09-30": "2.46", "2013-06-30": "2.59", "2013-03-31": "2.52"}, "price fcf": {"2021-02-05": "", "2020-09-30": "$-13.29", "2020-06-30": "$-10.62", "2020-03-31": "$-3.68", "2019-12-31": "$0.86", "2019-09-30": "$4.51", "2019-06-30": "$5.15", "2019-03-31": "$1.66", "2018-12-31": "$2.27", "2018-09-30": "$1.61", "2018-06-30": "$1.64", "2018-03-31": "$1.65", "2017-12-31": "$1.00", "2017-09-30": "$1.00", "2017-06-30": "$0.19", "2017-03-31": "$1.27", "2016-12-31": "$0.75", "2016-09-30": "$-2.38", "2016-06-30": "$-2.62", "2016-03-31": "$-0.56", "2015-12-31": "$-0.35", "2015-09-30": "$2.03", "2015-06-30": "$1.92", "2015-03-31": "$1.98", "2014-12-31": "$-1.55", "2014-09-30": "$-0.63", "2014-06-30": "$-0.72", "2014-03-31": "$-4.36", "2013-12-31": "$-1.92"}, "net worth": {"value": "$6.81B"}, "current ratio": {"current": "1.14", "2020-09-30": "1.14", "2020-06-30": "1.07", "2020-03-31": "0.57", "2019-12-31": "0.20", "2019-09-30": "0.25", "2019-06-30": "0.25", "2019-03-31": "0.22", "2018-12-31": "0.18", "2018-09-30": "0.24", "2018-06-30": "0.20", "2018-03-31": "0.25", "2017-12-31": "0.21", "2017-09-30": "0.34", "2017-06-30": "0.19", "2017-03-31": "0.20", "2016-12-31": "0.18", "2016-09-30": "0.19", "2016-06-30": "0.17", "2016-03-31": "0.16", "2015-12-31": "0.14", "2015-09-30": "0.18", "2015-06-30": "0.16", "2015-03-31": "0.14", "2014-12-31": "0.14", "2014-09-30": "0.15", "2014-06-30": "0.15", "2014-03-31": "0.15", "2013-12-31": "0.17", "2013-09-30": "0.17", "2013-06-30": "0.17", "2013-03-31": "0.20", "2012-12-31": "0.18", "2012-09-30": "0.21", "2012-06-30": "0.16", "2012-03-31": "0.21", "2011-12-31": "0.19", "2011-09-30": "0.19", "2011-06-30": "0.20", "2011-03-31": "0.20", "2010-12-31": "0.00"}, "quick ratio": {"2020-09-30": "1.10", "2020-06-30": "1.03", "2020-03-31": "0.54", "2019-12-31": "0.18", "2019-09-30": "0.22", "2019-06-30": "0.23", "2019-03-31": "0.20", "2018-12-31": "0.15", "2018-09-30": "0.21", "2018-06-30": "0.18", "2018-03-31": "0.22", "2017-12-31": "0.18", "2017-09-30": "0.31", "2017-06-30": "0.17", "2017-03-31": "0.17", "2016-12-31": "0.15", "2016-09-30": "0.16", "2016-06-30": "0.14", "2016-03-31": "0.13", "2015-12-31": "0.12", "2015-09-30": "0.16", "2015-06-30": "0.14", "2015-03-31": "0.11", "2014-12-31": "0.11", "2014-09-30": "0.11", "2014-06-30": "0.11", "2014-03-31": "0.11", "2013-12-31": "0.13", "2013-09-30": "0.13", "2013-06-30": "0.13", "2013-03-31": "0.16", "2012-12-31": "0.13", "2012-09-30": "0.16", "2012-06-30": "0.12", "2012-03-31": "0.17", "2011-12-31": "0.14", "2011-09-30": "0.13", "2011-06-30": "0.15", "2011-03-31": "0.15", "2010-12-31": "0.00"}, "debt equity ratio": {"current": "2.56", "2020-09-30": "3.26", "2020-06-30": "3.04", "2020-03-31": "2.76", "2019-12-31": "1.56", "2019-09-30": "1.54", "2019-06-30": "1.60", "2019-03-31": "1.67", "2018-12-31": "1.55", "2018-09-30": "1.47", "2018-06-30": "1.70", "2018-03-31": "1.57", "2017-12-31": "1.45", "2017-09-30": "1.58", "2017-06-30": "1.79", "2017-03-31": "1.83", "2016-12-31": "1.86", "2016-09-30": "1.85", "2016-06-30": "2.15", "2016-03-31": "2.16", "2015-12-31": "2.24", "2015-09-30": "2.00", "2015-06-30": "2.13", "2015-03-31": "2.33", "2014-12-31": "2.26", "2014-09-30": "1.56", "2014-06-30": "1.69", "2014-03-31": "1.74", "2013-12-31": "1.53", "2013-09-30": "1.57", "2013-06-30": "1.76", "2013-03-31": "1.50", "2012-12-31": "1.94", "2012-09-30": "1.93", "2012-06-30": "2.17", "2012-03-31": "1.99", "2011-12-31": "2.02", "2011-09-30": "2.00", "2011-06-30": "2.17", "2011-03-31": "2.20", "2010-12-31": "0.00"}, "return on equity": {"2020-09-30": "-65.27%", "2020-06-30": "-37.65%", "2020-03-31": "-18.34%", "2019-12-31": "14.97%", "2019-09-30": "15.87%", "2019-06-30": "16.24%", "2019-03-31": "16.33%", "2018-12-31": "16.26%", "2018-09-30": "15.45%", "2018-06-30": "14.68%", "2018-03-31": "14.62%", "2017-12-31": "14.54%", "2017-09-30": "14.89%", "2017-06-30": "14.42%", "2017-03-31": "13.94%", "2016-12-31": "14.77%", "2016-09-30": "14.62%", "2016-06-30": "12.90%", "2016-03-31": "13.56%", "2015-12-31": "11.45%", "2015-09-30": "9.91%", "2015-06-30": "9.16%", "2015-03-31": "8.45%", "2014-12-31": "11.47%", "2014-09-30": "14.68%", "2014-06-30": "13.97%", "2014-03-31": "9.71%", "2013-12-31": "4.08%", "2013-09-30": "2.86%", "2013-06-30": "1.09%", "2013-03-31": "3.33%", "2012-12-31": "8.68%", "2012-09-30": "8.72%", "2012-06-30": "7.83%", "2012-03-31": "7.53%", "2011-12-31": "7.06%"}, "return on assets": {"2020-09-30": "-18.52%", "2020-06-30": "-12.15%", "2020-03-31": "-6.57%", "2019-12-31": "5.78%", "2019-09-30": "6.13%", "2019-06-30": "6.32%", "2019-03-31": "6.30%", "2018-12-31": "6.33%", "2018-09-30": "6.07%", "2018-06-30": "5.71%", "2018-03-31": "5.64%", "2017-12-31": "5.49%", "2017-09-30": "5.40%", "2017-06-30": "5.09%", "2017-03-31": "4.78%", "2016-12-31": "4.93%", "2016-09-30": "4.73%", "2016-06-30": "4.12%", "2016-03-31": "4.33%", "2015-12-31": "3.61%", "2015-09-30": "3.12%", "2015-06-30": "2.96%", "2015-03-31": "2.82%", "2014-12-31": "4.04%", "2014-09-30": "5.58%", "2014-06-30": "5.31%", "2014-03-31": "3.67%", "2013-12-31": "1.58%", "2013-09-30": "1.07%", "2013-06-30": "0.39%", "2013-03-31": "1.17%", "2012-12-31": "2.89%", "2012-09-30": "2.88%", "2012-06-30": "2.57%", "2012-03-31": "2.48%", "2011-12-31": "2.28%"}, "return on investments": {"2020-09-30": "-20.18%", "2020-06-30": "-13.22%", "2020-03-31": "-6.53%", "2019-12-31": "9.77%", "2019-09-30": "10.02%", "2019-06-30": "10.32%", "2019-03-31": "10.18%", "2018-12-31": "10.40%", "2018-09-30": "10.19%", "2018-06-30": "9.67%", "2018-03-31": "9.68%", "2017-12-31": "9.47%", "2017-09-30": "9.49%", "2017-06-30": "9.16%", "2017-03-31": "8.91%", "2016-12-31": "9.16%", "2016-09-30": "8.99%", "2016-06-30": "8.19%", "2016-03-31": "8.34%", "2015-12-31": "7.73%", "2015-09-30": "7.04%", "2015-06-30": "6.81%", "2015-03-31": "6.60%", "2014-12-31": "7.51%", "2014-09-30": "8.91%", "2014-06-30": "8.66%", "2014-03-31": "7.90%", "2013-12-31": "7.52%", "2013-09-30": "7.54%", "2013-06-30": "7.11%", "2013-03-31": "7.20%", "2012-12-31": "7.59%", "2012-09-30": "7.48%", "2012-06-30": "7.26%", "2012-03-31": "6.99%", "2011-12-31": "6.72%"}, "return on tangible equity": {"2020-09-30": "-82.34%", "2020-06-30": "-50.95%", "2020-03-31": "-26.57%", "2019-12-31": "23.22%", "2019-09-30": "24.93%", "2019-06-30": "25.55%", "2019-03-31": "25.99%", "2018-12-31": "26.05%", "2018-09-30": "24.89%", "2018-06-30": "24.08%", "2018-03-31": "24.47%", "2017-12-31": "25.17%", "2017-09-30": "26.98%", "2017-06-30": "27.33%", "2017-03-31": "27.62%", "2016-12-31": "30.48%", "2016-09-30": "31.74%", "2016-06-30": "29.37%", "2016-03-31": "32.56%", "2015-12-31": "29.48%", "2015-09-30": "26.25%", "2015-06-30": "20.49%", "2015-03-31": "15.64%", "2014-12-31": "17.45%", "2014-09-30": "18.92%", "2014-06-30": "18.17%", "2014-03-31": "12.74%", "2013-12-31": "5.41%", "2013-09-30": "3.87%", "2013-06-30": "1.51%", "2013-03-31": "4.73%", "2012-12-31": "12.68%", "2012-09-30": "12.85%", "2012-06-30": "11.65%", "2012-03-31": "11.24%", "2011-12-31": "10.61%"}, "dividend yield history": {"last payout": "$0.00", "last yield": "0.00%"}}