{"ticker": "NRG", "price": {"title": "NRG Energy Historical Annual Stock Price Data", "value": 42.88, "historical": {"2020": {"Average Stock Price": "33.3070", "Year Open": "38.8000", "Year High": "40.0600", "Year Low": "21.9900", "Year Close": "37.5500", "Annual % Change": "-5.53%"}, "2019": {"Average Stock Price": "38.6657", "Year Open": "38.1100", "Year High": "43.3700", "Year Low": "33.3000", "Year Close": "39.7500", "Annual % Change": "0.38%"}, "2018": {"Average Stock Price": "32.9987", "Year Open": "28.9000", "Year High": "42.6800", "Year Low": "24.0000", "Year Close": "39.6000", "Annual % Change": "39.04%"}, "2017": {"Average Stock Price": "21.0695", "Year Open": "12.3000", "Year High": "29.4900", "Year Low": "12.3000", "Year Close": "28.4800", "Annual % Change": "132.30%"}, "2016": {"Average Stock Price": "12.7185", "Year Open": "11.5300", "Year High": "17.9000", "Year Low": "8.9800", "Year Close": "12.2600", "Annual % Change": "4.16%"}, "2015": {"Average Stock Price": "20.6124", "Year Open": "27.5000", "Year High": "27.5000", "Year Low": "9.0000", "Year Close": "11.7700", "Annual % Change": "-56.33%"}, "2014": {"Average Stock Price": "30.9976", "Year Open": "28.5800", "Year High": "37.6600", "Year Low": "25.8300", "Year Close": "26.9500", "Annual % Change": "-6.16%"}, "2013": {"Average Stock Price": "26.5752", "Year Open": "22.9000", "Year High": "30.1100", "Year Low": "22.6800", "Year Close": "28.7200", "Annual % Change": "24.92%"}, "2012": {"Average Stock Price": "18.6718", "Year Open": "17.9700", "Year High": "23.6500", "Year Low": "14.3400", "Year Close": "22.9900", "Annual % Change": "26.88%"}, "2011": {"Average Stock Price": "21.7704", "Year Open": "19.8300", "Year High": "25.4100", "Year Low": "17.5700", "Year Close": "18.1200", "Annual % Change": "-7.27%"}, "2010": {"Average Stock Price": "21.7736", "Year Open": "23.8700", "Year High": "25.1700", "Year Low": "18.3100", "Year Close": "19.5400", "Annual % Change": "-17.24%"}, "2009": {"Average Stock Price": "23.4086", "Year Open": "23.6400", "Year High": "29.1300", "Year Low": "16.3400", "Year Close": "23.6100", "Annual % Change": "1.20%"}, "2008": {"Average Stock Price": "34.6081", "Year Open": "42.8200", "Year High": "44.9600", "Year Low": "15.1700", "Year Close": "23.3300", "Annual % Change": "-46.17%"}, "2007": {"Average Stock Price": "39.1675", "Year Open": "27.9150", "Year High": "46.9000", "Year Low": "27.2550", "Year Close": "43.3400", "Annual % Change": "54.76%"}, "2006": {"Average Stock Price": "24.2925", "Year Open": "23.9750", "Year High": "29.3900", "Year Low": "21.2650", "Year Close": "28.0050", "Annual % Change": "18.87%"}, "2005": {"Average Stock Price": "19.1742", "Year Open": "17.7050", "Year High": "24.2750", "Year Low": "15.3500", "Year Close": "23.5600", "Annual % Change": "30.71%"}, "2004": {"Average Stock Price": "12.4652", "Year Open": "11.2250", "Year High": "18.0250", "Year Low": "9.2200", "Year Close": "18.0250", "Annual % Change": "64.61%"}, "2003": {"Average Stock Price": "10.7958", "Year Open": "9.6250", "Year High": "11.4750", "Year Low": "9.6250", "Year Close": "10.9500", "Annual % Change": "0.00%"}}}, "market cap": {"value": "$10.43B"}, "income statement": {"Revenue": {"2019-12-31": "9821.00000", "2018-12-31": "9478.00000", "2017-12-31": "9074.00000", "2016-12-31": "8915.00000", "2015-12-31": "12328.00000", "2014-12-31": "15868.00000", "2013-12-31": "11295.00000", "2012-12-31": "8422.00000", "2011-12-31": "9079.00000", "2010-12-31": "8849.00000", "2009-12-31": "8952.00000", "2008-12-31": "6885.00000", "2007-12-31": "5989.00000", "2006-12-31": "5585.00000", "2005-12-31": "2400.00000"}, "Cost Of Goods Sold": {"2019-12-31": "7303.00000", "2018-12-31": "7108.00000", "2017-12-31": "6886.00000", "2016-12-31": "6676.00000", "2015-12-31": "9000.00000", "2014-12-31": "11808.00000", "2013-12-31": "8130.00000", "2012-12-31": "6140.00000", "2011-12-31": "6745.00000", "2010-12-31": "6073.00000", "2009-12-31": "5323.00000", "2008-12-31": "3598.00000", "2007-12-31": "3378.00000", "2006-12-31": "3265.00000", "2005-12-31": "1829.00000"}, "Gross Profit": {"2019-12-31": "2518.00000", "2018-12-31": "2370.00000", "2017-12-31": "2188.00000", "2016-12-31": "2239.00000", "2015-12-31": "3328.00000", "2014-12-31": "4060.00000", "2013-12-31": "3165.00000", "2012-12-31": "2282.00000", "2011-12-31": "2334.00000", "2010-12-31": "2776.00000", "2009-12-31": "3629.00000", "2008-12-31": "3287.00000", "2007-12-31": "2611.00000", "2006-12-31": "2320.00000", "2005-12-31": "571.00000"}, "Research And Development Expenses": {"2019-12-31": "7.00000", "2018-12-31": "11.00000", "2017-12-31": "22.00000", "2016-12-31": "48.00000", "2015-12-31": "154.00000", "2014-12-31": "88.00000", "2013-12-31": "84.00000", "2012-12-31": "68.00000", "2011-12-31": "57.00000", "2010-12-31": "55.00000", "2009-12-31": "48.00000", "2008-12-31": "46.00000", "2007-12-31": "101.00000", "2006-12-31": "36.00000", "2005-12-31": ""}, "SG&A Expenses": {"2019-12-31": "827.00000", "2018-12-31": "799.00000", "2017-12-31": "836.00000", "2016-12-31": "1032.00000", "2015-12-31": "1228.00000", "2014-12-31": "1016.00000", "2013-12-31": "895.00000", "2012-12-31": "807.00000", "2011-12-31": "586.00000", "2010-12-31": "598.00000", "2009-12-31": "550.00000", "2008-12-31": "319.00000", "2007-12-31": "309.00000", "2006-12-31": "276.00000", "2005-12-31": "176.00000"}, "Other Operating Income Or Expenses": {"2019-12-31": "2.00000", "2018-12-31": "-67.00000", "2017-12-31": "-1431.00000", "2016-12-31": "-370.00000", "2015-12-31": "-4646.00000", "2014-12-31": "-78.00000", "2013-12-31": "-459.00000", "2012-12-31": "", "2011-12-31": "-160.00000", "2010-12-31": "23.00000", "2009-12-31": "", "2008-12-31": "", "2007-12-31": "17.00000", "2006-12-31": "", "2005-12-31": "-12.00000"}, "Operating Expenses": {"2019-12-31": "8531.00000", "2018-12-31": "8496.00000", "2017-12-31": "9815.00000", "2016-12-31": "8882.00000", "2015-12-31": "16379.00000", "2014-12-31": "14597.00000", "2013-12-31": "10952.00000", "2012-12-31": "8072.00000", "2011-12-31": "8444.00000", "2010-12-31": "7541.00000", "2009-12-31": "6793.00000", "2008-12-31": "4612.00000", "2007-12-31": "4429.00000", "2006-12-31": "4167.00000", "2005-12-31": "2175.00000"}, "Operating Income": {"2019-12-31": "1290.00000", "2018-12-31": "982.00000", "2017-12-31": "-741.00000", "2016-12-31": "33.00000", "2015-12-31": "-4051.00000", "2014-12-31": "1271.00000", "2013-12-31": "343.00000", "2012-12-31": "350.00000", "2011-12-31": "635.00000", "2010-12-31": "1308.00000", "2009-12-31": "2159.00000", "2008-12-31": "2273.00000", "2007-12-31": "1560.00000", "2006-12-31": "1418.00000", "2005-12-31": "225.00000"}, "Total Non-Operating Income/Expense": {"2019-12-31": "-504.00000", "2018-12-31": "-515.00000", "2017-12-31": "-648.00000", "2016-12-31": "-964.00000", "2015-12-31": "-935.00000", "2014-12-31": "-1136.00000", "2013-12-31": "-977.00000", "2012-12-31": "-362.00000", "2011-12-31": "-1281.00000", "2010-12-31": "-555.00000", "2009-12-31": "-490.00000", "2008-12-31": "-507.00000", "2007-12-31": "-627.00000", "2006-12-31": "-553.00000", "2005-12-31": "-115.00000"}, "Pre-Tax Income": {"2019-12-31": "786.00000", "2018-12-31": "467.00000", "2017-12-31": "-1389.00000", "2016-12-31": "-931.00000", "2015-12-31": "-4986.00000", "2014-12-31": "135.00000", "2013-12-31": "-634.00000", "2012-12-31": "-12.00000", "2011-12-31": "-646.00000", "2010-12-31": "753.00000", "2009-12-31": "1669.00000", "2008-12-31": "1766.00000", "2007-12-31": "933.00000", "2006-12-31": "865.00000", "2005-12-31": "110.00000"}, "Income Taxes": {"2019-12-31": "-3334.00000", "2018-12-31": "7.00000", "2017-12-31": "-44.00000", "2016-12-31": "25.00000", "2015-12-31": "1345.00000", "2014-12-31": "3.00000", "2013-12-31": "-282.00000", "2012-12-31": "-327.00000", "2011-12-31": "-843.00000", "2010-12-31": "277.00000", "2009-12-31": "728.00000", "2008-12-31": "713.00000", "2007-12-31": "377.00000", "2006-12-31": "322.00000", "2005-12-31": "42.00000"}, "Income After Taxes": {"2019-12-31": "4120.00000", "2018-12-31": "460.00000", "2017-12-31": "-1345.00000", "2016-12-31": "-956.00000", "2015-12-31": "-6331.00000", "2014-12-31": "132.00000", "2013-12-31": "-352.00000", "2012-12-31": "315.00000", "2011-12-31": "197.00000", "2010-12-31": "476.00000", "2009-12-31": "941.00000", "2008-12-31": "1053.00000", "2007-12-31": "556.00000", "2006-12-31": "543.00000", "2005-12-31": "68.00000"}, "Other Income": {"2019-12-31": "", "2018-12-31": "", "2017-12-31": "", "2016-12-31": "", "2015-12-31": "", "2014-12-31": "", "2013-12-31": "", "2012-12-31": "", "2011-12-31": "", "2010-12-31": "", "2009-12-31": "", "2008-12-31": "", "2007-12-31": "", "2006-12-31": "", "2005-12-31": ""}, "Income From Continuous Operations": {"2019-12-31": "4120.00000", "2018-12-31": "460.00000", "2017-12-31": "-1345.00000", "2016-12-31": "-956.00000", "2015-12-31": "-6331.00000", "2014-12-31": "132.00000", "2013-12-31": "-352.00000", "2012-12-31": "315.00000", "2011-12-31": "197.00000", "2010-12-31": "476.00000", "2009-12-31": "941.00000", "2008-12-31": "1053.00000", "2007-12-31": "556.00000", "2006-12-31": "543.00000", "2005-12-31": "68.00000"}, "Income From Discontinued Operations": {"2019-12-31": "321.00000", "2018-12-31": "-192.00000", "2017-12-31": "-992.00000", "2016-12-31": "65.00000", "2015-12-31": "-105.00000", "2014-12-31": "", "2013-12-31": "", "2012-12-31": "", "2011-12-31": "", "2010-12-31": "", "2009-12-31": "", "2008-12-31": "172.00000", "2007-12-31": "17.00000", "2006-12-31": "78.00000", "2005-12-31": "16.00000"}, "Net Income": {"2019-12-31": "4438.00000", "2018-12-31": "268.00000", "2017-12-31": "-2153.00000", "2016-12-31": "-701.00000", "2015-12-31": "-6402.00000", "2014-12-31": "78.00000", "2013-12-31": "-395.00000", "2012-12-31": "286.00000", "2011-12-31": "188.00000", "2010-12-31": "468.00000", "2009-12-31": "909.00000", "2008-12-31": "1170.00000", "2007-12-31": "518.00000", "2006-12-31": "571.00000", "2005-12-31": "64.00000"}, "EBITDA": {"2019-12-31": "1850.00000", "2018-12-31": "1588.00000", "2017-12-31": "68.00000", "2016-12-31": "965.00000", "2015-12-31": "-2418.00000", "2014-12-31": "2959.00000", "2013-12-31": "1674.00000", "2012-12-31": "1557.00000", "2011-12-31": "1797.00000", "2010-12-31": "2252.00000", "2009-12-31": "3236.00000", "2008-12-31": "2754.00000", "2007-12-31": "2142.00000", "2006-12-31": "1675.00000", "2005-12-31": "463.00000"}, "EBIT": {"2019-12-31": "1290.00000", "2018-12-31": "982.00000", "2017-12-31": "-741.00000", "2016-12-31": "33.00000", "2015-12-31": "-4051.00000", "2014-12-31": "1271.00000", "2013-12-31": "343.00000", "2012-12-31": "350.00000", "2011-12-31": "635.00000", "2010-12-31": "1308.00000", "2009-12-31": "2159.00000", "2008-12-31": "2273.00000", "2007-12-31": "1560.00000", "2006-12-31": "1418.00000", "2005-12-31": "225.00000"}, "Basic Shares Outstanding": {"2019-12-31": "262.00000", "2018-12-31": "304.00000", "2017-12-31": "317.00000", "2016-12-31": "316.00000", "2015-12-31": "329.00000", "2014-12-31": "334.00000", "2013-12-31": "323.00000", "2012-12-31": "232.00000", "2011-12-31": "240.00000", "2010-12-31": "252.00000", "2009-12-31": "246.00000", "2008-12-31": "235.00000", "2007-12-31": "240.00000", "2006-12-31": "258.00000", "2005-12-31": "169.00000"}, "Shares Outstanding": {"2019-12-31": "264.00000", "2018-12-31": "308.00000", "2017-12-31": "317.00000", "2016-12-31": "316.00000", "2015-12-31": "329.00000", "2014-12-31": "339.00000", "2013-12-31": "323.00000", "2012-12-31": "234.00000", "2011-12-31": "241.00000", "2010-12-31": "254.00000", "2009-12-31": "271.00000", "2008-12-31": "275.00000", "2007-12-31": "288.00000", "2006-12-31": "301.00000", "2005-12-31": "171.00000"}, "Basic EPS": {"2019-12-31": "16.94000", "2018-12-31": "0.88000", "2017-12-31": "-6.79000", "2016-12-31": "-2.22000", "2015-12-31": "-19.46000", "2014-12-31": "0.23000", "2013-12-31": "-1.22000", "2012-12-31": "1.23000", "2011-12-31": "0.78000", "2010-12-31": "1.86000", "2009-12-31": "3.70000", "2008-12-31": "4.98000", "2007-12-31": "2.16000", "2006-12-31": "2.21000", "2005-12-31": "0.38000"}, "EPS - Earnings Per Share": {"2019-12-31": "16.81000", "2018-12-31": "0.87000", "2017-12-31": "-6.79000", "2016-12-31": "-2.22000", "2015-12-31": "-19.46000", "2014-12-31": "0.23000", "2013-12-31": "-1.22000", "2012-12-31": "1.22000", "2011-12-31": "0.78000", "2010-12-31": "1.84000", "2009-12-31": "3.44000", "2008-12-31": "4.43000", "2007-12-31": "1.96000", "2006-12-31": "2.04000", "2005-12-31": "0.38000"}}, "income statement, quarterly": {"Revenue": {"2020-09-30": "2809.00000", "2020-06-30": "2238.00000", "2020-03-31": "2019.00000", "2019-12-31": "2195.00000", "2019-09-30": "2996.00000", "2019-06-30": "2465.00000", "2019-03-31": "2165.00000", "2018-12-31": "1992.00000", "2018-09-30": "2960.00000", "2018-06-30": "2461.00000", "2018-03-31": "2065.00000", "2017-12-31": "1251.00000", "2017-09-30": "2740.00000", "2017-06-30": "2701.00000", "2017-03-31": "2382.00000", "2016-12-31": "17.00000", "2016-09-30": "3421.00000", "2016-06-30": "2248.00000", "2016-03-31": "3229.00000", "2015-12-31": "665.00000", "2015-09-30": "4434.00000", "2015-06-30": "3400.00000", "2015-03-31": "3829.00000", "2014-12-31": "4192.00000", "2014-09-30": "4569.00000", "2014-06-30": "3621.00000", "2014-03-31": "3486.00000", "2013-12-31": "2795.00000", "2013-09-30": "3490.00000", "2013-06-30": "2929.00000", "2013-03-31": "2081.00000", "2012-12-31": "2063.00000", "2012-09-30": "2331.00000", "2012-06-30": "2166.00000", "2012-03-31": "1862.00000", "2011-12-31": "2132.00000", "2011-09-30": "2674.00000", "2011-06-30": "2278.00000", "2011-03-31": "1995.00000", "2010-12-31": "1816.00000", "2010-09-30": "2685.00000", "2010-06-30": "2133.00000", "2010-03-31": "2215.00000", "2009-12-31": "2141.00000", "2009-09-30": "2916.00000", "2009-06-30": "2237.00000", "2009-03-31": "1658.00000", "2008-12-31": "1655.00000", "2008-09-30": "2612.00000", "2008-06-30": "1316.00000", "2008-03-31": "1302.00000", "2007-12-31": "1382.00000", "2007-09-30": "1772.00000", "2007-06-30": "1536.00000", "2007-03-31": "1299.00000", "2006-12-31": "1098.00000", "2006-09-30": "1942.00000", "2006-06-30": "1502.00000", "2006-03-31": "1043.00000", "2005-12-31": "594.00000", "2005-09-30": "687.00000", "2005-06-30": "522.00000", "2005-03-31": "597.00000"}, "Cost Of Goods Sold": {"2020-09-30": "2034.00000", "2020-06-30": "1434.00000", "2020-03-31": "1457.00000", "2019-12-31": "1654.00000", "2019-09-30": "2153.00000", "2019-06-30": "1845.00000", "2019-03-31": "1651.00000", "2018-12-31": "1596.00000", "2018-09-30": "2238.00000", "2018-06-30": "1889.00000", "2018-03-31": "1385.00000", "2017-12-31": "1111.00000", "2017-09-30": "2072.00000", "2017-06-30": "1841.00000", "2017-03-31": "1862.00000", "2016-12-31": "599.00000", "2016-09-30": "2440.00000", "2016-06-30": "1443.00000", "2016-03-31": "2194.00000", "2015-12-31": "459.00000", "2015-09-30": "3042.00000", "2015-06-30": "2436.00000", "2015-03-31": "3063.00000", "2014-12-31": "2965.00000", "2014-09-30": "3278.00000", "2014-06-30": "2828.00000", "2014-03-31": "2737.00000", "2013-12-31": "1953.00000", "2013-09-30": "2373.00000", "2013-06-30": "2051.00000", "2013-03-31": "1753.00000", "2012-12-31": "1480.00000", "2012-09-30": "1740.00000", "2012-06-30": "1337.00000", "2012-03-31": "1583.00000", "2011-12-31": "1760.00000", "2011-09-30": "2053.00000", "2011-06-30": "1608.00000", "2011-03-31": "1324.00000", "2010-12-31": "1270.00000", "2010-09-30": "1835.00000", "2010-06-30": "1329.00000", "2010-03-31": "1639.00000", "2009-12-31": "1422.00000", "2009-09-30": "1893.00000", "2009-06-30": "1242.00000", "2009-03-31": "766.00000", "2008-12-31": "786.00000", "2008-09-30": "997.00000", "2008-06-30": "1011.00000", "2008-03-31": "804.00000", "2007-12-31": "818.00000", "2007-09-30": "939.00000", "2007-06-30": "840.00000", "2007-03-31": "781.00000", "2006-12-31": "778.00000", "2006-09-30": "996.00000", "2006-06-30": "832.00000", "2006-03-31": "659.00000", "2005-12-31": "386.00000", "2005-09-30": "604.00000", "2005-06-30": "387.00000", "2005-03-31": "452.00000"}, "Gross Profit": {"2020-09-30": "775.00000", "2020-06-30": "804.00000", "2020-03-31": "562.00000", "2019-12-31": "541.00000", "2019-09-30": "843.00000", "2019-06-30": "620.00000", "2019-03-31": "514.00000", "2018-12-31": "396.00000", "2018-09-30": "722.00000", "2018-06-30": "572.00000", "2018-03-31": "680.00000", "2017-12-31": "140.00000", "2017-09-30": "668.00000", "2017-06-30": "860.00000", "2017-03-31": "520.00000", "2016-12-31": "-582.00000", "2016-09-30": "981.00000", "2016-06-30": "805.00000", "2016-03-31": "1035.00000", "2015-12-31": "206.00000", "2015-09-30": "1392.00000", "2015-06-30": "964.00000", "2015-03-31": "766.00000", "2014-12-31": "1227.00000", "2014-09-30": "1291.00000", "2014-06-30": "793.00000", "2014-03-31": "749.00000", "2013-12-31": "842.00000", "2013-09-30": "1117.00000", "2013-06-30": "878.00000", "2013-03-31": "328.00000", "2012-12-31": "583.00000", "2012-09-30": "591.00000", "2012-06-30": "829.00000", "2012-03-31": "279.00000", "2011-12-31": "372.00000", "2011-09-30": "621.00000", "2011-06-30": "670.00000", "2011-03-31": "671.00000", "2010-12-31": "546.00000", "2010-09-30": "850.00000", "2010-06-30": "804.00000", "2010-03-31": "576.00000", "2009-12-31": "719.00000", "2009-09-30": "1023.00000", "2009-06-30": "995.00000", "2009-03-31": "892.00000", "2008-12-31": "869.00000", "2008-09-30": "1615.00000", "2008-06-30": "305.00000", "2008-03-31": "498.00000", "2007-12-31": "564.00000", "2007-09-30": "833.00000", "2007-06-30": "696.00000", "2007-03-31": "518.00000", "2006-12-31": "320.00000", "2006-09-30": "946.00000", "2006-06-30": "670.00000", "2006-03-31": "384.00000", "2005-12-31": "208.00000", "2005-09-30": "83.00000", "2005-06-30": "135.00000", "2005-03-31": "145.00000"}, "Research And Development Expenses": {"2020-09-30": "1.00000", "2020-06-30": "2.00000", "2020-03-31": "3.00000", "2019-12-31": "2.00000", "2019-09-30": "1.00000", "2019-06-30": "2.00000", "2019-03-31": "2.00000", "2018-12-31": "2.00000", "2018-09-30": "1.00000", "2018-06-30": "3.00000", "2018-03-31": "5.00000", "2017-12-31": "-19.00000", "2017-09-30": "6.00000", "2017-06-30": "18.00000", "2017-03-31": "17.00000", "2016-12-31": "-17.00000", "2016-09-30": "21.00000", "2016-06-30": "18.00000", "2016-03-31": "26.00000", "2015-12-31": "45.00000", "2015-09-30": "38.00000", "2015-06-30": "37.00000", "2015-03-31": "34.00000", "2014-12-31": "26.00000", "2014-09-30": "22.00000", "2014-06-30": "21.00000", "2014-03-31": "19.00000", "2013-12-31": "21.00000", "2013-09-30": "24.00000", "2013-06-30": "21.00000", "2013-03-31": "18.00000", "2012-12-31": "16.00000", "2012-09-30": "24.00000", "2012-06-30": "15.00000", "2012-03-31": "13.00000", "2011-12-31": "25.00000", "2011-09-30": "11.00000", "2011-06-30": "12.00000", "2011-03-31": "9.00000", "2010-12-31": "19.00000", "2010-09-30": "14.00000", "2010-06-30": "13.00000", "2010-03-31": "9.00000", "2009-12-31": "14.00000", "2009-09-30": "12.00000", "2009-06-30": "9.00000", "2009-03-31": "13.00000", "2008-12-31": "17.00000", "2008-09-30": "13.00000", "2008-06-30": "4.00000", "2008-03-31": "12.00000", "2007-12-31": "-7.00000", "2007-09-30": "49.00000", "2007-06-30": "36.00000", "2007-03-31": "23.00000", "2006-12-31": "27.00000", "2006-09-30": "9.00000", "2006-06-30": "", "2006-03-31": "", "2005-12-31": "", "2005-09-30": "", "2005-06-30": "", "2005-03-31": ""}, "SG&A Expenses": {"2020-09-30": "253.00000", "2020-06-30": "208.00000", "2020-03-31": "209.00000", "2019-12-31": "212.00000", "2019-09-30": "210.00000", "2019-06-30": "211.00000", "2019-03-31": "194.00000", "2018-12-31": "212.00000", "2018-09-30": "211.00000", "2018-06-30": "200.00000", "2018-03-31": "176.00000", "2017-12-31": "165.00000", "2017-09-30": "190.00000", "2017-06-30": "221.00000", "2017-03-31": "260.00000", "2016-12-31": "237.00000", "2016-09-30": "277.00000", "2016-06-30": "266.00000", "2016-03-31": "252.00000", "2015-12-31": "340.00000", "2015-09-30": "327.00000", "2015-06-30": "296.00000", "2015-03-31": "265.00000", "2014-12-31": "279.00000", "2014-09-30": "258.00000", "2014-06-30": "257.00000", "2014-03-31": "222.00000", "2013-12-31": "225.00000", "2013-09-30": "213.00000", "2013-06-30": "230.00000", "2013-03-31": "227.00000", "2012-12-31": "194.00000", "2012-09-30": "224.00000", "2012-06-30": "183.00000", "2012-03-31": "206.00000", "2011-12-31": "107.00000", "2011-09-30": "169.00000", "2011-06-30": "167.00000", "2011-03-31": "143.00000", "2010-12-31": "157.00000", "2010-09-30": "172.00000", "2010-06-30": "139.00000", "2010-03-31": "130.00000", "2009-12-31": "142.00000", "2009-09-30": "182.00000", "2009-06-30": "131.00000", "2009-03-31": "95.00000", "2008-12-31": "86.00000", "2008-09-30": "75.00000", "2008-06-30": "83.00000", "2008-03-31": "75.00000", "2007-12-31": "75.00000", "2007-09-30": "78.00000", "2007-06-30": "71.00000", "2007-03-31": "85.00000", "2006-12-31": "66.00000", "2006-09-30": "70.00000", "2006-06-30": "83.00000", "2006-03-31": "57.00000", "2005-12-31": "34.00000", "2005-09-30": "42.00000", "2005-06-30": "50.00000", "2005-03-31": "50.00000"}, "Other Operating Income Or Expenses": {"2020-09-30": "-29.00000", "2020-06-30": "", "2020-03-31": "6.00000", "2019-12-31": "1.00000", "2019-09-30": "", "2019-06-30": "0.00000", "2019-03-31": "1.00000", "2018-12-31": "-23.00000", "2018-09-30": "14.00000", "2018-06-30": "-60.00000", "2018-03-31": "2.00000", "2017-12-31": "-1447.00000", "2017-09-30": "-12.00000", "2017-06-30": "-22.00000", "2017-03-31": "50.00000", "2016-12-31": "-354.00000", "2016-09-30": "43.00000", "2016-06-30": "-91.00000", "2016-03-31": "32.00000", "2015-12-31": "-4397.00000", "2015-09-30": "-263.00000", "2015-06-30": "", "2015-03-31": "14.00000", "2014-12-31": "-27.00000", "2014-09-30": "-70.00000", "2014-06-30": "", "2014-03-31": "19.00000", "2013-12-31": "", "2013-09-30": "", "2013-06-30": "", "2013-03-31": "", "2012-12-31": "", "2012-09-30": "", "2012-06-30": "", "2012-03-31": "", "2011-12-31": "", "2011-09-30": "-160.00000", "2011-06-30": "", "2011-03-31": "", "2010-12-31": "", "2010-09-30": "", "2010-06-30": "", "2010-03-31": "23.00000", "2009-12-31": "", "2009-09-30": "", "2009-06-30": "", "2009-03-31": "", "2008-12-31": "", "2008-09-30": "", "2008-06-30": "", "2008-03-31": "", "2007-12-31": "1.00000", "2007-09-30": "", "2007-06-30": "-1.00000", "2007-03-31": "17.00000", "2006-12-31": "", "2006-09-30": "", "2006-06-30": "", "2006-03-31": "", "2005-12-31": "-6.00000", "2005-09-30": "-6.00000", "2005-06-30": "", "2005-03-31": ""}, "Operating Expenses": {"2020-09-30": "2416.00000", "2020-06-30": "1754.00000", "2020-03-31": "1775.00000", "2019-12-31": "1986.00000", "2019-09-30": "2456.00000", "2019-06-30": "2145.00000", "2019-03-31": "1944.00000", "2018-12-31": "1943.00000", "2018-09-30": "2562.00000", "2018-06-30": "2287.00000", "2018-03-31": "1704.00000", "2017-12-31": "2664.00000", "2017-09-30": "2443.00000", "2017-06-30": "2362.00000", "2017-03-31": "2346.00000", "2016-12-31": "1051.00000", "2016-09-30": "2993.00000", "2016-06-30": "2085.00000", "2016-03-31": "2753.00000", "2015-12-31": "5403.00000", "2015-09-30": "4055.00000", "2015-06-30": "3168.00000", "2015-03-31": "3753.00000", "2014-12-31": "3739.00000", "2014-09-30": "4020.00000", "2014-06-30": "3532.00000", "2014-03-31": "3306.00000", "2013-12-31": "3000.00000", "2013-09-30": "2963.00000", "2013-06-30": "2642.00000", "2013-03-31": "2347.00000", "2012-12-31": "2026.00000", "2012-09-30": "2245.00000", "2012-06-30": "1769.00000", "2012-03-31": "2032.00000", "2011-12-31": "2123.00000", "2011-09-30": "2631.00000", "2011-06-30": "2009.00000", "2011-03-31": "1681.00000", "2010-12-31": "1664.00000", "2010-09-30": "2231.00000", "2010-06-30": "1689.00000", "2010-03-31": "1957.00000", "2009-12-31": "1827.00000", "2009-09-30": "2305.00000", "2009-06-30": "1618.00000", "2009-03-31": "1043.00000", "2008-12-31": "1060.00000", "2008-09-30": "1241.00000", "2008-06-30": "1259.00000", "2008-03-31": "1052.00000", "2007-12-31": "1062.00000", "2007-09-30": "1226.00000", "2007-06-30": "1109.00000", "2007-03-31": "1032.00000", "2006-12-31": "1018.00000", "2006-09-30": "1223.00000", "2006-06-30": "1092.00000", "2006-03-31": "834.00000", "2005-12-31": "448.00000", "2005-09-30": "695.00000", "2005-06-30": "479.00000", "2005-03-31": "553.00000"}, "Operating Income": {"2020-09-30": "393.00000", "2020-06-30": "484.00000", "2020-03-31": "244.00000", "2019-12-31": "209.00000", "2019-09-30": "540.00000", "2019-06-30": "320.00000", "2019-03-31": "221.00000", "2018-12-31": "49.00000", "2018-09-30": "398.00000", "2018-06-30": "174.00000", "2018-03-31": "361.00000", "2017-12-31": "-1413.00000", "2017-09-30": "297.00000", "2017-06-30": "339.00000", "2017-03-31": "36.00000", "2016-12-31": "-1034.00000", "2016-09-30": "428.00000", "2016-06-30": "163.00000", "2016-03-31": "476.00000", "2015-12-31": "-4738.00000", "2015-09-30": "379.00000", "2015-06-30": "232.00000", "2015-03-31": "76.00000", "2014-12-31": "453.00000", "2014-09-30": "549.00000", "2014-06-30": "89.00000", "2014-03-31": "180.00000", "2013-12-31": "-205.00000", "2013-09-30": "527.00000", "2013-06-30": "287.00000", "2013-03-31": "-266.00000", "2012-12-31": "37.00000", "2012-09-30": "86.00000", "2012-06-30": "397.00000", "2012-03-31": "-170.00000", "2011-12-31": "9.00000", "2011-09-30": "43.00000", "2011-06-30": "269.00000", "2011-03-31": "314.00000", "2010-12-31": "152.00000", "2010-09-30": "454.00000", "2010-06-30": "444.00000", "2010-03-31": "258.00000", "2009-12-31": "314.00000", "2009-09-30": "611.00000", "2009-06-30": "619.00000", "2009-03-31": "615.00000", "2008-12-31": "595.00000", "2008-09-30": "1371.00000", "2008-06-30": "57.00000", "2008-03-31": "250.00000", "2007-12-31": "320.00000", "2007-09-30": "546.00000", "2007-06-30": "427.00000", "2007-03-31": "267.00000", "2006-12-31": "80.00000", "2006-09-30": "719.00000", "2006-06-30": "410.00000", "2006-03-31": "209.00000", "2005-12-31": "146.00000", "2005-09-30": "-8.00000", "2005-06-30": "43.00000", "2005-03-31": "44.00000"}, "Total Non-Operating Income/Expense": {"2020-09-30": "-52.00000", "2020-06-30": "-70.00000", "2020-03-31": "-100.00000", "2019-12-31": "-89.00000", "2019-09-30": "-160.00000", "2019-06-30": "-132.00000", "2019-03-31": "-123.00000", "2018-12-31": "-153.00000", "2018-09-30": "-103.00000", "2018-06-30": "-142.00000", "2018-03-31": "-117.00000", "2017-12-31": "-92.00000", "2017-09-30": "-111.00000", "2017-06-30": "-236.00000", "2017-03-31": "-209.00000", "2016-12-31": "17.00000", "2016-09-30": "-272.00000", "2016-06-30": "-301.00000", "2016-03-31": "-408.00000", "2015-12-31": "-127.00000", "2015-09-30": "-265.00000", "2015-06-30": "-258.00000", "2015-03-31": "-285.00000", "2014-12-31": "-285.00000", "2014-09-30": "-278.00000", "2014-06-30": "-295.00000", "2014-03-31": "-278.00000", "2013-12-31": "-312.00000", "2013-09-30": "-229.00000", "2013-06-30": "-219.00000", "2013-03-31": "-217.00000", "2012-12-31": "136.00000", "2012-09-30": "-191.00000", "2012-06-30": "-151.00000", "2012-03-31": "-156.00000", "2011-12-31": "-146.00000", "2011-09-30": "-178.00000", "2011-06-30": "-278.00000", "2011-03-31": "-679.00000", "2010-12-31": "-161.00000", "2010-09-30": "-142.00000", "2010-06-30": "-117.00000", "2010-03-31": "-135.00000", "2009-12-31": "-167.00000", "2009-09-30": "-167.00000", "2009-06-30": "-37.00000", "2009-03-31": "-119.00000", "2008-12-31": "-114.00000", "2008-09-30": "-91.00000", "2008-06-30": "-151.00000", "2008-03-31": "-151.00000", "2007-12-31": "-156.00000", "2007-09-30": "-136.00000", "2007-06-30": "-184.00000", "2007-03-31": "-151.00000", "2006-12-31": "-127.00000", "2006-09-30": "-110.00000", "2006-06-30": "-121.00000", "2006-03-31": "-195.00000", "2005-12-31": "-67.00000", "2005-09-30": "-19.00000", "2005-06-30": "-12.00000", "2005-03-31": "-17.00000"}, "Pre-Tax Income": {"2020-09-30": "341.00000", "2020-06-30": "414.00000", "2020-03-31": "144.00000", "2019-12-31": "120.00000", "2019-09-30": "380.00000", "2019-06-30": "188.00000", "2019-03-31": "98.00000", "2018-12-31": "-104.00000", "2018-09-30": "295.00000", "2018-06-30": "32.00000", "2018-03-31": "244.00000", "2017-12-31": "-1505.00000", "2017-09-30": "186.00000", "2017-06-30": "103.00000", "2017-03-31": "-173.00000", "2016-12-31": "-1017.00000", "2016-09-30": "156.00000", "2016-06-30": "-138.00000", "2016-03-31": "68.00000", "2015-12-31": "-4865.00000", "2015-09-30": "114.00000", "2015-06-30": "-26.00000", "2015-03-31": "-209.00000", "2014-12-31": "168.00000", "2014-09-30": "271.00000", "2014-06-30": "-206.00000", "2014-03-31": "-98.00000", "2013-12-31": "-517.00000", "2013-09-30": "298.00000", "2013-06-30": "68.00000", "2013-03-31": "-483.00000", "2012-12-31": "173.00000", "2012-09-30": "-105.00000", "2012-06-30": "246.00000", "2012-03-31": "-326.00000", "2011-12-31": "-137.00000", "2011-09-30": "-135.00000", "2011-06-30": "-9.00000", "2011-03-31": "-365.00000", "2010-12-31": "-9.00000", "2010-09-30": "312.00000", "2010-06-30": "327.00000", "2010-03-31": "123.00000", "2009-12-31": "147.00000", "2009-09-30": "444.00000", "2009-06-30": "582.00000", "2009-03-31": "496.00000", "2008-12-31": "481.00000", "2008-09-30": "1280.00000", "2008-06-30": "-94.00000", "2008-03-31": "99.00000", "2007-12-31": "164.00000", "2007-09-30": "410.00000", "2007-06-30": "243.00000", "2007-03-31": "116.00000", "2006-12-31": "-47.00000", "2006-09-30": "609.00000", "2006-06-30": "289.00000", "2006-03-31": "14.00000", "2005-12-31": "79.00000", "2005-09-30": "-27.00000", "2005-06-30": "31.00000", "2005-03-31": "27.00000"}, "Income Taxes": {"2020-09-30": "92.00000", "2020-06-30": "101.00000", "2020-03-31": "23.00000", "2019-12-31": "-3343.00000", "2019-09-30": "6.00000", "2019-06-30": "-1.00000", "2019-03-31": "4.00000", "2018-12-31": "-12.00000", "2018-09-30": "8.00000", "2018-06-30": "5.00000", "2018-03-31": "6.00000", "2017-12-31": "-45.00000", "2017-09-30": "1.00000", "2017-06-30": "4.00000", "2017-03-31": "-4.00000", "2016-12-31": "-49.00000", "2016-09-30": "28.00000", "2016-06-30": "25.00000", "2016-03-31": "21.00000", "2015-12-31": "1388.00000", "2015-09-30": "47.00000", "2015-06-30": "-17.00000", "2015-03-31": "-73.00000", "2014-12-31": "71.00000", "2014-09-30": "89.00000", "2014-06-30": "-126.00000", "2014-03-31": "-31.00000", "2013-12-31": "-227.00000", "2013-09-30": "160.00000", "2013-06-30": "-63.00000", "2013-03-31": "-152.00000", "2012-12-31": "-81.00000", "2012-09-30": "-113.00000", "2012-06-30": "-13.00000", "2012-03-31": "-120.00000", "2011-12-31": "-28.00000", "2011-09-30": "-80.00000", "2011-06-30": "-630.00000", "2011-03-31": "-105.00000", "2010-12-31": "6.00000", "2010-09-30": "89.00000", "2010-06-30": "117.00000", "2010-03-31": "65.00000", "2009-12-31": "114.00000", "2009-09-30": "166.00000", "2009-06-30": "150.00000", "2009-03-31": "298.00000", "2008-12-31": "210.00000", "2008-09-30": "502.00000", "2008-06-30": "-53.00000", "2008-03-31": "54.00000", "2007-12-31": "77.00000", "2007-09-30": "145.00000", "2007-06-30": "100.00000", "2007-03-31": "55.00000", "2006-12-31": "-2.00000", "2006-09-30": "238.00000", "2006-06-30": "87.00000", "2006-03-31": "-1.00000", "2005-12-31": "19.00000", "2005-09-30": "10.00000", "2005-06-30": "8.00000", "2005-03-31": "5.00000"}, "Income After Taxes": {"2020-09-30": "249.00000", "2020-06-30": "313.00000", "2020-03-31": "121.00000", "2019-12-31": "3463.00000", "2019-09-30": "374.00000", "2019-06-30": "189.00000", "2019-03-31": "94.00000", "2018-12-31": "-92.00000", "2018-09-30": "287.00000", "2018-06-30": "27.00000", "2018-03-31": "238.00000", "2017-12-31": "-1460.00000", "2017-09-30": "185.00000", "2017-06-30": "99.00000", "2017-03-31": "-169.00000", "2016-12-31": "-968.00000", "2016-09-30": "128.00000", "2016-06-30": "-163.00000", "2016-03-31": "47.00000", "2015-12-31": "-6253.00000", "2015-09-30": "67.00000", "2015-06-30": "-9.00000", "2015-03-31": "-136.00000", "2014-12-31": "97.00000", "2014-09-30": "182.00000", "2014-06-30": "-80.00000", "2014-03-31": "-67.00000", "2013-12-31": "-290.00000", "2013-09-30": "138.00000", "2013-06-30": "131.00000", "2013-03-31": "-331.00000", "2012-12-31": "254.00000", "2012-09-30": "8.00000", "2012-06-30": "259.00000", "2012-03-31": "-206.00000", "2011-12-31": "-109.00000", "2011-09-30": "-55.00000", "2011-06-30": "621.00000", "2011-03-31": "-260.00000", "2010-12-31": "-15.00000", "2010-09-30": "223.00000", "2010-06-30": "210.00000", "2010-03-31": "58.00000", "2009-12-31": "33.00000", "2009-09-30": "278.00000", "2009-06-30": "432.00000", "2009-03-31": "198.00000", "2008-12-31": "271.00000", "2008-09-30": "778.00000", "2008-06-30": "-41.00000", "2008-03-31": "45.00000", "2007-12-31": "87.00000", "2007-09-30": "265.00000", "2007-06-30": "143.00000", "2007-03-31": "61.00000", "2006-12-31": "-45.00000", "2006-09-30": "371.00000", "2006-06-30": "202.00000", "2006-03-31": "15.00000", "2005-12-31": "60.00000", "2005-09-30": "-37.00000", "2005-06-30": "23.00000", "2005-03-31": "22.00000"}, "Other Income": {"2020-09-30": "", "2020-06-30": "", "2020-03-31": "", "2019-12-31": "", "2019-09-30": "", "2019-06-30": "", "2019-03-31": "", "2018-12-31": "", "2018-09-30": "", "2018-06-30": "", "2018-03-31": "", "2017-12-31": "", "2017-09-30": "", "2017-06-30": "", "2017-03-31": "", "2016-12-31": "", "2016-09-30": "", "2016-06-30": "", "2016-03-31": "", "2015-12-31": "", "2015-09-30": "", "2015-06-30": "", "2015-03-31": "", "2014-12-31": "", "2014-09-30": "", "2014-06-30": "", "2014-03-31": "", "2013-12-31": "", "2013-09-30": "", "2013-06-30": "", "2013-03-31": "", "2012-12-31": "", "2012-09-30": "", "2012-06-30": "", "2012-03-31": "", "2011-12-31": "", "2011-09-30": "", "2011-06-30": "", "2011-03-31": "", "2010-12-31": "", "2010-09-30": "", "2010-06-30": "", "2010-03-31": "", "2009-12-31": "", "2009-09-30": "", "2009-06-30": "", "2009-03-31": "", "2008-12-31": "", "2008-09-30": "", "2008-06-30": "", "2008-03-31": "", "2007-12-31": "", "2007-09-30": "", "2007-06-30": "", "2007-03-31": "", "2006-12-31": "", "2006-09-30": "", "2006-06-30": "", "2006-03-31": "", "2005-12-31": "", "2005-09-30": "", "2005-06-30": "", "2005-03-31": ""}, "Income From Continuous Operations": {"2020-09-30": "249.00000", "2020-06-30": "313.00000", "2020-03-31": "121.00000", "2019-12-31": "3463.00000", "2019-09-30": "374.00000", "2019-06-30": "189.00000", "2019-03-31": "94.00000", "2018-12-31": "-92.00000", "2018-09-30": "287.00000", "2018-06-30": "27.00000", "2018-03-31": "238.00000", "2017-12-31": "-1460.00000", "2017-09-30": "185.00000", "2017-06-30": "99.00000", "2017-03-31": "-169.00000", "2016-12-31": "-968.00000", "2016-09-30": "128.00000", "2016-06-30": "-163.00000", "2016-03-31": "47.00000", "2015-12-31": "-6253.00000", "2015-09-30": "67.00000", "2015-06-30": "-9.00000", "2015-03-31": "-136.00000", "2014-12-31": "97.00000", "2014-09-30": "182.00000", "2014-06-30": "-80.00000", "2014-03-31": "-67.00000", "2013-12-31": "-290.00000", "2013-09-30": "138.00000", "2013-06-30": "131.00000", "2013-03-31": "-331.00000", "2012-12-31": "254.00000", "2012-09-30": "8.00000", "2012-06-30": "259.00000", "2012-03-31": "-206.00000", "2011-12-31": "-109.00000", "2011-09-30": "-55.00000", "2011-06-30": "621.00000", "2011-03-31": "-260.00000", "2010-12-31": "-15.00000", "2010-09-30": "223.00000", "2010-06-30": "210.00000", "2010-03-31": "58.00000", "2009-12-31": "33.00000", "2009-09-30": "278.00000", "2009-06-30": "432.00000", "2009-03-31": "198.00000", "2008-12-31": "271.00000", "2008-09-30": "778.00000", "2008-06-30": "-41.00000", "2008-03-31": "45.00000", "2007-12-31": "87.00000", "2007-09-30": "265.00000", "2007-06-30": "143.00000", "2007-03-31": "61.00000", "2006-12-31": "-45.00000", "2006-09-30": "371.00000", "2006-06-30": "202.00000", "2006-03-31": "15.00000", "2005-12-31": "60.00000", "2005-09-30": "-37.00000", "2005-06-30": "23.00000", "2005-03-31": "22.00000"}, "Income From Discontinued Operations": {"2020-09-30": "", "2020-06-30": "", "2020-03-31": "", "2019-12-31": "-78.00000", "2019-09-30": "-2.00000", "2019-06-30": "13.00000", "2019-03-31": "388.00000", "2018-12-31": "80.00000", "2018-09-30": "-336.00000", "2018-06-30": "69.00000", "2018-03-31": "-5.00000", "2017-12-31": "-195.00000", "2017-09-30": "-22.00000", "2017-06-30": "-741.00000", "2017-03-31": "-34.00000", "2016-12-31": "-87.00000", "2016-09-30": "265.00000", "2016-06-30": "-113.00000", "2016-03-31": "", "2015-12-31": "", "2015-09-30": "", "2015-06-30": "", "2015-03-31": "", "2014-12-31": "", "2014-09-30": "", "2014-06-30": "", "2014-03-31": "", "2013-12-31": "", "2013-09-30": "", "2013-06-30": "", "2013-03-31": "", "2012-12-31": "", "2012-09-30": "", "2012-06-30": "", "2012-03-31": "", "2011-12-31": "", "2011-09-30": "", "2011-06-30": "", "2011-03-31": "", "2010-12-31": "", "2010-09-30": "", "2010-06-30": "", "2010-03-31": "", "2009-12-31": "", "2009-09-30": "", "2009-06-30": "", "2009-03-31": "", "2008-12-31": "", "2008-09-30": "", "2008-06-30": "168.00000", "2008-03-31": "4.00000", "2007-12-31": "4.00000", "2007-09-30": "3.00000", "2007-06-30": "6.00000", "2007-03-31": "4.00000", "2006-12-31": "15.00000", "2006-09-30": "51.00000", "2006-06-30": "1.00000", "2006-03-31": "11.00000", "2005-12-31": "4.00000", "2005-09-30": "10.00000", "2005-06-30": "1.00000", "2005-03-31": "1.00000"}, "Net Income": {"2020-09-30": "249.00000", "2020-06-30": "313.00000", "2020-03-31": "121.00000", "2019-12-31": "3383.00000", "2019-09-30": "372.00000", "2019-06-30": "201.00000", "2019-03-31": "482.00000", "2018-12-31": "-11.00000", "2018-09-30": "-72.00000", "2018-06-30": "72.00000", "2018-03-31": "279.00000", "2017-12-31": "-1535.00000", "2017-09-30": "171.00000", "2017-06-30": "-626.00000", "2017-03-31": "-163.00000", "2016-12-31": "-987.00000", "2016-09-30": "402.00000", "2016-06-30": "-193.00000", "2016-03-31": "77.00000", "2015-12-31": "-6319.00000", "2015-09-30": "61.00000", "2015-06-30": "-19.00000", "2015-03-31": "-125.00000", "2014-12-31": "70.00000", "2014-09-30": "166.00000", "2014-06-30": "-100.00000", "2014-03-31": "-58.00000", "2013-12-31": "-299.00000", "2013-09-30": "117.00000", "2013-06-30": "121.00000", "2013-03-31": "-334.00000", "2012-12-31": "250.00000", "2012-09-30": "-3.00000", "2012-06-30": "248.00000", "2012-03-31": "-209.00000", "2011-12-31": "-111.00000", "2011-09-30": "-57.00000", "2011-06-30": "618.00000", "2011-03-31": "-262.00000", "2010-12-31": "-17.00000", "2010-09-30": "221.00000", "2010-06-30": "208.00000", "2010-03-31": "56.00000", "2009-12-31": "21.00000", "2009-09-30": "278.00000", "2009-06-30": "426.00000", "2009-03-31": "184.00000", "2008-12-31": "257.00000", "2008-09-30": "765.00000", "2008-06-30": "113.00000", "2008-03-31": "35.00000", "2007-12-31": "77.00000", "2007-09-30": "255.00000", "2007-06-30": "135.00000", "2007-03-31": "51.00000", "2006-12-31": "-43.00000", "2006-09-30": "408.00000", "2006-06-30": "190.00000", "2006-03-31": "16.00000", "2005-12-31": "56.00000", "2005-09-30": "-31.00000", "2005-06-30": "20.00000", "2005-03-31": "19.00000"}, "EBITDA": {"2020-09-30": "578.00000", "2020-06-30": "652.00000", "2020-03-31": "395.00000", "2019-12-31": "374.00000", "2019-09-30": "687.00000", "2019-06-30": "446.00000", "2019-03-31": "343.00000", "2018-12-31": "190.00000", "2018-09-30": "539.00000", "2018-06-30": "333.00000", "2018-03-31": "526.00000", "2017-12-31": "-1252.00000", "2017-09-30": "308.00000", "2017-06-30": "654.00000", "2017-03-31": "358.00000", "2016-12-31": "-1163.00000", "2016-09-30": "808.00000", "2016-06-30": "483.00000", "2016-03-31": "837.00000", "2015-12-31": "-4410.00000", "2015-09-30": "821.00000", "2015-06-30": "661.00000", "2015-03-31": "510.00000", "2014-12-31": "937.00000", "2014-09-30": "975.00000", "2014-06-30": "505.00000", "2014-03-31": "542.00000", "2013-12-31": "67.00000", "2013-09-30": "802.00000", "2013-06-30": "722.00000", "2013-03-31": "83.00000", "2012-12-31": "352.00000", "2012-09-30": "382.00000", "2012-06-30": "707.00000", "2012-03-31": "116.00000", "2011-12-31": "318.00000", "2011-09-30": "327.00000", "2011-06-30": "566.00000", "2011-03-31": "586.00000", "2010-12-31": "440.00000", "2010-09-30": "665.00000", "2010-06-30": "669.00000", "2010-03-31": "478.00000", "2009-12-31": "635.00000", "2009-09-30": "917.00000", "2009-06-30": "908.00000", "2009-03-31": "776.00000", "2008-12-31": "744.00000", "2008-09-30": "1465.00000", "2008-06-30": "167.00000", "2008-03-31": "378.00000", "2007-12-31": "411.00000", "2007-09-30": "697.00000", "2007-06-30": "606.00000", "2007-03-31": "428.00000", "2006-12-31": "156.00000", "2006-09-30": "731.00000", "2006-06-30": "385.00000", "2006-03-31": "403.00000", "2005-12-31": "214.00000", "2005-09-30": "49.00000", "2005-06-30": "101.00000", "2005-03-31": "99.00000"}, "EBIT": {"2020-09-30": "393.00000", "2020-06-30": "484.00000", "2020-03-31": "244.00000", "2019-12-31": "209.00000", "2019-09-30": "540.00000", "2019-06-30": "320.00000", "2019-03-31": "221.00000", "2018-12-31": "49.00000", "2018-09-30": "398.00000", "2018-06-30": "174.00000", "2018-03-31": "361.00000", "2017-12-31": "-1413.00000", "2017-09-30": "297.00000", "2017-06-30": "339.00000", "2017-03-31": "36.00000", "2016-12-31": "-1034.00000", "2016-09-30": "428.00000", "2016-06-30": "163.00000", "2016-03-31": "476.00000", "2015-12-31": "-4738.00000", "2015-09-30": "379.00000", "2015-06-30": "232.00000", "2015-03-31": "76.00000", "2014-12-31": "453.00000", "2014-09-30": "549.00000", "2014-06-30": "89.00000", "2014-03-31": "180.00000", "2013-12-31": "-205.00000", "2013-09-30": "527.00000", "2013-06-30": "287.00000", "2013-03-31": "-266.00000", "2012-12-31": "37.00000", "2012-09-30": "86.00000", "2012-06-30": "397.00000", "2012-03-31": "-170.00000", "2011-12-31": "9.00000", "2011-09-30": "43.00000", "2011-06-30": "269.00000", "2011-03-31": "314.00000", "2010-12-31": "152.00000", "2010-09-30": "454.00000", "2010-06-30": "444.00000", "2010-03-31": "258.00000", "2009-12-31": "314.00000", "2009-09-30": "611.00000", "2009-06-30": "619.00000", "2009-03-31": "615.00000", "2008-12-31": "595.00000", "2008-09-30": "1371.00000", "2008-06-30": "57.00000", "2008-03-31": "250.00000", "2007-12-31": "320.00000", "2007-09-30": "546.00000", "2007-06-30": "427.00000", "2007-03-31": "267.00000", "2006-12-31": "80.00000", "2006-09-30": "719.00000", "2006-06-30": "410.00000", "2006-03-31": "209.00000", "2005-12-31": "146.00000", "2005-09-30": "-8.00000", "2005-06-30": "43.00000", "2005-03-31": "44.00000"}, "Basic Shares Outstanding": {"2020-09-30": "244.00000", "2020-06-30": "245.00000", "2020-03-31": "248.00000", "2019-12-31": "262.00000", "2019-09-30": "254.00000", "2019-06-30": "265.00000", "2019-03-31": "278.00000", "2018-12-31": "304.00000", "2018-09-30": "299.00000", "2018-06-30": "310.00000", "2018-03-31": "318.00000", "2017-12-31": "317.00000", "2017-09-30": "317.00000", "2017-06-30": "316.00000", "2017-03-31": "316.00000", "2016-12-31": "316.00000", "2016-09-30": "316.00000", "2016-06-30": "315.00000", "2016-03-31": "315.00000", "2015-12-31": "329.00000", "2015-09-30": "331.00000", "2015-06-30": "333.00000", "2015-03-31": "336.00000", "2014-12-31": "334.00000", "2014-09-30": "338.00000", "2014-06-30": "337.00000", "2014-03-31": "324.00000", "2013-12-31": "323.00000", "2013-09-30": "323.00000", "2013-06-30": "323.00000", "2013-03-31": "323.00000", "2012-12-31": "232.00000", "2012-09-30": "228.00000", "2012-06-30": "228.00000", "2012-03-31": "228.00000", "2011-12-31": "240.00000", "2011-09-30": "240.00000", "2011-06-30": "243.00000", "2011-03-31": "247.00000", "2010-12-31": "252.00000", "2010-09-30": "252.00000", "2010-06-30": "255.00000", "2010-03-31": "254.00000", "2009-12-31": "246.00000", "2009-09-30": "249.00000", "2009-06-30": "253.00000", "2009-03-31": "237.00000", "2008-12-31": "235.00000", "2008-09-30": "235.00000", "2008-06-30": "236.00000", "2008-03-31": "236.00000", "2007-12-31": "240.00000", "2007-09-30": "239.00000", "2007-06-30": "240.00000", "2007-03-31": "244.00000", "2006-12-31": "258.00000", "2006-09-30": "272.00000", "2006-06-30": "274.00000", "2006-03-31": "234.00000", "2005-12-31": "169.00000", "2005-09-30": "168.00000", "2005-06-30": "174.00000", "2005-03-31": "174.00000"}, "Shares Outstanding": {"2020-09-30": "245.00000", "2020-06-30": "246.00000", "2020-03-31": "249.00000", "2019-12-31": "264.00000", "2019-09-30": "256.00000", "2019-06-30": "267.00000", "2019-03-31": "280.00000", "2018-12-31": "308.00000", "2018-09-30": "299.00000", "2018-06-30": "314.00000", "2018-03-31": "322.00000", "2017-12-31": "317.00000", "2017-09-30": "322.00000", "2017-06-30": "316.00000", "2017-03-31": "316.00000", "2016-12-31": "316.00000", "2016-09-30": "317.00000", "2016-06-30": "315.00000", "2016-03-31": "315.00000", "2015-12-31": "329.00000", "2015-09-30": "332.00000", "2015-06-30": "333.00000", "2015-03-31": "336.00000", "2014-12-31": "339.00000", "2014-09-30": "343.00000", "2014-06-30": "337.00000", "2014-03-31": "324.00000", "2013-12-31": "323.00000", "2013-09-30": "327.00000", "2013-06-30": "327.00000", "2013-03-31": "323.00000", "2012-12-31": "234.00000", "2012-09-30": "228.00000", "2012-06-30": "229.00000", "2012-03-31": "228.00000", "2011-12-31": "241.00000", "2011-09-30": "240.00000", "2011-06-30": "244.00000", "2011-03-31": "247.00000", "2010-12-31": "254.00000", "2010-09-30": "253.00000", "2010-06-30": "256.00000", "2010-03-31": "257.00000", "2009-12-31": "271.00000", "2009-09-30": "272.00000", "2009-06-30": "275.00000", "2009-03-31": "275.00000", "2008-12-31": "275.00000", "2008-09-30": "277.00000", "2008-06-30": "236.00000", "2008-03-31": "245.00000", "2007-12-31": "288.00000", "2007-09-30": "285.00000", "2007-06-30": "288.00000", "2007-03-31": "271.00000", "2006-12-31": "301.00000", "2006-09-30": "317.00000", "2006-06-30": "319.00000", "2006-03-31": "238.00000", "2005-12-31": "171.00000", "2005-09-30": "168.00000", "2005-06-30": "176.00000", "2005-03-31": "176.00000"}, "Basic EPS": {"2020-09-30": "1.02000", "2020-06-30": "1.28000", "2020-03-31": "0.49000", "2019-12-31": "12.99000", "2019-09-30": "1.46000", "2019-06-30": "0.76000", "2019-03-31": "1.73000", "2018-12-31": "0.01000", "2018-09-30": "-0.24000", "2018-06-30": "0.23000", "2018-03-31": "0.88000", "2017-12-31": "-4.83000", "2017-09-30": "0.54000", "2017-06-30": "-1.98000", "2017-03-31": "-0.52000", "2016-12-31": "-3.12000", "2016-09-30": "1.27000", "2016-06-30": "-0.61000", "2016-03-31": "0.24000", "2015-12-31": "-19.21000", "2015-09-30": "0.18000", "2015-06-30": "-0.06000", "2015-03-31": "-0.37000", "2014-12-31": "0.22000", "2014-09-30": "0.49000", "2014-06-30": "-0.30000", "2014-03-31": "-0.18000", "2013-12-31": "-0.92000", "2013-09-30": "0.36000", "2013-06-30": "0.37000", "2013-03-31": "-1.03000", "2012-12-31": "1.07000", "2012-09-30": "-0.01000", "2012-06-30": "1.09000", "2012-03-31": "-0.92000", "2011-12-31": "-0.46000", "2011-09-30": "-0.24000", "2011-06-30": "2.54000", "2011-03-31": "-1.06000", "2010-12-31": "-0.06000", "2010-09-30": "0.88000", "2010-06-30": "0.82000", "2010-03-31": "0.22000", "2009-12-31": "0.15000", "2009-09-30": "1.09000", "2009-06-30": "1.68000", "2009-03-31": "0.78000", "2008-12-31": "1.09000", "2008-09-30": "3.26000", "2008-06-30": "0.48000", "2008-03-31": "0.15000", "2007-12-31": "0.32000", "2007-09-30": "1.07000", "2007-06-30": "0.56000", "2007-03-31": "0.21000", "2006-12-31": "-0.04500", "2006-09-30": "1.50000", "2006-06-30": "0.69000", "2006-03-31": "0.06500", "2005-12-31": "0.35500", "2005-09-30": "-0.19500", "2005-06-30": "0.11500", "2005-03-31": "0.10500"}, "EPS - Earnings Per Share": {"2020-09-30": "1.02000", "2020-06-30": "1.27000", "2020-03-31": "0.49000", "2019-12-31": "12.89000", "2019-09-30": "1.45000", "2019-06-30": "0.75000", "2019-03-31": "1.72000", "2018-12-31": "0.01000", "2018-09-30": "-0.24000", "2018-06-30": "0.23000", "2018-03-31": "0.87000", "2017-12-31": "-4.82000", "2017-09-30": "0.53000", "2017-06-30": "-1.98000", "2017-03-31": "-0.52000", "2016-12-31": "-3.12000", "2016-09-30": "1.27000", "2016-06-30": "-0.61000", "2016-03-31": "0.24000", "2015-12-31": "-19.21000", "2015-09-30": "0.18000", "2015-06-30": "-0.06000", "2015-03-31": "-0.37000", "2014-12-31": "0.23000", "2014-09-30": "0.48000", "2014-06-30": "-0.30000", "2014-03-31": "-0.18000", "2013-12-31": "-0.92000", "2013-09-30": "0.36000", "2013-06-30": "0.37000", "2013-03-31": "-1.03000", "2012-12-31": "1.07000", "2012-09-30": "-0.01000", "2012-06-30": "1.08000", "2012-03-31": "-0.92000", "2011-12-31": "-0.45000", "2011-09-30": "-0.24000", "2011-06-30": "2.53000", "2011-03-31": "-1.06000", "2010-12-31": "-0.06000", "2010-09-30": "0.87000", "2010-06-30": "0.81000", "2010-03-31": "0.22000", "2009-12-31": "0.16000", "2009-09-30": "1.02000", "2009-06-30": "1.56000", "2009-03-31": "0.70000", "2008-12-31": "1.00000", "2008-09-30": "2.81000", "2008-06-30": "0.48000", "2008-03-31": "0.14000", "2007-12-31": "0.32000", "2007-09-30": "0.93000", "2007-06-30": "0.51000", "2007-03-31": "0.20000", "2006-12-31": "0.02500", "2006-09-30": "1.32000", "2006-06-30": "0.63000", "2006-03-31": "0.06500", "2005-12-31": "0.36000", "2005-09-30": "-0.19500", "2005-06-30": "0.11000", "2005-03-31": "0.10500"}}, "balance sheet": {"Cash On Hand": {"2019-12-31": "385.00000", "2018-12-31": "613.00000", "2017-12-31": "1086.00000", "2016-12-31": "1386.00000", "2015-12-31": "2038.00000", "2014-12-31": "2645.00000", "2013-12-31": "2585.00000", "2012-12-31": "2575.00000", "2011-12-31": "1655.00000", "2010-12-31": "3367.00000", "2009-12-31": "2483.00000", "2008-12-31": "2264.00000", "2007-12-31": "1161.00000", "2006-12-31": "818.00000", "2005-12-31": "542.00000"}, "Receivables": {"2019-12-31": "1025.00000", "2018-12-31": "1024.00000", "2017-12-31": "1080.00000", "2016-12-31": "1058.00000", "2015-12-31": "1157.00000", "2014-12-31": "1457.00000", "2013-12-31": "1753.00000", "2012-12-31": "1119.00000", "2011-12-31": "834.00000", "2010-12-31": "734.00000", "2009-12-31": "876.00000", "2008-12-31": "464.00000", "2007-12-31": "482.00000", "2006-12-31": "432.00000", "2005-12-31": "292.00000"}, "Inventory": {"2019-12-31": "383.00000", "2018-12-31": "412.00000", "2017-12-31": "453.00000", "2016-12-31": "721.00000", "2015-12-31": "1252.00000", "2014-12-31": "1247.00000", "2013-12-31": "898.00000", "2012-12-31": "903.00000", "2011-12-31": "308.00000", "2010-12-31": "453.00000", "2009-12-31": "541.00000", "2008-12-31": "455.00000", "2007-12-31": "451.00000", "2006-12-31": "420.00000", "2005-12-31": "240.00000"}, "Pre-Paid Expenses": {"2019-12-31": "245.00000", "2018-12-31": "302.00000", "2017-12-31": "163.00000", "2016-12-31": "404.00000", "2015-12-31": "455.00000", "2014-12-31": "447.00000", "2013-12-31": "479.00000", "2012-12-31": "446.00000", "2011-12-31": "214.00000", "2010-12-31": "296.00000", "2009-12-31": "279.00000", "2008-12-31": "147.00000", "2007-12-31": "144.00000", "2006-12-31": "105.00000", "2005-12-31": "120.00000"}, "Other Current Assets": {"2019-12-31": "1050.00000", "2018-12-31": "1052.00000", "2017-12-31": "911.00000", "2016-12-31": "1226.00000", "2015-12-31": "2489.00000", "2014-12-31": "2612.00000", "2013-12-31": "1623.00000", "2012-12-31": "2873.00000", "2011-12-31": "4738.00000", "2010-12-31": "2287.00000", "2009-12-31": "1997.00000", "2008-12-31": "5094.00000", "2007-12-31": "1119.00000", "2006-12-31": "1257.00000", "2005-12-31": "868.00000"}, "Total Current Assets": {"2019-12-31": "3088.00000", "2018-12-31": "3600.00000", "2017-12-31": "4437.00000", "2016-12-31": "6714.00000", "2015-12-31": "7391.00000", "2014-12-31": "8408.00000", "2013-12-31": "7596.00000", "2012-12-31": "7972.00000", "2011-12-31": "7749.00000", "2010-12-31": "7137.00000", "2009-12-31": "6208.00000", "2008-12-31": "8492.00000", "2007-12-31": "3562.00000", "2006-12-31": "3083.00000", "2005-12-31": "2196.00000"}, "Property, Plant, And Equipment": {"2019-12-31": "2593.00000", "2018-12-31": "3048.00000", "2017-12-31": "5974.00000", "2016-12-31": "15369.00000", "2015-12-31": "18732.00000", "2014-12-31": "22367.00000", "2013-12-31": "19851.00000", "2012-12-31": "20153.00000", "2011-12-31": "13621.00000", "2010-12-31": "12517.00000", "2009-12-31": "11564.00000", "2008-12-31": "11545.00000", "2007-12-31": "11320.00000", "2006-12-31": "11546.00000", "2005-12-31": "2609.00000"}, "Long-Term Investments": {"2019-12-31": "388.00000", "2018-12-31": "412.00000", "2017-12-31": "182.00000", "2016-12-31": "1120.00000", "2015-12-31": "1045.00000", "2014-12-31": "771.00000", "2013-12-31": "453.00000", "2012-12-31": "676.00000", "2011-12-31": "640.00000", "2010-12-31": "536.00000", "2009-12-31": "409.00000", "2008-12-31": "490.00000", "2007-12-31": "425.00000", "2006-12-31": "344.00000", "2005-12-31": "602.00000"}, "Goodwill And Intangible Assets": {"2019-12-31": "1368.00000", "2018-12-31": "1164.00000", "2017-12-31": "1046.00000", "2016-12-31": "2635.00000", "2015-12-31": "3309.00000", "2014-12-31": "5141.00000", "2013-12-31": "3125.00000", "2012-12-31": "3166.00000", "2011-12-31": "3305.00000", "2010-12-31": "3644.00000", "2009-12-31": "3495.00000", "2008-12-31": "2533.00000", "2007-12-31": "2659.00000", "2006-12-31": "2849.00000", "2005-12-31": "257.00000"}, "Other Long-Term Assets": {"2019-12-31": "550.00000", "2018-12-31": "1695.00000", "2017-12-31": "11018.00000", "2016-12-31": "1032.00000", "2015-12-31": "1624.00000", "2014-12-31": "1542.00000", "2013-12-31": "1051.00000", "2012-12-31": "1261.00000", "2011-12-31": "819.00000", "2010-12-31": "2266.00000", "2009-12-31": "831.00000", "2008-12-31": "1010.00000", "2007-12-31": "340.00000", "2006-12-31": "701.00000", "2005-12-31": "492.00000"}, "Total Long-Term Assets": {"2019-12-31": "8979.00000", "2018-12-31": "7028.00000", "2017-12-31": "18918.00000", "2016-12-31": "23968.00000", "2015-12-31": "25491.00000", "2014-12-31": "32058.00000", "2013-12-31": "26306.00000", "2012-12-31": "27011.00000", "2011-12-31": "19151.00000", "2010-12-31": "19759.00000", "2009-12-31": "17170.00000", "2008-12-31": "16316.00000", "2007-12-31": "15712.00000", "2006-12-31": "16353.00000", "2005-12-31": "5270.00000"}, "Total Assets": {"2019-12-31": "12531.00000", "2018-12-31": "10628.00000", "2017-12-31": "23355.00000", "2016-12-31": "30682.00000", "2015-12-31": "32882.00000", "2014-12-31": "40466.00000", "2013-12-31": "33902.00000", "2012-12-31": "34983.00000", "2011-12-31": "26900.00000", "2010-12-31": "26896.00000", "2009-12-31": "23378.00000", "2008-12-31": "24808.00000", "2007-12-31": "19274.00000", "2006-12-31": "19436.00000", "2005-12-31": "7466.00000"}, "Total Current Liabilities": {"2019-12-31": "2359.00000", "2018-12-31": "2398.00000", "2017-12-31": "3354.00000", "2016-12-31": "4702.00000", "2015-12-31": "4375.00000", "2014-12-31": "4859.00000", "2013-12-31": "4204.00000", "2012-12-31": "4670.00000", "2011-12-31": "5861.00000", "2010-12-31": "4220.00000", "2009-12-31": "3762.00000", "2008-12-31": "6581.00000", "2007-12-31": "2277.00000", "2006-12-31": "2032.00000", "2005-12-31": "1357.00000"}, "Long Term Debt": {"2019-12-31": "5803.00000", "2018-12-31": "6449.00000", "2017-12-31": "9180.00000", "2016-12-31": "15957.00000", "2015-12-31": "18983.00000", "2014-12-31": "19701.00000", "2013-12-31": "15767.00000", "2012-12-31": "15736.00000", "2011-12-31": "9745.00000", "2010-12-31": "10048.00000", "2009-12-31": "7847.00000", "2008-12-31": "7697.00000", "2007-12-31": "7895.00000", "2006-12-31": "8603.00000", "2005-12-31": "2410.00000"}, "Other Non-Current Liabilities": {"2019-12-31": "2191.00000", "2018-12-31": "2296.00000", "2017-12-31": "1498.00000", "2016-12-31": "1817.00000", "2015-12-31": "3152.00000", "2014-12-31": "3172.00000", "2013-12-31": "2685.00000", "2012-12-31": "3201.00000", "2011-12-31": "1587.00000", "2010-12-31": "1997.00000", "2009-12-31": "1755.00000", "2008-12-31": "1693.00000", "2007-12-31": "2169.00000", "2006-12-31": "1977.00000", "2005-12-31": "421.00000"}, "Total Long Term Liabilities": {"2019-12-31": "8514.00000", "2018-12-31": "9464.00000", "2017-12-31": "18033.00000", "2016-12-31": "21534.00000", "2015-12-31": "23073.00000", "2014-12-31": "23931.00000", "2013-12-31": "18982.00000", "2012-12-31": "19795.00000", "2011-12-31": "13121.00000", "2010-12-31": "14356.00000", "2009-12-31": "11672.00000", "2008-12-31": "10857.00000", "2007-12-31": "11246.00000", "2006-12-31": "11499.00000", "2005-12-31": "3632.00000"}, "Total Liabilities": {"2019-12-31": "10873.00000", "2018-12-31": "11862.00000", "2017-12-31": "21387.00000", "2016-12-31": "26236.00000", "2015-12-31": "27448.00000", "2014-12-31": "28790.00000", "2013-12-31": "23186.00000", "2012-12-31": "24465.00000", "2011-12-31": "18982.00000", "2010-12-31": "18576.00000", "2009-12-31": "15434.00000", "2008-12-31": "17438.00000", "2007-12-31": "13523.00000", "2006-12-31": "13531.00000", "2005-12-31": "4989.00000"}, "Common Stock Net": {"2019-12-31": "4.00000", "2018-12-31": "4.00000", "2017-12-31": "4.00000", "2016-12-31": "4.00000", "2015-12-31": "4.00000", "2014-12-31": "4.00000", "2013-12-31": "4.00000", "2012-12-31": "4.00000", "2011-12-31": "3.00000", "2010-12-31": "3.00000", "2009-12-31": "3.00000", "2008-12-31": "3.00000", "2007-12-31": "3.00000", "2006-12-31": "3.00000", "2005-12-31": "1.00000"}, "Retained Earnings (Accumulated Deficit)": {"2019-12-31": "-1616.00000", "2018-12-31": "-6022.00000", "2017-12-31": "-6268.00000", "2016-12-31": "-3787.00000", "2015-12-31": "-3007.00000", "2014-12-31": "3588.00000", "2013-12-31": "3695.00000", "2012-12-31": "4230.00000", "2011-12-31": "3987.00000", "2010-12-31": "3800.00000", "2009-12-31": "3332.00000", "2008-12-31": "2423.00000", "2007-12-31": "1270.00000", "2006-12-31": "739.00000", "2005-12-31": "261.00000"}, "Comprehensive Income": {"2019-12-31": "-192.00000", "2018-12-31": "-94.00000", "2017-12-31": "-72.00000", "2016-12-31": "-135.00000", "2015-12-31": "-173.00000", "2014-12-31": "-174.00000", "2013-12-31": "5.00000", "2012-12-31": "-150.00000", "2011-12-31": "74.00000", "2010-12-31": "432.00000", "2009-12-31": "416.00000", "2008-12-31": "310.00000", "2007-12-31": "-115.00000", "2006-12-31": "282.00000", "2005-12-31": "-205.00000"}, "Other Share Holders Equity": {"2019-12-31": "", "2018-12-31": "", "2017-12-31": "", "2016-12-31": "", "2015-12-31": "", "2014-12-31": "", "2013-12-31": "", "2012-12-31": "", "2011-12-31": "", "2010-12-31": "", "2009-12-31": "", "2008-12-31": "", "2007-12-31": "", "2006-12-31": "", "2005-12-31": ""}, "Share Holder Equity": {"2019-12-31": "1658.00000", "2018-12-31": "-1234.00000", "2017-12-31": "1968.00000", "2016-12-31": "4446.00000", "2015-12-31": "5434.00000", "2014-12-31": "11676.00000", "2013-12-31": "10716.00000", "2012-12-31": "10518.00000", "2011-12-31": "7918.00000", "2010-12-31": "8320.00000", "2009-12-31": "7944.00000", "2008-12-31": "7370.00000", "2007-12-31": "5751.00000", "2006-12-31": "5905.00000", "2005-12-31": "2477.00000"}, "Total Liabilities And Share Holders Equity": {"2019-12-31": "12531.00000", "2018-12-31": "10628.00000", "2017-12-31": "23355.00000", "2016-12-31": "30682.00000", "2015-12-31": "32882.00000", "2014-12-31": "40466.00000", "2013-12-31": "33902.00000", "2012-12-31": "34983.00000", "2011-12-31": "26900.00000", "2010-12-31": "26896.00000", "2009-12-31": "23378.00000", "2008-12-31": "24808.00000", "2007-12-31": "19274.00000", "2006-12-31": "19436.00000", "2005-12-31": "7466.00000"}}, "balance sheet, quarterly": {"Cash On Hand": {"2020-09-30": "718.00000", "2020-06-30": "462.00000", "2020-03-31": "818.00000", "2019-12-31": "385.00000", "2019-09-30": "277.00000", "2019-06-30": "336.00000", "2019-03-31": "885.00000", "2018-12-31": "613.00000", "2018-09-30": "1417.00000", "2018-06-30": "1337.00000", "2018-03-31": "1412.00000", "2017-12-31": "1086.00000", "2017-09-30": "1791.00000", "2017-06-30": "1240.00000", "2017-03-31": "1913.00000", "2016-12-31": "1386.00000", "2016-09-30": "2931.00000", "2016-06-30": "1846.00000", "2016-03-31": "2147.00000", "2015-12-31": "2038.00000", "2015-09-30": "2830.00000", "2015-06-30": "2612.00000", "2015-03-31": "2675.00000", "2014-12-31": "2645.00000", "2014-09-30": "2295.00000", "2014-06-30": "1776.00000", "2014-03-31": "3400.00000", "2013-12-31": "2585.00000", "2013-09-30": "2558.00000", "2013-06-30": "1769.00000", "2013-03-31": "2033.00000", "2012-12-31": "2575.00000", "2012-09-30": "1923.00000", "2012-06-30": "1492.00000", "2012-03-31": "1430.00000", "2011-12-31": "1655.00000", "2011-09-30": "1827.00000", "2011-06-30": "2344.00000", "2011-03-31": "3041.00000", "2010-12-31": "3367.00000", "2010-09-30": "3923.00000", "2010-06-30": "2491.00000", "2010-03-31": "2329.00000", "2009-12-31": "2483.00000", "2009-09-30": "2569.00000", "2009-06-30": "2769.00000", "2009-03-31": "2480.00000", "2008-12-31": "2264.00000", "2008-09-30": "1515.00000", "2008-06-30": "1293.00000", "2008-03-31": "873.00000", "2007-12-31": "1161.00000", "2007-09-30": "1233.00000", "2007-06-30": "847.00000", "2007-03-31": "704.00000", "2006-12-31": "818.00000", "2006-09-30": "1462.00000", "2006-06-30": "1015.00000", "2006-03-31": "885.00000", "2005-12-31": "542.00000", "2005-09-30": "595.84400", "2005-06-30": "910.40900", "2005-03-31": "841.28410"}, "Receivables": {"2020-09-30": "1126.00000", "2020-06-30": "1015.00000", "2020-03-31": "915.00000", "2019-12-31": "1025.00000", "2019-09-30": "1376.00000", "2019-06-30": "1049.00000", "2019-03-31": "898.00000", "2018-12-31": "1024.00000", "2018-09-30": "1316.00000", "2018-06-30": "1371.00000", "2018-03-31": "903.00000", "2017-12-31": "1080.00000", "2017-09-30": "1274.00000", "2017-06-30": "1162.00000", "2017-03-31": "974.00000", "2016-12-31": "1058.00000", "2016-09-30": "1396.00000", "2016-06-30": "1287.00000", "2016-03-31": "1053.00000", "2015-12-31": "1157.00000", "2015-09-30": "1518.00000", "2015-06-30": "1432.00000", "2015-03-31": "1247.00000", "2014-12-31": "1457.00000", "2014-09-30": "2168.00000", "2014-06-30": "2096.00000", "2014-03-31": "1265.00000", "2013-12-31": "1753.00000", "2013-09-30": "1711.00000", "2013-06-30": "1635.00000", "2013-03-31": "982.00000", "2012-12-31": "1119.00000", "2012-09-30": "1075.00000", "2012-06-30": "1000.00000", "2012-03-31": "716.00000", "2011-12-31": "834.00000", "2011-09-30": "1042.00000", "2011-06-30": "1008.00000", "2011-03-31": "687.00000", "2010-12-31": "734.00000", "2010-09-30": "904.00000", "2010-06-30": "909.00000", "2010-03-31": "700.00000", "2009-12-31": "876.00000", "2009-09-30": "1119.00000", "2009-06-30": "1186.00000", "2009-03-31": "399.00000", "2008-12-31": "464.00000", "2008-09-30": "531.00000", "2008-06-30": "700.00000", "2008-03-31": "456.00000", "2007-12-31": "482.00000", "2007-09-30": "536.00000", "2007-06-30": "564.00000", "2007-03-31": "409.00000", "2006-12-31": "432.00000", "2006-09-30": "433.00000", "2006-06-30": "473.00000", "2006-03-31": "426.00000", "2005-12-31": "292.00000", "2005-09-30": "340.07600", "2005-06-30": "352.53700", "2005-03-31": "266.54500"}, "Inventory": {"2020-09-30": "330.00000", "2020-06-30": "388.00000", "2020-03-31": "372.00000", "2019-12-31": "383.00000", "2019-09-30": "364.00000", "2019-06-30": "370.00000", "2019-03-31": "391.00000", "2018-12-31": "412.00000", "2018-09-30": "408.00000", "2018-06-30": "485.00000", "2018-03-31": "528.00000", "2017-12-31": "453.00000", "2017-09-30": "630.00000", "2017-06-30": "713.00000", "2017-03-31": "1140.00000", "2016-12-31": "721.00000", "2016-09-30": "1017.00000", "2016-06-30": "1124.00000", "2016-03-31": "1161.00000", "2015-12-31": "1252.00000", "2015-09-30": "1149.00000", "2015-06-30": "1153.00000", "2015-03-31": "1109.00000", "2014-12-31": "1247.00000", "2014-09-30": "1051.00000", "2014-06-30": "996.00000", "2014-03-31": "781.00000", "2013-12-31": "898.00000", "2013-09-30": "861.00000", "2013-06-30": "874.00000", "2013-03-31": "904.00000", "2012-12-31": "903.00000", "2012-09-30": "393.00000", "2012-06-30": "416.00000", "2012-03-31": "392.00000", "2011-12-31": "308.00000", "2011-09-30": "320.00000", "2011-06-30": "386.00000", "2011-03-31": "418.00000", "2010-12-31": "453.00000", "2010-09-30": "463.00000", "2010-06-30": "535.00000", "2010-03-31": "549.00000", "2009-12-31": "541.00000", "2009-09-30": "533.00000", "2009-06-30": "530.00000", "2009-03-31": "488.00000", "2008-12-31": "455.00000", "2008-09-30": "456.00000", "2008-06-30": "454.00000", "2008-03-31": "454.00000", "2007-12-31": "451.00000", "2007-09-30": "424.00000", "2007-06-30": "430.00000", "2007-03-31": "400.00000", "2006-12-31": "420.00000", "2006-09-30": "397.00000", "2006-06-30": "402.00000", "2006-03-31": "412.00000", "2005-12-31": "240.00000", "2005-09-30": "203.54700", "2005-06-30": "228.99500", "2005-03-31": "208.75700"}, "Pre-Paid Expenses": {"2020-09-30": "258.00000", "2020-06-30": "284.00000", "2020-03-31": "290.00000", "2019-12-31": "245.00000", "2019-09-30": "271.00000", "2019-06-30": "277.00000", "2019-03-31": "285.00000", "2018-12-31": "302.00000", "2018-09-30": "248.00000", "2018-06-30": "328.00000", "2018-03-31": "326.00000", "2017-12-31": "163.00000", "2017-09-30": "354.00000", "2017-06-30": "400.00000", "2017-03-31": "454.00000", "2016-12-31": "404.00000", "2016-09-30": "369.00000", "2016-06-30": "406.00000", "2016-03-31": "461.00000", "2015-12-31": "455.00000", "2015-09-30": "460.00000", "2015-06-30": "516.00000", "2015-03-31": "474.00000", "2014-12-31": "447.00000", "2014-09-30": "475.00000", "2014-06-30": "537.00000", "2014-03-31": "599.00000", "2013-12-31": "479.00000", "2013-09-30": "442.00000", "2013-06-30": "415.00000", "2013-03-31": "724.00000", "2012-12-31": "446.00000", "2012-09-30": "217.00000", "2012-06-30": "606.00000", "2012-03-31": "272.00000", "2011-12-31": "214.00000", "2011-09-30": "245.00000", "2011-06-30": "298.00000", "2011-03-31": "311.00000", "2010-12-31": "296.00000", "2010-09-30": "250.00000", "2010-06-30": "243.00000", "2010-03-31": "307.00000", "2009-12-31": "279.00000", "2009-09-30": "215.00000", "2009-06-30": "210.00000", "2009-03-31": "258.00000", "2008-12-31": "147.00000", "2008-09-30": "203.00000", "2008-06-30": "640.00000", "2008-03-31": "408.00000", "2007-12-31": "144.00000", "2007-09-30": "284.00000", "2007-06-30": "284.00000", "2007-03-31": "259.00000", "2006-12-31": "105.00000", "2006-09-30": "214.00000", "2006-06-30": "187.00000", "2006-03-31": "202.00000", "2005-12-31": "120.00000", "2005-09-30": "129.28900", "2005-06-30": "294.06200", "2005-03-31": "294.14900"}, "Other Current Assets": {"2020-09-30": "655.00000", "2020-06-30": "927.00000", "2020-03-31": "1084.00000", "2019-12-31": "1050.00000", "2019-09-30": "899.00000", "2019-06-30": "1013.00000", "2019-03-31": "999.00000", "2018-12-31": "1052.00000", "2018-09-30": "892.00000", "2018-06-30": "1175.00000", "2018-03-31": "1315.00000", "2017-12-31": "911.00000", "2017-09-30": "711.00000", "2017-06-30": "954.00000", "2017-03-31": "959.00000", "2016-12-31": "1226.00000", "2016-09-30": "1301.00000", "2016-06-30": "1701.00000", "2016-03-31": "2524.00000", "2015-12-31": "2489.00000", "2015-09-30": "1947.00000", "2015-06-30": "2104.00000", "2015-03-31": "2429.00000", "2014-12-31": "2612.00000", "2014-09-30": "1804.00000", "2014-06-30": "2273.00000", "2014-03-31": "2260.00000", "2013-12-31": "1623.00000", "2013-09-30": "1677.00000", "2013-06-30": "2240.00000", "2013-03-31": "3260.00000", "2012-12-31": "2873.00000", "2012-09-30": "2775.00000", "2012-06-30": "3741.00000", "2012-03-31": "5648.00000", "2011-12-31": "4738.00000", "2011-09-30": "2904.00000", "2011-06-30": "2003.00000", "2011-03-31": "1921.00000", "2010-12-31": "2287.00000", "2010-09-30": "2956.00000", "2010-06-30": "2191.00000", "2010-03-31": "3257.00000", "2009-12-31": "1997.00000", "2009-09-30": "3674.00000", "2009-06-30": "4637.00000", "2009-03-31": "4040.00000", "2008-12-31": "5094.00000", "2008-09-30": "4734.00000", "2008-06-30": "5716.00000", "2008-03-31": "2389.00000", "2007-12-31": "1119.00000", "2007-09-30": "827.00000", "2007-06-30": "810.00000", "2007-03-31": "854.00000", "2006-12-31": "1257.00000", "2006-09-30": "1093.00000", "2006-06-30": "737.00000", "2006-03-31": "529.00000", "2005-12-31": "868.00000", "2005-09-30": "1082.98100", "2005-06-30": "59.52400", "2005-03-31": "35.19600"}, "Total Current Assets": {"2020-09-30": "3087.00000", "2020-06-30": "3076.00000", "2020-03-31": "3479.00000", "2019-12-31": "3088.00000", "2019-09-30": "3187.00000", "2019-06-30": "3045.00000", "2019-03-31": "3458.00000", "2018-12-31": "3600.00000", "2018-09-30": "4285.00000", "2018-06-30": "4753.00000", "2018-03-31": "4557.00000", "2017-12-31": "4437.00000", "2017-09-30": "4760.00000", "2017-06-30": "4469.00000", "2017-03-31": "5440.00000", "2016-12-31": "6714.00000", "2016-09-30": "7014.00000", "2016-06-30": "6364.00000", "2016-03-31": "7346.00000", "2015-12-31": "7391.00000", "2015-09-30": "8073.00000", "2015-06-30": "8010.00000", "2015-03-31": "8122.00000", "2014-12-31": "8408.00000", "2014-09-30": "7872.00000", "2014-06-30": "7757.00000", "2014-03-31": "8383.00000", "2013-12-31": "7596.00000", "2013-09-30": "7249.00000", "2013-06-30": "6943.00000", "2013-03-31": "8031.00000", "2012-12-31": "7972.00000", "2012-09-30": "6383.00000", "2012-06-30": "7255.00000", "2012-03-31": "8458.00000", "2011-12-31": "7749.00000", "2011-09-30": "6338.00000", "2011-06-30": "6039.00000", "2011-03-31": "6378.00000", "2010-12-31": "7137.00000", "2010-09-30": "8496.00000", "2010-06-30": "6369.00000", "2010-03-31": "7142.00000", "2009-12-31": "6208.00000", "2009-09-30": "8211.00000", "2009-06-30": "9332.00000", "2009-03-31": "7665.00000", "2008-12-31": "8492.00000", "2008-09-30": "7439.00000", "2008-06-30": "9780.00000", "2008-03-31": "4964.00000", "2007-12-31": "3562.00000", "2007-09-30": "3349.00000", "2007-06-30": "2997.00000", "2007-03-31": "2669.00000", "2006-12-31": "3083.00000", "2006-09-30": "3671.00000", "2006-06-30": "2910.00000", "2006-03-31": "2457.00000", "2005-12-31": "2196.00000", "2005-09-30": "2421.50300", "2005-06-30": "1871.88900", "2005-03-31": "1676.83300"}, "Property, Plant, And Equipment": {"2020-09-30": "2573.00000", "2020-06-30": "2533.00000", "2020-03-31": "2573.00000", "2019-12-31": "2593.00000", "2019-09-30": "2615.00000", "2019-06-30": "2610.00000", "2019-03-31": "2650.00000", "2018-12-31": "3048.00000", "2018-09-30": "3599.00000", "2018-06-30": "12774.00000", "2018-03-31": "13911.00000", "2017-12-31": "5974.00000", "2017-09-30": "15332.00000", "2017-06-30": "15302.00000", "2017-03-31": "17942.00000", "2016-12-31": "15369.00000", "2016-09-30": "18203.00000", "2016-06-30": "18382.00000", "2016-03-31": "18763.00000", "2015-12-31": "18732.00000", "2015-09-30": "21985.00000", "2015-06-30": "22304.00000", "2015-03-31": "22276.00000", "2014-12-31": "22367.00000", "2014-09-30": "22181.00000", "2014-06-30": "21576.00000", "2014-03-31": "19644.00000", "2013-12-31": "19851.00000", "2013-09-30": "20600.00000", "2013-06-30": "20454.00000", "2013-03-31": "20404.00000", "2012-12-31": "20153.00000", "2012-09-30": "15866.00000", "2012-06-30": "15318.00000", "2012-03-31": "14376.00000", "2011-12-31": "13621.00000", "2011-09-30": "12843.00000", "2011-06-30": "12283.00000", "2011-03-31": "11579.00000", "2010-12-31": "12517.00000", "2010-09-30": "11844.00000", "2010-06-30": "11793.00000", "2010-03-31": "11627.00000", "2009-12-31": "11564.00000", "2009-09-30": "11610.00000", "2009-06-30": "11609.00000", "2009-03-31": "11544.00000", "2008-12-31": "11545.00000", "2008-09-30": "11472.00000", "2008-06-30": "11430.00000", "2008-03-31": "11279.00000", "2007-12-31": "11320.00000", "2007-09-30": "11413.00000", "2007-06-30": "11454.00000", "2007-03-31": "11521.00000", "2006-12-31": "11546.00000", "2006-09-30": "11686.00000", "2006-06-30": "11815.00000", "2006-03-31": "11452.00000", "2005-12-31": "2609.00000", "2005-09-30": "3226.71400", "2005-06-30": "3308.65000", "2005-03-31": "3332.43400"}, "Long-Term Investments": {"2020-09-30": "376.00000", "2020-06-30": "372.00000", "2020-03-31": "350.00000", "2019-12-31": "388.00000", "2019-09-30": "405.00000", "2019-06-30": "383.00000", "2019-03-31": "387.00000", "2018-12-31": "412.00000", "2018-09-30": "452.00000", "2018-06-30": "1055.00000", "2018-03-31": "1011.00000", "2017-12-31": "182.00000", "2017-09-30": "1138.00000", "2017-06-30": "1127.00000", "2017-03-31": "1148.00000", "2016-12-31": "1120.00000", "2016-09-30": "900.00000", "2016-06-30": "882.00000", "2016-03-31": "898.00000", "2015-12-31": "1045.00000", "2015-09-30": "1068.00000", "2015-06-30": "1077.00000", "2015-03-31": "772.00000", "2014-12-31": "771.00000", "2014-09-30": "797.00000", "2014-06-30": "865.00000", "2014-03-31": "462.00000", "2013-12-31": "453.00000", "2013-09-30": "626.00000", "2013-06-30": "639.00000", "2013-03-31": "677.00000", "2012-12-31": "676.00000", "2012-09-30": "649.00000", "2012-06-30": "658.00000", "2012-03-31": "643.00000", "2011-12-31": "640.00000", "2011-09-30": "576.00000", "2011-06-30": "549.00000", "2011-03-31": "521.00000", "2010-12-31": "536.00000", "2010-09-30": "510.00000", "2010-06-30": "394.00000", "2010-03-31": "421.00000", "2009-12-31": "409.00000", "2009-09-30": "392.00000", "2009-06-30": "363.00000", "2009-03-31": "494.00000", "2008-12-31": "490.00000", "2008-09-30": "428.00000", "2008-06-30": "454.00000", "2008-03-31": "451.00000", "2007-12-31": "425.00000", "2007-09-30": "409.00000", "2007-06-30": "371.00000", "2007-03-31": "361.00000", "2006-12-31": "344.00000", "2006-09-30": "319.00000", "2006-06-30": "307.00000", "2006-03-31": "316.00000", "2005-12-31": "602.00000", "2005-09-30": "651.41200", "2005-06-30": "637.88100", "2005-03-31": "754.24000"}, "Goodwill And Intangible Assets": {"2020-09-30": "1300.00000", "2020-06-30": "1312.00000", "2020-03-31": "1348.00000", "2019-12-31": "1368.00000", "2019-09-30": "1419.00000", "2019-06-30": "1134.00000", "2019-03-31": "1153.00000", "2018-12-31": "1164.00000", "2018-09-30": "1141.00000", "2018-06-30": "2399.00000", "2018-03-31": "2265.00000", "2017-12-31": "1046.00000", "2017-09-30": "2500.00000", "2017-06-30": "2555.00000", "2017-03-31": "2619.00000", "2016-12-31": "2635.00000", "2016-09-30": "3105.00000", "2016-06-30": "3179.00000", "2016-03-31": "3255.00000", "2015-12-31": "3309.00000", "2015-09-30": "4874.00000", "2015-06-30": "4983.00000", "2015-03-31": "5011.00000", "2014-12-31": "5141.00000", "2014-09-30": "5332.00000", "2014-06-30": "3550.00000", "2014-03-31": "3338.00000", "2013-12-31": "3125.00000", "2013-09-30": "3094.00000", "2013-06-30": "3074.00000", "2013-03-31": "3130.00000", "2012-12-31": "3166.00000", "2012-09-30": "3074.00000", "2012-06-30": "3142.00000", "2012-03-31": "3226.00000", "2011-12-31": "3305.00000", "2011-09-30": "3420.00000", "2011-06-30": "3452.00000", "2011-03-31": "3549.00000", "2010-12-31": "3644.00000", "2010-09-30": "3254.00000", "2010-06-30": "3342.00000", "2010-03-31": "3399.00000", "2009-12-31": "3495.00000", "2009-09-30": "3660.00000", "2009-06-30": "3829.00000", "2009-03-31": "2533.00000", "2008-12-31": "2533.00000", "2008-09-30": "2611.00000", "2008-06-30": "2625.00000", "2008-03-31": "2641.00000", "2007-12-31": "2659.00000", "2007-09-30": "2774.00000", "2007-06-30": "2821.00000", "2007-03-31": "2857.00000", "2006-12-31": "2849.00000", "2006-09-30": "2601.00000", "2006-06-30": "2710.00000", "2006-03-31": "4168.00000", "2005-12-31": "257.00000", "2005-09-30": "268.89700", "2005-06-30": "275.85400", "2005-03-31": "284.90900"}, "Other Long-Term Assets": {"2020-09-30": "629.00000", "2020-06-30": "651.00000", "2020-03-31": "659.00000", "2019-12-31": "550.00000", "2019-09-30": "610.00000", "2019-06-30": "697.00000", "2019-03-31": "602.00000", "2018-12-31": "1695.00000", "2018-09-30": "1233.00000", "2018-06-30": "1131.00000", "2018-03-31": "1192.00000", "2017-12-31": "11018.00000", "2017-09-30": "860.00000", "2017-06-30": "895.00000", "2017-03-31": "1408.00000", "2016-12-31": "1032.00000", "2016-09-30": "1454.00000", "2016-06-30": "1816.00000", "2016-03-31": "1616.00000", "2015-12-31": "1624.00000", "2015-09-30": "1948.00000", "2015-06-30": "1896.00000", "2015-03-31": "2012.00000", "2014-12-31": "1542.00000", "2014-09-30": "1762.00000", "2014-06-30": "1720.00000", "2014-03-31": "1092.00000", "2013-12-31": "1051.00000", "2013-09-30": "1195.00000", "2013-06-30": "1165.00000", "2013-03-31": "1107.00000", "2012-12-31": "1261.00000", "2012-09-30": "701.00000", "2012-06-30": "954.00000", "2012-03-31": "1001.00000", "2011-12-31": "819.00000", "2011-09-30": "857.00000", "2011-06-30": "2161.00000", "2011-03-31": "2173.00000", "2010-12-31": "2266.00000", "2010-09-30": "2524.00000", "2010-06-30": "2411.00000", "2010-03-31": "1131.00000", "2009-12-31": "831.00000", "2009-09-30": "1220.00000", "2009-06-30": "1373.00000", "2009-03-31": "1273.00000", "2008-12-31": "1010.00000", "2008-09-30": "950.00000", "2008-06-30": "1608.00000", "2008-03-31": "745.00000", "2007-12-31": "340.00000", "2007-09-30": "366.00000", "2007-06-30": "413.00000", "2007-03-31": "443.00000", "2006-12-31": "701.00000", "2006-09-30": "618.00000", "2006-06-30": "852.00000", "2006-03-31": "305.00000", "2005-12-31": "492.00000", "2005-09-30": "514.82100", "2005-06-30": "463.92900", "2005-03-31": "475.76400"}, "Total Long-Term Assets": {"2020-09-30": "8793.00000", "2020-06-30": "8832.00000", "2020-03-31": "8897.00000", "2019-12-31": "8979.00000", "2019-09-30": "5858.00000", "2019-06-30": "5627.00000", "2019-03-31": "5555.00000", "2018-12-31": "7028.00000", "2018-09-30": "7165.00000", "2018-06-30": "18194.00000", "2018-03-31": "19195.00000", "2017-12-31": "18918.00000", "2017-09-30": "20710.00000", "2017-06-30": "20736.00000", "2017-03-31": "23980.00000", "2016-12-31": "23968.00000", "2016-09-30": "24477.00000", "2016-06-30": "25058.00000", "2016-03-31": "25334.00000", "2015-12-31": "25491.00000", "2015-09-30": "31915.00000", "2015-06-30": "32355.00000", "2015-03-31": "32208.00000", "2014-12-31": "32058.00000", "2014-09-30": "32197.00000", "2014-06-30": "29872.00000", "2014-03-31": "26578.00000", "2013-12-31": "26306.00000", "2013-09-30": "27614.00000", "2013-06-30": "27549.00000", "2013-03-31": "27340.00000", "2012-12-31": "27011.00000", "2012-09-30": "20837.00000", "2012-06-30": "20601.00000", "2012-03-31": "20072.00000", "2011-12-31": "19151.00000", "2011-09-30": "18422.00000", "2011-06-30": "19297.00000", "2011-03-31": "18665.00000", "2010-12-31": "19759.00000", "2010-09-30": "18923.00000", "2010-06-30": "18734.00000", "2010-03-31": "17436.00000", "2009-12-31": "17170.00000", "2009-09-30": "17743.00000", "2009-06-30": "17973.00000", "2009-03-31": "16533.00000", "2008-12-31": "16316.00000", "2008-09-30": "16244.00000", "2008-06-30": "17009.00000", "2008-03-31": "16010.00000", "2007-12-31": "15712.00000", "2007-09-30": "15855.00000", "2007-06-30": "15939.00000", "2007-03-31": "16042.00000", "2006-12-31": "16353.00000", "2006-09-30": "16050.00000", "2006-06-30": "16532.00000", "2006-03-31": "17050.00000", "2005-12-31": "5270.00000", "2005-09-30": "5373.86400", "2005-06-30": "5409.77500", "2005-03-31": "5616.46500"}, "Total Assets": {"2020-09-30": "12225.00000", "2020-06-30": "12337.00000", "2020-03-31": "12822.00000", "2019-12-31": "12531.00000", "2019-09-30": "9527.00000", "2019-06-30": "9171.00000", "2019-03-31": "9530.00000", "2018-12-31": "10628.00000", "2018-09-30": "11450.00000", "2018-06-30": "22947.00000", "2018-03-31": "23752.00000", "2017-12-31": "23355.00000", "2017-09-30": "25470.00000", "2017-06-30": "25205.00000", "2017-03-31": "29420.00000", "2016-12-31": "30682.00000", "2016-09-30": "31491.00000", "2016-06-30": "31422.00000", "2016-03-31": "32680.00000", "2015-12-31": "32882.00000", "2015-09-30": "39988.00000", "2015-06-30": "40365.00000", "2015-03-31": "40330.00000", "2014-12-31": "40466.00000", "2014-09-30": "40069.00000", "2014-06-30": "37629.00000", "2014-03-31": "34961.00000", "2013-12-31": "33902.00000", "2013-09-30": "34863.00000", "2013-06-30": "34492.00000", "2013-03-31": "35371.00000", "2012-12-31": "34983.00000", "2012-09-30": "27220.00000", "2012-06-30": "27856.00000", "2012-03-31": "28530.00000", "2011-12-31": "26900.00000", "2011-09-30": "24760.00000", "2011-06-30": "25336.00000", "2011-03-31": "25043.00000", "2010-12-31": "26896.00000", "2010-09-30": "27419.00000", "2010-06-30": "25103.00000", "2010-03-31": "24578.00000", "2009-12-31": "23378.00000", "2009-09-30": "25954.00000", "2009-06-30": "27305.00000", "2009-03-31": "24198.00000", "2008-12-31": "24808.00000", "2008-09-30": "23683.00000", "2008-06-30": "26789.00000", "2008-03-31": "20974.00000", "2007-12-31": "19274.00000", "2007-09-30": "19204.00000", "2007-06-30": "18936.00000", "2007-03-31": "18711.00000", "2006-12-31": "19436.00000", "2006-09-30": "19721.00000", "2006-06-30": "19442.00000", "2006-03-31": "19507.00000", "2005-12-31": "7466.00000", "2005-09-30": "7795.36700", "2005-06-30": "7281.66400", "2005-03-31": "7293.29800"}, "Total Current Liabilities": {"2020-09-30": "1986.00000", "2020-06-30": "2157.00000", "2020-03-31": "2852.00000", "2019-12-31": "2359.00000", "2019-09-30": "2564.00000", "2019-06-30": "2294.00000", "2019-03-31": "1945.00000", "2018-12-31": "2398.00000", "2018-09-30": "2723.00000", "2018-06-30": "3663.00000", "2018-03-31": "3708.00000", "2017-12-31": "3354.00000", "2017-09-30": "3705.00000", "2017-06-30": "3520.00000", "2017-03-31": "4197.00000", "2016-12-31": "4702.00000", "2016-09-30": "4301.00000", "2016-06-30": "4514.00000", "2016-03-31": "4338.00000", "2015-12-31": "4375.00000", "2015-09-30": "4336.00000", "2015-06-30": "4469.00000", "2015-03-31": "4509.00000", "2014-12-31": "4859.00000", "2014-09-30": "4543.00000", "2014-06-30": "4746.00000", "2014-03-31": "4225.00000", "2013-12-31": "4204.00000", "2013-09-30": "4382.00000", "2013-06-30": "4411.00000", "2013-03-31": "5162.00000", "2012-12-31": "4670.00000", "2012-09-30": "4777.00000", "2012-06-30": "5698.00000", "2012-03-31": "6885.00000", "2011-12-31": "5861.00000", "2011-09-30": "3995.00000", "2011-06-30": "3105.00000", "2011-03-31": "2998.00000", "2010-12-31": "4220.00000", "2010-09-30": "4482.00000", "2010-06-30": "3530.00000", "2010-03-31": "4372.00000", "2009-12-31": "3762.00000", "2009-09-30": "5208.00000", "2009-06-30": "6638.00000", "2009-03-31": "5585.00000", "2008-12-31": "6581.00000", "2008-09-30": "5310.00000", "2008-06-30": "7532.00000", "2008-03-31": "3453.00000", "2007-12-31": "2277.00000", "2007-09-30": "1610.00000", "2007-06-30": "1645.00000", "2007-03-31": "1568.00000", "2006-12-31": "2032.00000", "2006-09-30": "1795.00000", "2006-06-30": "1630.00000", "2006-03-31": "1360.00000", "2005-12-31": "1357.00000", "2005-09-30": "1867.47600", "2005-06-30": "786.38300", "2005-03-31": "747.05900"}, "Long Term Debt": {"2020-09-30": "5792.00000", "2020-06-30": "5810.00000", "2020-03-31": "5807.00000", "2019-12-31": "5803.00000", "2019-09-30": "5798.00000", "2019-06-30": "5794.00000", "2019-03-31": "6366.00000", "2018-12-31": "6449.00000", "2018-09-30": "6658.00000", "2018-06-30": "14821.00000", "2018-03-31": "15406.00000", "2017-12-31": "9180.00000", "2017-09-30": "15658.00000", "2017-06-30": "15842.00000", "2017-03-31": "17672.00000", "2016-12-31": "15957.00000", "2016-09-30": "18018.00000", "2016-06-30": "17893.00000", "2016-03-31": "18677.00000", "2015-12-31": "18983.00000", "2015-09-30": "19598.00000", "2015-06-30": "19661.00000", "2015-03-31": "20050.00000", "2014-12-31": "19701.00000", "2014-09-30": "19919.00000", "2014-06-30": "18165.00000", "2014-03-31": "16803.00000", "2013-12-31": "15767.00000", "2013-09-30": "15802.00000", "2013-06-30": "15889.00000", "2013-03-31": "15914.00000", "2012-12-31": "15736.00000", "2012-09-30": "10968.00000", "2012-06-30": "10485.00000", "2012-03-31": "10150.00000", "2011-12-31": "9745.00000", "2011-09-30": "9208.00000", "2011-06-30": "10210.00000", "2011-03-31": "10102.00000", "2010-12-31": "10048.00000", "2010-09-30": "10363.00000", "2010-06-30": "9291.00000", "2010-03-31": "7846.00000", "2009-12-31": "7847.00000", "2009-09-30": "8229.00000", "2009-06-30": "8294.00000", "2009-03-31": "7685.00000", "2008-12-31": "7697.00000", "2008-09-30": "8059.00000", "2008-06-30": "8068.00000", "2008-03-31": "8101.00000", "2007-12-31": "7895.00000", "2007-09-30": "8619.00000", "2007-06-30": "8609.00000", "2007-03-31": "8637.00000", "2006-12-31": "8603.00000", "2006-09-30": "7826.00000", "2006-06-30": "7631.00000", "2006-03-31": "7822.00000", "2005-12-31": "2410.00000", "2005-09-30": "2866.37400", "2005-06-30": "3120.20600", "2005-03-31": "3143.36900"}, "Other Non-Current Liabilities": {"2020-09-30": "2199.00000", "2020-06-30": "2145.00000", "2020-03-31": "2139.00000", "2019-12-31": "2191.00000", "2019-09-30": "2147.00000", "2019-06-30": "2128.00000", "2019-03-31": "2148.00000", "2018-12-31": "2296.00000", "2018-09-30": "2421.00000", "2018-06-30": "2306.00000", "2018-03-31": "2280.00000", "2017-12-31": "1498.00000", "2017-09-30": "2311.00000", "2017-06-30": "2289.00000", "2017-03-31": "3474.00000", "2016-12-31": "1817.00000", "2016-09-30": "3613.00000", "2016-06-30": "3829.00000", "2016-03-31": "3920.00000", "2015-12-31": "3152.00000", "2015-09-30": "3867.00000", "2015-06-30": "3871.00000", "2015-03-31": "4062.00000", "2014-12-31": "3172.00000", "2014-09-30": "3616.00000", "2014-06-30": "3421.00000", "2014-03-31": "3266.00000", "2013-12-31": "2685.00000", "2013-09-30": "3499.00000", "2013-06-30": "3593.00000", "2013-03-31": "3797.00000", "2012-12-31": "3201.00000", "2012-09-30": "2244.00000", "2012-06-30": "2374.00000", "2012-03-31": "2313.00000", "2011-12-31": "1587.00000", "2011-09-30": "1789.00000", "2011-06-30": "1736.00000", "2011-03-31": "2282.00000", "2010-12-31": "1997.00000", "2010-09-30": "2358.00000", "2010-06-30": "2236.00000", "2010-03-31": "2167.00000", "2009-12-31": "1755.00000", "2009-09-30": "2866.00000", "2009-06-30": "2707.00000", "2009-03-31": "1911.00000", "2008-12-31": "1693.00000", "2008-09-30": "2634.00000", "2008-06-30": "5294.00000", "2008-03-31": "2978.00000", "2007-12-31": "2169.00000", "2007-09-30": "2279.00000", "2007-06-30": "2388.00000", "2007-03-31": "2309.00000", "2006-12-31": "1977.00000", "2006-09-30": "3480.00000", "2006-06-30": "3647.00000", "2006-03-31": "3708.00000", "2005-12-31": "421.00000", "2005-09-30": "692.09000", "2005-06-30": "657.90200", "2005-03-31": "552.31400"}, "Total Long Term Liabilities": {"2020-09-30": "8305.00000", "2020-06-30": "8430.00000", "2020-03-31": "8434.00000", "2019-12-31": "8514.00000", "2019-09-30": "8534.00000", "2019-06-30": "8525.00000", "2019-03-31": "9123.00000", "2018-12-31": "9464.00000", "2018-09-30": "9663.00000", "2018-06-30": "17213.00000", "2018-03-31": "17786.00000", "2017-12-31": "18033.00000", "2017-09-30": "18075.00000", "2017-06-30": "18202.00000", "2017-03-31": "21210.00000", "2016-12-31": "21534.00000", "2016-09-30": "21697.00000", "2016-06-30": "21787.00000", "2016-03-31": "22961.00000", "2015-12-31": "23073.00000", "2015-09-30": "23813.00000", "2015-06-30": "23583.00000", "2015-03-31": "24151.00000", "2014-12-31": "23931.00000", "2014-09-30": "23587.00000", "2014-06-30": "21657.00000", "2014-03-31": "20093.00000", "2013-12-31": "18982.00000", "2013-09-30": "19351.00000", "2013-06-30": "19529.00000", "2013-03-31": "19764.00000", "2012-12-31": "19795.00000", "2012-09-30": "14304.00000", "2012-06-30": "14006.00000", "2012-03-31": "13763.00000", "2011-12-31": "13121.00000", "2011-09-30": "12585.00000", "2011-06-30": "13655.00000", "2011-03-31": "14196.00000", "2010-12-31": "14356.00000", "2010-09-30": "14468.00000", "2010-06-30": "13295.00000", "2010-03-31": "11938.00000", "2009-12-31": "11672.00000", "2009-09-30": "12667.00000", "2009-06-30": "12565.00000", "2009-03-31": "10899.00000", "2008-12-31": "10857.00000", "2008-09-30": "11783.00000", "2008-06-30": "14312.00000", "2008-03-31": "12042.00000", "2007-12-31": "11246.00000", "2007-09-30": "11723.00000", "2007-06-30": "11711.00000", "2007-03-31": "11570.00000", "2006-12-31": "11499.00000", "2006-09-30": "11674.00000", "2006-06-30": "11709.00000", "2006-03-31": "12331.00000", "2005-12-31": "3632.00000", "2005-09-30": "3662.53200", "2005-06-30": "3894.63000", "2005-03-31": "3936.14900"}, "Total Liabilities": {"2020-09-30": "10291.00000", "2020-06-30": "10587.00000", "2020-03-31": "11286.00000", "2019-12-31": "10873.00000", "2019-09-30": "11098.00000", "2019-06-30": "10819.00000", "2019-03-31": "11068.00000", "2018-12-31": "11862.00000", "2018-09-30": "12386.00000", "2018-06-30": "20876.00000", "2018-03-31": "21494.00000", "2017-12-31": "21387.00000", "2017-09-30": "21780.00000", "2017-06-30": "21722.00000", "2017-03-31": "25407.00000", "2016-12-31": "26236.00000", "2016-09-30": "25998.00000", "2016-06-30": "26301.00000", "2016-03-31": "27299.00000", "2015-12-31": "27448.00000", "2015-09-30": "28149.00000", "2015-06-30": "28052.00000", "2015-03-31": "28660.00000", "2014-12-31": "28790.00000", "2014-09-30": "28130.00000", "2014-06-30": "26403.00000", "2014-03-31": "24318.00000", "2013-12-31": "23186.00000", "2013-09-30": "23733.00000", "2013-06-30": "23940.00000", "2013-03-31": "24926.00000", "2012-12-31": "24465.00000", "2012-09-30": "19081.00000", "2012-06-30": "19704.00000", "2012-03-31": "20648.00000", "2011-12-31": "18982.00000", "2011-09-30": "16580.00000", "2011-06-30": "16760.00000", "2011-03-31": "17194.00000", "2010-12-31": "18576.00000", "2010-09-30": "18950.00000", "2010-06-30": "16825.00000", "2010-03-31": "16310.00000", "2009-12-31": "15434.00000", "2009-09-30": "17875.00000", "2009-06-30": "19203.00000", "2009-03-31": "16484.00000", "2008-12-31": "17438.00000", "2008-09-30": "17093.00000", "2008-06-30": "21844.00000", "2008-03-31": "15495.00000", "2007-12-31": "13523.00000", "2007-09-30": "13333.00000", "2007-06-30": "13356.00000", "2007-03-31": "13138.00000", "2006-12-31": "13531.00000", "2006-09-30": "13469.00000", "2006-06-30": "13339.00000", "2006-03-31": "13691.00000", "2005-12-31": "4989.00000", "2005-09-30": "5530.00800", "2005-06-30": "4681.01300", "2005-03-31": "4683.20800"}, "Common Stock Net": {"2020-09-30": "4.00000", "2020-06-30": "4.00000", "2020-03-31": "4.00000", "2019-12-31": "4.00000", "2019-09-30": "4.00000", "2019-06-30": "4.00000", "2019-03-31": "4.00000", "2018-12-31": "4.00000", "2018-09-30": "4.00000", "2018-06-30": "4.00000", "2018-03-31": "4.00000", "2017-12-31": "4.00000", "2017-09-30": "4.00000", "2017-06-30": "4.00000", "2017-03-31": "4.00000", "2016-12-31": "4.00000", "2016-09-30": "4.00000", "2016-06-30": "4.00000", "2016-03-31": "4.00000", "2015-12-31": "4.00000", "2015-09-30": "4.00000", "2015-06-30": "4.00000", "2015-03-31": "4.00000", "2014-12-31": "4.00000", "2014-09-30": "4.00000", "2014-06-30": "4.00000", "2014-03-31": "4.00000", "2013-12-31": "4.00000", "2013-09-30": "4.00000", "2013-06-30": "4.00000", "2013-03-31": "4.00000", "2012-12-31": "4.00000", "2012-09-30": "3.00000", "2012-06-30": "3.00000", "2012-03-31": "3.00000", "2011-12-31": "3.00000", "2011-09-30": "3.00000", "2011-06-30": "3.00000", "2011-03-31": "3.00000", "2010-12-31": "3.00000", "2010-09-30": "3.00000", "2010-06-30": "3.00000", "2010-03-31": "3.00000", "2009-12-31": "3.00000", "2009-09-30": "3.00000", "2009-06-30": "3.00000", "2009-03-31": "3.00000", "2008-12-31": "3.00000", "2008-09-30": "3.00000", "2008-06-30": "3.00000", "2008-03-31": "3.00000", "2007-12-31": "3.00000", "2007-09-30": "3.00000", "2007-06-30": "3.00000", "2007-03-31": "1.00000", "2006-12-31": "3.00000", "2006-09-30": "1.00000", "2006-06-30": "1.00000", "2006-03-31": "1.00000", "2005-12-31": "1.00000", "2005-09-30": "1.00000", "2005-06-30": "1.00000", "2005-03-31": "1.00000"}, "Retained Earnings (Accumulated Deficit)": {"2020-09-30": "-1157.00000", "2020-06-30": "-1331.00000", "2020-03-31": "-1570.00000", "2019-12-31": "-1616.00000", "2019-09-30": "-4991.00000", "2019-06-30": "-5355.00000", "2019-03-31": "-5548.00000", "2018-12-31": "-6022.00000", "2018-09-30": "-6001.00000", "2018-06-30": "-5920.00000", "2018-03-31": "-5982.00000", "2017-12-31": "-6268.00000", "2017-09-30": "-4713.00000", "2017-06-30": "-4874.00000", "2017-03-31": "-4238.00000", "2016-12-31": "-3787.00000", "2016-09-30": "-2791.00000", "2016-06-30": "-3179.00000", "2016-03-31": "-2977.00000", "2015-12-31": "-3007.00000", "2015-09-30": "3358.00000", "2015-06-30": "3346.00000", "2015-03-31": "3413.00000", "2014-12-31": "3588.00000", "2014-09-30": "3564.00000", "2014-06-30": "3445.00000", "2014-03-31": "3594.00000", "2013-12-31": "3695.00000", "2013-09-30": "4272.00000", "2013-06-30": "4179.00000", "2013-03-31": "4124.00000", "2012-12-31": "4230.00000", "2012-09-30": "4002.00000", "2012-06-30": "4026.00000", "2012-03-31": "3777.00000", "2011-12-31": "3987.00000", "2011-09-30": "4099.00000", "2011-06-30": "4156.00000", "2011-03-31": "3538.00000", "2010-12-31": "3800.00000", "2010-09-30": "3817.00000", "2010-06-30": "3596.00000", "2010-03-31": "3388.00000", "2009-12-31": "3332.00000", "2009-09-30": "3305.00000", "2009-06-30": "3033.00000", "2009-03-31": "2607.00000", "2008-12-31": "2423.00000", "2008-09-30": "2194.00000", "2008-06-30": "1424.00000", "2008-03-31": "1308.00000", "2007-12-31": "1270.00000", "2007-09-30": "1180.00000", "2007-06-30": "925.00000", "2007-03-31": "790.00000", "2006-12-31": "739.00000", "2006-09-30": "782.00000", "2006-06-30": "374.00000", "2006-03-31": "184.00000", "2005-12-31": "261.00000", "2005-09-30": "203.97300", "2005-06-30": "235.05400", "2005-03-31": "215.38800"}, "Comprehensive Income": {"2020-09-30": "-190.00000", "2020-06-30": "-194.00000", "2020-03-31": "-207.00000", "2019-12-31": "-192.00000", "2019-09-30": "-158.00000", "2019-06-30": "-99.00000", "2019-03-31": "-96.00000", "2018-12-31": "-94.00000", "2018-09-30": "-58.00000", "2018-06-30": "-60.00000", "2018-03-31": "-61.00000", "2017-12-31": "-72.00000", "2017-09-30": "-91.00000", "2017-06-30": "-100.00000", "2017-03-31": "-124.00000", "2016-12-31": "-135.00000", "2016-09-30": "-142.00000", "2016-06-30": "-203.00000", "2016-03-31": "-195.00000", "2015-12-31": "-173.00000", "2015-09-30": "-188.00000", "2015-06-30": "-170.00000", "2015-03-31": "-191.00000", "2014-12-31": "-174.00000", "2014-09-30": "-5.00000", "2014-06-30": "5.00000", "2014-03-31": "10.00000", "2013-12-31": "5.00000", "2013-09-30": "-129.00000", "2013-06-30": "-118.00000", "2013-03-31": "-136.00000", "2012-12-31": "-150.00000", "2012-09-30": "-68.00000", "2012-06-30": "-17.00000", "2012-03-31": "71.00000", "2011-12-31": "74.00000", "2011-09-30": "201.00000", "2011-06-30": "305.00000", "2011-03-31": "363.00000", "2010-12-31": "432.00000", "2010-09-30": "571.00000", "2010-06-30": "476.00000", "2010-03-31": "667.00000", "2009-12-31": "416.00000", "2009-09-30": "320.00000", "2009-06-30": "372.00000", "2009-03-31": "466.00000", "2008-12-31": "310.00000", "2008-09-30": "-58.00000", "2008-06-30": "-1062.00000", "2008-03-31": "-373.00000", "2007-12-31": "-115.00000", "2007-09-30": "70.00000", "2007-06-30": "-15.00000", "2007-03-31": "9.00000", "2006-12-31": "282.00000", "2006-09-30": "169.00000", "2006-06-30": "136.00000", "2006-03-31": "45.00000", "2005-12-31": "-205.00000", "2005-09-30": "-355.75300", "2005-06-30": "-59.88200", "2005-03-31": "-28.27400"}, "Other Share Holders Equity": {"2020-09-30": "", "2020-06-30": "", "2020-03-31": "", "2019-12-31": "", "2019-09-30": "", "2019-06-30": "", "2019-03-31": "", "2018-12-31": "", "2018-09-30": "", "2018-06-30": "", "2018-03-31": "", "2017-12-31": "", "2017-09-30": "", "2017-06-30": "", "2017-03-31": "", "2016-12-31": "", "2016-09-30": "", "2016-06-30": "", "2016-03-31": "", "2015-12-31": "", "2015-09-30": "", "2015-06-30": "", "2015-03-31": "", "2014-12-31": "", "2014-09-30": "", "2014-06-30": "", "2014-03-31": "", "2013-12-31": "", "2013-09-30": "", "2013-06-30": "", "2013-03-31": "", "2012-12-31": "", "2012-09-30": "", "2012-06-30": "", "2012-03-31": "", "2011-12-31": "", "2011-09-30": "", "2011-06-30": "", "2011-03-31": "", "2010-12-31": "", "2010-09-30": "", "2010-06-30": "", "2010-03-31": "", "2009-12-31": "", "2009-09-30": "", "2009-06-30": "", "2009-03-31": "", "2008-12-31": "", "2008-09-30": "", "2008-06-30": "", "2008-03-31": "", "2007-12-31": "", "2007-09-30": "", "2007-06-30": "", "2007-03-31": "", "2006-12-31": "", "2006-09-30": "", "2006-06-30": "", "2006-03-31": "", "2005-12-31": "", "2005-09-30": "", "2005-06-30": "", "2005-03-31": ""}, "Share Holder Equity": {"2020-09-30": "1934.00000", "2020-06-30": "1750.00000", "2020-03-31": "1536.00000", "2019-12-31": "1658.00000", "2019-09-30": "-1571.00000", "2019-06-30": "-1648.00000", "2019-03-31": "-1538.00000", "2018-12-31": "-1234.00000", "2018-09-30": "-936.00000", "2018-06-30": "2071.00000", "2018-03-31": "2258.00000", "2017-12-31": "1968.00000", "2017-09-30": "3690.00000", "2017-06-30": "3483.00000", "2017-03-31": "4013.00000", "2016-12-31": "4446.00000", "2016-09-30": "5493.00000", "2016-06-30": "5121.00000", "2016-03-31": "5381.00000", "2015-12-31": "5434.00000", "2015-09-30": "11839.00000", "2015-06-30": "12313.00000", "2015-03-31": "11670.00000", "2014-12-31": "11676.00000", "2014-09-30": "11939.00000", "2014-06-30": "11226.00000", "2014-03-31": "10643.00000", "2013-12-31": "10716.00000", "2013-09-30": "11130.00000", "2013-06-30": "10552.00000", "2013-03-31": "10445.00000", "2012-12-31": "10518.00000", "2012-09-30": "8139.00000", "2012-06-30": "8152.00000", "2012-03-31": "7882.00000", "2011-12-31": "7918.00000", "2011-09-30": "8180.00000", "2011-06-30": "8576.00000", "2011-03-31": "7849.00000", "2010-12-31": "8320.00000", "2010-09-30": "8469.00000", "2010-06-30": "8278.00000", "2010-03-31": "8268.00000", "2009-12-31": "7944.00000", "2009-09-30": "8079.00000", "2009-06-30": "8102.00000", "2009-03-31": "7714.00000", "2008-12-31": "7370.00000", "2008-09-30": "6590.00000", "2008-06-30": "4945.00000", "2008-03-31": "5479.00000", "2007-12-31": "5751.00000", "2007-09-30": "5871.00000", "2007-06-30": "5580.00000", "2007-03-31": "5573.00000", "2006-12-31": "5905.00000", "2006-09-30": "6252.00000", "2006-06-30": "6103.00000", "2006-03-31": "5816.00000", "2005-12-31": "2477.00000", "2005-09-30": "2265.35900", "2005-06-30": "2600.65100", "2005-03-31": "2610.09000"}, "Total Liabilities And Share Holders Equity": {"2020-09-30": "12225.00000", "2020-06-30": "12337.00000", "2020-03-31": "12822.00000", "2019-12-31": "12531.00000", "2019-09-30": "9527.00000", "2019-06-30": "9171.00000", "2019-03-31": "9530.00000", "2018-12-31": "10628.00000", "2018-09-30": "11450.00000", "2018-06-30": "22947.00000", "2018-03-31": "23752.00000", "2017-12-31": "23355.00000", "2017-09-30": "25470.00000", "2017-06-30": "25205.00000", "2017-03-31": "29420.00000", "2016-12-31": "30682.00000", "2016-09-30": "31491.00000", "2016-06-30": "31422.00000", "2016-03-31": "32680.00000", "2015-12-31": "32882.00000", "2015-09-30": "39988.00000", "2015-06-30": "40365.00000", "2015-03-31": "40330.00000", "2014-12-31": "40466.00000", "2014-09-30": "40069.00000", "2014-06-30": "37629.00000", "2014-03-31": "34961.00000", "2013-12-31": "33902.00000", "2013-09-30": "34863.00000", "2013-06-30": "34492.00000", "2013-03-31": "35371.00000", "2012-12-31": "34983.00000", "2012-09-30": "27220.00000", "2012-06-30": "27856.00000", "2012-03-31": "28530.00000", "2011-12-31": "26900.00000", "2011-09-30": "24760.00000", "2011-06-30": "25336.00000", "2011-03-31": "25043.00000", "2010-12-31": "26896.00000", "2010-09-30": "27419.00000", "2010-06-30": "25103.00000", "2010-03-31": "24578.00000", "2009-12-31": "23378.00000", "2009-09-30": "25954.00000", "2009-06-30": "27305.00000", "2009-03-31": "24198.00000", "2008-12-31": "24808.00000", "2008-09-30": "23683.00000", "2008-06-30": "26789.00000", "2008-03-31": "20974.00000", "2007-12-31": "19274.00000", "2007-09-30": "19204.00000", "2007-06-30": "18936.00000", "2007-03-31": "18711.00000", "2006-12-31": "19436.00000", "2006-09-30": "19721.00000", "2006-06-30": "19442.00000", "2006-03-31": "19507.00000", "2005-12-31": "7466.00000", "2005-09-30": "7795.36700", "2005-06-30": "7281.66400", "2005-03-31": "7293.29800"}}, "cash flow statement": {"Net Income/Loss": {"2019-12-31": "4441.00000", "2018-12-31": "268.00000", "2017-12-31": "-2337.00000", "2016-12-31": "-891.00000", "2015-12-31": "-6436.00000", "2014-12-31": "132.00000", "2013-12-31": "-352.00000", "2012-12-31": "315.00000", "2011-12-31": "197.00000", "2010-12-31": "476.00000", "2009-12-31": "941.00000", "2008-12-31": "1225.00000", "2007-12-31": "573.00000", "2006-12-31": "621.00000", "2005-12-31": "84.00000"}, "Total Depreciation And Amortization - Cash Flow": {"2019-12-31": "560.00000", "2018-12-31": "606.00000", "2017-12-31": "809.00000", "2016-12-31": "932.00000", "2015-12-31": "1633.00000", "2014-12-31": "1688.00000", "2013-12-31": "1331.00000", "2012-12-31": "1207.00000", "2011-12-31": "1162.00000", "2010-12-31": "944.00000", "2009-12-31": "1077.00000", "2008-12-31": "481.00000", "2007-12-31": "582.00000", "2006-12-31": "257.00000", "2005-12-31": "238.00000"}, "Other Non-Cash Items": {"2019-12-31": "-3311.00000", "2018-12-31": "656.00000", "2017-12-31": "3503.00000", "2016-12-31": "1550.00000", "2015-12-31": "6135.00000", "2014-12-31": "198.00000", "2013-12-31": "592.00000", "2012-12-31": "-582.00000", "2011-12-31": "-200.00000", "2010-12-31": "205.00000", "2009-12-31": "338.00000", "2008-12-31": "442.00000", "2007-12-31": "376.00000", "2006-12-31": "-984.00000", "2005-12-31": "15.00000"}, "Total Non-Cash Items": {"2019-12-31": "-2751.00000", "2018-12-31": "1262.00000", "2017-12-31": "4312.00000", "2016-12-31": "2482.00000", "2015-12-31": "7768.00000", "2014-12-31": "1886.00000", "2013-12-31": "1923.00000", "2012-12-31": "625.00000", "2011-12-31": "962.00000", "2010-12-31": "1149.00000", "2009-12-31": "1415.00000", "2008-12-31": "923.00000", "2007-12-31": "958.00000", "2006-12-31": "-727.00000", "2005-12-31": "253.00000"}, "Change In Accounts Receivable": {"2019-12-31": "5.00000", "2018-12-31": "-83.00000", "2017-12-31": "-83.00000", "2016-12-31": "24.00000", "2015-12-31": "113.00000", "2014-12-31": "-2.00000", "2013-12-31": "-224.00000", "2012-12-31": "-131.00000", "2011-12-31": "-119.00000", "2010-12-31": "138.00000", "2009-12-31": "88.00000", "2008-12-31": "1.00000", "2007-12-31": "", "2006-12-31": "87.00000", "2005-12-31": "-8.00000"}, "Change In Inventories": {"2019-12-31": "22.00000", "2018-12-31": "31.00000", "2017-12-31": "143.00000", "2016-12-31": "60.00000", "2015-12-31": "-59.00000", "2014-12-31": "-245.00000", "2013-12-31": "11.00000", "2012-12-31": "-172.00000", "2011-12-31": "145.00000", "2010-12-31": "91.00000", "2009-12-31": "-83.00000", "2008-12-31": "-5.00000", "2007-12-31": "-38.00000", "2006-12-31": "-50.00000", "2005-12-31": "-14.00000"}, "Change In Accounts Payable": {"2019-12-31": "-177.00000", "2018-12-31": "113.00000", "2017-12-31": "44.00000", "2016-12-31": "-59.00000", "2015-12-31": "-180.00000", "2014-12-31": "-12.00000", "2013-12-31": "275.00000", "2012-12-31": "-132.00000", "2011-12-31": "9.00000", "2010-12-31": "-261.00000", "2009-12-31": "-176.00000", "2008-12-31": "-31.00000", "2007-12-31": "49.00000", "2006-12-31": "-73.00000", "2005-12-31": "57.00000"}, "Change In Assets/Liabilities": {"2019-12-31": "-86.00000", "2018-12-31": "-48.00000", "2017-12-31": "-381.00000", "2016-12-31": "365.00000", "2015-12-31": "172.00000", "2014-12-31": "-223.00000", "2013-12-31": "-249.00000", "2012-12-31": "413.00000", "2011-12-31": "83.00000", "2010-12-31": "78.00000", "2009-12-31": "-127.00000", "2008-12-31": "-628.00000", "2007-12-31": "-123.00000", "2006-12-31": "417.00000", "2005-12-31": "-288.00000"}, "Total Change In Assets/Liabilities": {"2019-12-31": "-277.00000", "2018-12-31": "-153.00000", "2017-12-31": "-365.00000", "2016-12-31": "317.00000", "2015-12-31": "17.00000", "2014-12-31": "-508.00000", "2013-12-31": "-301.00000", "2012-12-31": "209.00000", "2011-12-31": "7.00000", "2010-12-31": "-2.00000", "2009-12-31": "-250.00000", "2008-12-31": "-669.00000", "2007-12-31": "-14.00000", "2006-12-31": "514.00000", "2005-12-31": "-269.00000"}, "Cash Flow From Operating Activities": {"2019-12-31": "1413.00000", "2018-12-31": "1377.00000", "2017-12-31": "1610.00000", "2016-12-31": "1908.00000", "2015-12-31": "1349.00000", "2014-12-31": "1510.00000", "2013-12-31": "1270.00000", "2012-12-31": "1149.00000", "2011-12-31": "1166.00000", "2010-12-31": "1623.00000", "2009-12-31": "2106.00000", "2008-12-31": "1479.00000", "2007-12-31": "1517.00000", "2006-12-31": "408.00000", "2005-12-31": "68.00000"}, "Net Change In Property, Plant, And Equipment": {"2019-12-31": "1066.00000", "2018-12-31": "1176.00000", "2017-12-31": "176.00000", "2016-12-31": "-303.00000", "2015-12-31": "-1002.00000", "2014-12-31": "-706.00000", "2013-12-31": "-1974.00000", "2012-12-31": "-3259.00000", "2011-12-31": "-2303.00000", "2010-12-31": "-663.00000", "2009-12-31": "-728.00000", "2008-12-31": "-885.00000", "2007-12-31": "-481.00000", "2006-12-31": "-221.00000", "2005-12-31": "-106.00000"}, "Net Change In Intangible Assets": {"2019-12-31": "11.00000", "2018-12-31": "19.00000", "2017-12-31": "66.00000", "2016-12-31": "", "2015-12-31": "41.00000", "2014-12-31": "-16.00000", "2013-12-31": "5.00000", "2012-12-31": "-1.00000", "2011-12-31": "-19.00000", "2010-12-31": "-34.00000", "2009-12-31": "-38.00000", "2008-12-31": "67.00000", "2007-12-31": "111.00000", "2006-12-31": "11.00000", "2005-12-31": ""}, "Net Acquisitions/Divestitures": {"2019-12-31": "-355.00000", "2018-12-31": "-511.00000", "2017-12-31": "-14.00000", "2016-12-31": "", "2015-12-31": "-31.00000", "2014-12-31": "-2936.00000", "2013-12-31": "-494.00000", "2012-12-31": "902.00000", "2011-12-31": "-377.00000", "2010-12-31": "-1006.00000", "2009-12-31": "-427.00000", "2008-12-31": "241.00000", "2007-12-31": "57.00000", "2006-12-31": "-4073.00000", "2005-12-31": "31.00000"}, "Net Change In Short-term Investments": {"2019-12-31": "", "2018-12-31": "", "2017-12-31": "", "2016-12-31": "", "2015-12-31": "", "2014-12-31": "", "2013-12-31": "-48.00000", "2012-12-31": "-66.00000", "2011-12-31": "-215.00000", "2010-12-31": "", "2009-12-31": "14.00000", "2008-12-31": "13.00000", "2007-12-31": "12.00000", "2006-12-31": "6.00000", "2005-12-31": "45.00000"}, "Net Change In Long-Term Investments": {"2019-12-31": "-126.00000", "2018-12-31": "-98.00000", "2017-12-31": "-68.00000", "2016-12-31": "-74.00000", "2015-12-31": "-393.00000", "2014-12-31": "-122.00000", "2013-12-31": "-26.00000", "2012-12-31": "-62.00000", "2011-12-31": "-87.00000", "2010-12-31": "-57.00000", "2009-12-31": "252.00000", "2008-12-31": "-118.00000", "2007-12-31": "-79.00000", "2006-12-31": "74.00000", "2005-12-31": "81.00000"}, "Net Change In Investments - Total": {"2019-12-31": "-126.00000", "2018-12-31": "-98.00000", "2017-12-31": "-68.00000", "2016-12-31": "-74.00000", "2015-12-31": "-393.00000", "2014-12-31": "-122.00000", "2013-12-31": "-74.00000", "2012-12-31": "-128.00000", "2011-12-31": "-302.00000", "2010-12-31": "-57.00000", "2009-12-31": "266.00000", "2008-12-31": "-105.00000", "2007-12-31": "-67.00000", "2006-12-31": "80.00000", "2005-12-31": "126.00000"}, "Investing Activities - Other": {"2019-12-31": "-40.00000", "2018-12-31": "-791.00000", "2017-12-31": "-799.00000", "2016-12-31": "-380.00000", "2015-12-31": "-143.00000", "2014-12-31": "877.00000", "2013-12-31": "9.00000", "2012-12-31": "224.00000", "2011-12-31": "-46.00000", "2010-12-31": "137.00000", "2009-12-31": "-27.00000", "2008-12-31": "10.00000", "2007-12-31": "53.00000", "2006-12-31": "27.00000", "2005-12-31": "107.00000"}, "Cash Flow From Investing Activities": {"2019-12-31": "556.00000", "2018-12-31": "-205.00000", "2017-12-31": "-639.00000", "2016-12-31": "-757.00000", "2015-12-31": "-1528.00000", "2014-12-31": "-2903.00000", "2013-12-31": "-2528.00000", "2012-12-31": "-2262.00000", "2011-12-31": "-3047.00000", "2010-12-31": "-1623.00000", "2009-12-31": "-954.00000", "2008-12-31": "-672.00000", "2007-12-31": "-327.00000", "2006-12-31": "-4176.00000", "2005-12-31": "158.00000"}, "Net Long-Term Debt": {"2019-12-31": "", "2018-12-31": "", "2017-12-31": "", "2016-12-31": "-734.00000", "2015-12-31": "-358.00000", "2014-12-31": "736.00000", "2013-12-31": "842.00000", "2012-12-31": "3097.00000", "2011-12-31": "648.00000", "2010-12-31": "863.00000", "2009-12-31": "169.00000", "2008-12-31": "-23.00000", "2007-12-31": "1411.00000", "2006-12-31": "8323.00000", "2005-12-31": "249.00000"}, "Net Current Debt": {"2019-12-31": "-655.00000", "2018-12-31": "-634.00000", "2017-12-31": "-706.00000", "2016-12-31": "", "2015-12-31": "", "2014-12-31": "", "2013-12-31": "", "2012-12-31": "-1260.00000", "2011-12-31": "", "2010-12-31": "", "2009-12-31": "", "2008-12-31": "-234.00000", "2007-12-31": "-1819.00000", "2006-12-31": "-4761.00000", "2005-12-31": "-1005.00000"}, "Debt Issuance/Retirement Net - Total": {"2019-12-31": "-655.00000", "2018-12-31": "-634.00000", "2017-12-31": "-706.00000", "2016-12-31": "-734.00000", "2015-12-31": "-358.00000", "2014-12-31": "736.00000", "2013-12-31": "842.00000", "2012-12-31": "1837.00000", "2011-12-31": "648.00000", "2010-12-31": "863.00000", "2009-12-31": "169.00000", "2008-12-31": "-257.00000", "2007-12-31": "-408.00000", "2006-12-31": "3562.00000", "2005-12-31": "-756.00000"}, "Net Common Equity Issued/Repurchased": {"2019-12-31": "-1437.00000", "2018-12-31": "-1229.00000", "2017-12-31": "-2.00000", "2016-12-31": "1.00000", "2015-12-31": "-436.00000", "2014-12-31": "-18.00000", "2013-12-31": "-9.00000", "2012-12-31": "", "2011-12-31": "-428.00000", "2010-12-31": "-178.00000", "2009-12-31": "-498.00000", "2008-12-31": "-126.00000", "2007-12-31": "-346.00000", "2006-12-31": "254.00000", "2005-12-31": "-250.00000"}, "Net Total Equity Issued/Repurchased": {"2019-12-31": "-1437.00000", "2018-12-31": "-1229.00000", "2017-12-31": "-2.00000", "2016-12-31": "-225.00000", "2015-12-31": "-436.00000", "2014-12-31": "-18.00000", "2013-12-31": "-9.00000", "2012-12-31": "", "2011-12-31": "-428.00000", "2010-12-31": "-178.00000", "2009-12-31": "-498.00000", "2008-12-31": "-126.00000", "2007-12-31": "-346.00000", "2006-12-31": "740.00000", "2005-12-31": "-4.00000"}, "Total Common And Preferred Stock Dividends Paid": {"2019-12-31": "-32.00000", "2018-12-31": "-37.00000", "2017-12-31": "-38.00000", "2016-12-31": "-76.00000", "2015-12-31": "-201.00000", "2014-12-31": "-196.00000", "2013-12-31": "-154.00000", "2012-12-31": "-50.00000", "2011-12-31": "-9.00000", "2010-12-31": "-9.00000", "2009-12-31": "-33.00000", "2008-12-31": "-55.00000", "2007-12-31": "-55.00000", "2006-12-31": "-50.00000", "2005-12-31": "-20.00000"}, "Financial Activities - Other": {"2019-12-31": "-24.00000", "2018-12-31": "374.00000", "2017-12-31": "-392.00000", "2016-12-31": "267.00000", "2015-12-31": "563.00000", "2014-12-31": "743.00000", "2013-12-31": "748.00000", "2012-12-31": "312.00000", "2011-12-31": "-178.00000", "2010-12-31": "-25.00000", "2009-12-31": "19.00000", "2008-12-31": "-49.00000", "2007-12-31": "-5.00000", "2006-12-31": "-199.00000", "2005-12-31": "-50.00000"}, "Cash Flow From Financial Activities": {"2019-12-31": "-2148.00000", "2018-12-31": "-1526.00000", "2017-12-31": "-1138.00000", "2016-12-31": "-768.00000", "2015-12-31": "-432.00000", "2014-12-31": "1265.00000", "2013-12-31": "1427.00000", "2012-12-31": "2099.00000", "2011-12-31": "33.00000", "2010-12-31": "651.00000", "2009-12-31": "-343.00000", "2008-12-31": "-487.00000", "2007-12-31": "-814.00000", "2006-12-31": "4053.00000", "2005-12-31": "-830.00000"}, "Net Cash Flow": {"2019-12-31": "-228.00000", "2018-12-31": "-473.00000", "2017-12-31": "226.00000", "2016-12-31": "-182.00000", "2015-12-31": "-349.00000", "2014-12-31": "-138.00000", "2013-12-31": "167.00000", "2012-12-31": "982.00000", "2011-12-31": "-1846.00000", "2010-12-31": "647.00000", "2009-12-31": "810.00000", "2008-12-31": "362.00000", "2007-12-31": "355.00000", "2006-12-31": "291.00000", "2005-12-31": "-569.00000"}, "Stock-Based Compensation": {"2019-12-31": "", "2018-12-31": "", "2017-12-31": "", "2016-12-31": "", "2015-12-31": "", "2014-12-31": "", "2013-12-31": "", "2012-12-31": "", "2011-12-31": "", "2010-12-31": "", "2009-12-31": "", "2008-12-31": "", "2007-12-31": "", "2006-12-31": "", "2005-12-31": ""}, "Common Stock Dividends Paid": {"2019-12-31": "-32.00000", "2018-12-31": "-37.00000", "2017-12-31": "-38.00000", "2016-12-31": "", "2015-12-31": "", "2014-12-31": "-196.00000", "2013-12-31": "", "2012-12-31": "", "2011-12-31": "", "2010-12-31": "", "2009-12-31": "", "2008-12-31": "", "2007-12-31": "", "2006-12-31": "", "2005-12-31": ""}}, "cash flow statement, quarterly": {"Net Income/Loss": {"2020-09-30": 249, "2020-06-30": 313, "2020-03-31": "121.00000", "2019-12-31": 3385, "2019-09-30": 372, "2019-06-30": 202, "2019-03-31": "482.00000", "2018-12-31": -13, "2018-09-30": -48, "2018-06-30": 96, "2018-03-31": "233.00000", "2017-12-31": -1655, "2017-09-30": 163, "2017-06-30": -642, "2017-03-31": "-203.00000", "2016-12-31": -1055, "2016-09-30": 393, "2016-06-30": -276, "2016-03-31": "47.00000", "2015-12-31": -6358, "2015-09-30": 67, "2015-06-30": -9, "2015-03-31": "-136.00000", "2014-12-31": 97, "2014-09-30": 182, "2014-06-30": -80, "2014-03-31": "-67.00000", "2013-12-31": -290, "2013-09-30": 138, "2013-06-30": 131, "2013-03-31": "-331.00000", "2012-12-31": 254, "2012-09-30": 8, "2012-06-30": 259, "2012-03-31": "-206.00000", "2011-12-31": -109, "2011-09-30": -55, "2011-06-30": 621, "2011-03-31": "-260.00000", "2010-12-31": -15, "2010-09-30": 223, "2010-06-30": 210, "2010-03-31": "58.00000", "2009-12-31": 33, "2009-09-30": 278, "2009-06-30": 432, "2009-03-31": "198.00000", "2008-12-31": 271, "2008-09-30": 778, "2008-06-30": 127, "2008-03-31": "49.00000", "2007-12-31": 91, "2007-09-30": 268, "2007-06-30": 149, "2007-03-31": "65.00000", "2006-12-31": -30, "2006-09-30": 422, "2006-06-30": 203, "2006-03-31": "26.00000", "2005-12-31": 64, "2005-09-30": -27, "2005-06-30": 24, "2005-03-31": "23.00000"}, "Total Depreciation And Amortization - Cash Flow": {"2020-09-30": 185, "2020-06-30": 168, "2020-03-31": "151.00000", "2019-12-31": 165, "2019-09-30": 147, "2019-06-30": 126, "2019-03-31": "122.00000", "2018-12-31": 141, "2018-09-30": 141, "2018-06-30": 159, "2018-03-31": "165.00000", "2017-12-31": 161, "2017-09-30": 11, "2017-06-30": 315, "2017-03-31": "322.00000", "2016-12-31": -129, "2016-09-30": 380, "2016-06-30": 320, "2016-03-31": "361.00000", "2015-12-31": 328, "2015-09-30": 442, "2015-06-30": 429, "2015-03-31": "434.00000", "2014-12-31": 484, "2014-09-30": 426, "2014-06-30": 416, "2014-03-31": "362.00000", "2013-12-31": 272, "2013-09-30": 275, "2013-06-30": 435, "2013-03-31": "349.00000", "2012-12-31": 315, "2012-09-30": 296, "2012-06-30": 310, "2012-03-31": "286.00000", "2011-12-31": 309, "2011-09-30": 284, "2011-06-30": 297, "2011-03-31": "272.00000", "2010-12-31": 288, "2010-09-30": 211, "2010-06-30": 225, "2010-03-31": "220.00000", "2009-12-31": 321, "2009-09-30": 306, "2009-06-30": 289, "2009-03-31": "161.00000", "2008-12-31": 149, "2008-09-30": 94, "2008-06-30": 110, "2008-03-31": "128.00000", "2007-12-31": 91, "2007-09-30": 151, "2007-06-30": 179, "2007-03-31": "161.00000", "2006-12-31": 76, "2006-09-30": 12, "2006-06-30": -25, "2006-03-31": "194.00000", "2005-12-31": 68, "2005-09-30": 57, "2005-06-30": 58, "2005-03-31": "55.00000"}, "Other Non-Cash Items": {"2020-09-30": 75, "2020-06-30": 169, "2020-03-31": "64.00000", "2019-12-31": -3134, "2019-09-30": -27, "2019-06-30": 182, "2019-03-31": "-332.00000", "2018-12-31": -23, "2018-09-30": 366, "2018-06-30": 402, "2018-03-31": "-89.00000", "2017-12-31": 2391, "2017-09-30": 271, "2017-06-30": 776, "2017-03-31": "65.00000", "2016-12-31": 1230, "2016-09-30": 18, "2016-06-30": 197, "2016-03-31": "105.00000", "2015-12-31": 5878, "2015-09-30": 293, "2015-06-30": 14, "2015-03-31": "-50.00000", "2014-12-31": 122, "2014-09-30": 517, "2014-06-30": -349, "2014-03-31": "-92.00000", "2013-12-31": 504, "2013-09-30": 326, "2013-06-30": -34, "2013-03-31": "-204.00000", "2012-12-31": -374, "2012-09-30": -80, "2012-06-30": -6, "2012-03-31": "-122.00000", "2011-12-31": -119, "2011-09-30": 140, "2011-06-30": -480, "2011-03-31": "259.00000", "2010-12-31": -94, "2010-09-30": 137, "2010-06-30": 84, "2010-03-31": "78.00000", "2009-12-31": -62, "2009-09-30": 142, "2009-06-30": -11, "2009-03-31": "269.00000", "2008-12-31": 339, "2008-09-30": 285, "2008-06-30": -223, "2008-03-31": "41.00000", "2007-12-31": 214, "2007-09-30": 67, "2007-06-30": 80, "2007-03-31": "15.00000", "2006-12-31": -1055, "2006-09-30": 140, "2006-06-30": 30, "2006-03-31": "-99.00000", "2005-12-31": 102, "2005-09-30": -156, "2005-06-30": 22, "2005-03-31": "47.00000"}, "Total Non-Cash Items": {"2020-09-30": 260, "2020-06-30": 337, "2020-03-31": "215.00000", "2019-12-31": -2969, "2019-09-30": 120, "2019-06-30": 308, "2019-03-31": "-210.00000", "2018-12-31": 118, "2018-09-30": 507, "2018-06-30": 561, "2018-03-31": "76.00000", "2017-12-31": 2552, "2017-09-30": 282, "2017-06-30": 1091, "2017-03-31": "387.00000", "2016-12-31": 1101, "2016-09-30": 398, "2016-06-30": 517, "2016-03-31": "466.00000", "2015-12-31": 6206, "2015-09-30": 735, "2015-06-30": 443, "2015-03-31": "384.00000", "2014-12-31": 606, "2014-09-30": 943, "2014-06-30": 67, "2014-03-31": "270.00000", "2013-12-31": 776, "2013-09-30": 601, "2013-06-30": 401, "2013-03-31": "145.00000", "2012-12-31": -59, "2012-09-30": 216, "2012-06-30": 304, "2012-03-31": "164.00000", "2011-12-31": 190, "2011-09-30": 424, "2011-06-30": -183, "2011-03-31": "531.00000", "2010-12-31": 194, "2010-09-30": 348, "2010-06-30": 309, "2010-03-31": "298.00000", "2009-12-31": 259, "2009-09-30": 448, "2009-06-30": 278, "2009-03-31": "430.00000", "2008-12-31": 488, "2008-09-30": 379, "2008-06-30": -113, "2008-03-31": "169.00000", "2007-12-31": 305, "2007-09-30": 218, "2007-06-30": 259, "2007-03-31": "176.00000", "2006-12-31": -979, "2006-09-30": 152, "2006-06-30": 5, "2006-03-31": "95.00000", "2005-12-31": 170, "2005-09-30": -99, "2005-06-30": 80, "2005-03-31": "102.00000"}, "Change In Accounts Receivable": {"2020-09-30": 0, "2020-06-30": 0, "2020-03-31": "", "2019-12-31": 5, "2019-09-30": 0, "2019-06-30": 0, "2019-03-31": "", "2018-12-31": -83, "2018-09-30": 0, "2018-06-30": 0, "2018-03-31": "", "2017-12-31": -83, "2017-09-30": 0, "2017-06-30": 0, "2017-03-31": "", "2016-12-31": 24, "2016-09-30": 0, "2016-06-30": 0, "2016-03-31": "", "2015-12-31": 113, "2015-09-30": 0, "2015-06-30": 0, "2015-03-31": "", "2014-12-31": -2, "2014-09-30": 0, "2014-06-30": 0, "2014-03-31": "", "2013-12-31": -224, "2013-09-30": 0, "2013-06-30": 0, "2013-03-31": "", "2012-12-31": -131, "2012-09-30": 0, "2012-06-30": 0, "2012-03-31": "", "2011-12-31": -119, "2011-09-30": 0, "2011-06-30": 0, "2011-03-31": "", "2010-12-31": 138, "2010-09-30": 0, "2010-06-30": 0, "2010-03-31": "", "2009-12-31": 88, "2009-09-30": 0, "2009-06-30": 0, "2009-03-31": "", "2008-12-31": 1, "2008-09-30": 0, "2008-06-30": 0, "2008-03-31": "", "2007-12-31": 0, "2007-09-30": 0, "2007-06-30": 0, "2007-03-31": "", "2006-12-31": 87, "2006-09-30": 0, "2006-06-30": 0, "2006-03-31": "", "2005-12-31": -8, "2005-09-30": 0, "2005-06-30": 0, "2005-03-31": ""}, "Change In Inventories": {"2020-09-30": 0, "2020-06-30": 0, "2020-03-31": "", "2019-12-31": 22, "2019-09-30": 0, "2019-06-30": 0, "2019-03-31": "", "2018-12-31": 31, "2018-09-30": 0, "2018-06-30": 0, "2018-03-31": "", "2017-12-31": 143, "2017-09-30": 0, "2017-06-30": 0, "2017-03-31": "", "2016-12-31": 60, "2016-09-30": 0, "2016-06-30": 0, "2016-03-31": "", "2015-12-31": -59, "2015-09-30": 0, "2015-06-30": 0, "2015-03-31": "", "2014-12-31": -245, "2014-09-30": 0, "2014-06-30": 0, "2014-03-31": "", "2013-12-31": 11, "2013-09-30": 0, "2013-06-30": 0, "2013-03-31": "", "2012-12-31": -172, "2012-09-30": 0, "2012-06-30": 0, "2012-03-31": "", "2011-12-31": 145, "2011-09-30": 0, "2011-06-30": 0, "2011-03-31": "", "2010-12-31": 91, "2010-09-30": 0, "2010-06-30": 0, "2010-03-31": "", "2009-12-31": -83, "2009-09-30": 0, "2009-06-30": 0, "2009-03-31": "", "2008-12-31": -5, "2008-09-30": 0, "2008-06-30": 0, "2008-03-31": "", "2007-12-31": -79, "2007-09-30": 41, "2007-06-30": 0, "2007-03-31": "", "2006-12-31": -50, "2006-09-30": 0, "2006-06-30": 0, "2006-03-31": "", "2005-12-31": -14, "2005-09-30": 0, "2005-06-30": 0, "2005-03-31": ""}, "Change In Accounts Payable": {"2020-09-30": 0, "2020-06-30": 0, "2020-03-31": "", "2019-12-31": -177, "2019-09-30": 0, "2019-06-30": 0, "2019-03-31": "", "2018-12-31": 113, "2018-09-30": 0, "2018-06-30": 0, "2018-03-31": "", "2017-12-31": 44, "2017-09-30": 0, "2017-06-30": 0, "2017-03-31": "", "2016-12-31": -59, "2016-09-30": 0, "2016-06-30": 0, "2016-03-31": "", "2015-12-31": -180, "2015-09-30": 0, "2015-06-30": 0, "2015-03-31": "", "2014-12-31": -12, "2014-09-30": 0, "2014-06-30": 0, "2014-03-31": "", "2013-12-31": 275, "2013-09-30": 0, "2013-06-30": 0, "2013-03-31": "", "2012-12-31": -132, "2012-09-30": 0, "2012-06-30": 0, "2012-03-31": "", "2011-12-31": 9, "2011-09-30": 0, "2011-06-30": 0, "2011-03-31": "", "2010-12-31": -261, "2010-09-30": 0, "2010-06-30": 0, "2010-03-31": "", "2009-12-31": -176, "2009-09-30": 0, "2009-06-30": 0, "2009-03-31": "", "2008-12-31": -31, "2008-09-30": 0, "2008-06-30": 0, "2008-03-31": "", "2007-12-31": 49, "2007-09-30": 0, "2007-06-30": 0, "2007-03-31": "", "2006-12-31": -73, "2006-09-30": 0, "2006-06-30": 0, "2006-03-31": "", "2005-12-31": 57, "2005-09-30": 0, "2005-06-30": 0, "2005-03-31": ""}, "Change In Assets/Liabilities": {"2020-09-30": 185, "2020-06-30": -166, "2020-03-31": "-128.00000", "2019-12-31": 291, "2019-09-30": -20, "2019-06-30": 6, "2019-03-31": "-363.00000", "2018-12-31": 310, "2018-09-30": 95, "2018-06-30": -494, "2018-03-31": "41.00000", "2017-12-31": -39, "2017-09-30": 217, "2017-06-30": -308, "2017-03-31": "-251.00000", "2016-12-31": 169, "2016-09-30": 139, "2016-06-30": 16, "2016-03-31": "41.00000", "2015-12-31": 264, "2015-09-30": 132, "2015-06-30": -236, "2015-03-31": "12.00000", "2014-12-31": -22, "2014-09-30": -381, "2014-06-30": -8, "2014-03-31": "188.00000", "2013-12-31": 13, "2013-09-30": 162, "2013-06-30": -486, "2013-03-31": "62.00000", "2012-12-31": 100, "2012-09-30": 249, "2012-06-30": 98, "2012-03-31": "-34.00000", "2011-12-31": 493, "2011-09-30": -10, "2011-06-30": -345, "2011-03-31": "-55.00000", "2010-12-31": 383, "2010-09-30": -35, "2010-06-30": -28, "2010-03-31": "-242.00000", "2009-12-31": 657, "2009-09-30": -168, "2009-06-30": -127, "2009-03-31": "-489.00000", "2008-12-31": -325, "2008-09-30": -507, "2008-06-30": 362, "2008-03-31": "-158.00000", "2007-12-31": 77, "2007-09-30": -10, "2007-06-30": -55, "2007-03-31": "-135.00000", "2006-12-31": 154, "2006-09-30": -85, "2006-06-30": 127, "2006-03-31": "221.00000", "2005-12-31": -71, "2005-09-30": -79, "2005-06-30": -77, "2005-03-31": "-61.00000"}, "Total Change In Assets/Liabilities": {"2020-09-30": 185, "2020-06-30": -166, "2020-03-31": "-128.00000", "2019-12-31": 100, "2019-09-30": -20, "2019-06-30": 6, "2019-03-31": "-363.00000", "2018-12-31": 205, "2018-09-30": 95, "2018-06-30": -494, "2018-03-31": "41.00000", "2017-12-31": -23, "2017-09-30": 217, "2017-06-30": -308, "2017-03-31": "-251.00000", "2016-12-31": 121, "2016-09-30": 139, "2016-06-30": 16, "2016-03-31": "41.00000", "2015-12-31": 109, "2015-09-30": 132, "2015-06-30": -236, "2015-03-31": "12.00000", "2014-12-31": -307, "2014-09-30": -381, "2014-06-30": -8, "2014-03-31": "188.00000", "2013-12-31": -39, "2013-09-30": 162, "2013-06-30": -486, "2013-03-31": "62.00000", "2012-12-31": -104, "2012-09-30": 249, "2012-06-30": 98, "2012-03-31": "-34.00000", "2011-12-31": 417, "2011-09-30": -10, "2011-06-30": -345, "2011-03-31": "-55.00000", "2010-12-31": 303, "2010-09-30": -35, "2010-06-30": -28, "2010-03-31": "-242.00000", "2009-12-31": 534, "2009-09-30": -168, "2009-06-30": -127, "2009-03-31": "-489.00000", "2008-12-31": -366, "2008-09-30": -507, "2008-06-30": 362, "2008-03-31": "-158.00000", "2007-12-31": 145, "2007-09-30": 31, "2007-06-30": -55, "2007-03-31": "-135.00000", "2006-12-31": 251, "2006-09-30": -85, "2006-06-30": 127, "2006-03-31": "221.00000", "2005-12-31": -52, "2005-09-30": -79, "2005-06-30": -77, "2005-03-31": "-61.00000"}, "Cash Flow From Operating Activities": {"2020-09-30": 694, "2020-06-30": 484, "2020-03-31": "208.00000", "2019-12-31": 516, "2019-09-30": 472, "2019-06-30": 516, "2019-03-31": "-91.00000", "2018-12-31": 310, "2018-09-30": 554, "2018-06-30": 163, "2018-03-31": "350.00000", "2017-12-31": 874, "2017-09-30": 662, "2017-06-30": 141, "2017-03-31": "-67.00000", "2016-12-31": 167, "2016-09-30": 930, "2016-06-30": 257, "2016-03-31": "554.00000", "2015-12-31": -43, "2015-09-30": 934, "2015-06-30": 198, "2015-03-31": "260.00000", "2014-12-31": 396, "2014-09-30": 744, "2014-06-30": -21, "2014-03-31": "391.00000", "2013-12-31": 447, "2013-09-30": 901, "2013-06-30": 46, "2013-03-31": "-124.00000", "2012-12-31": 91, "2012-09-30": 473, "2012-06-30": 661, "2012-03-31": "-76.00000", "2011-12-31": 498, "2011-09-30": 359, "2011-06-30": 93, "2011-03-31": "216.00000", "2010-12-31": 482, "2010-09-30": 536, "2010-06-30": 491, "2010-03-31": "114.00000", "2009-12-31": 826, "2009-09-30": 558, "2009-06-30": 583, "2009-03-31": "139.00000", "2008-12-31": 393, "2008-09-30": 650, "2008-06-30": 376, "2008-03-31": "60.00000", "2007-12-31": 541, "2007-09-30": 517, "2007-06-30": 353, "2007-03-31": "106.00000", "2006-12-31": -758, "2006-09-30": 489, "2006-06-30": 335, "2006-03-31": "342.00000", "2005-12-31": 182, "2005-09-30": -205, "2005-06-30": 27, "2005-03-31": "64.00000"}, "Net Change In Property, Plant, And Equipment": {"2020-09-30": -51, "2020-06-30": -50, "2020-03-31": "-51.00000", "2019-12-31": -44, "2019-09-30": -72, "2019-06-30": -82, "2019-03-31": "1264.00000", "2018-12-31": -36, "2018-09-30": 1348, "2018-06-30": -34, "2018-03-31": "-102.00000", "2017-12-31": 39, "2017-09-30": 644, "2017-06-30": -285, "2017-03-31": "-222.00000", "2016-12-31": 272, "2016-09-30": -158, "2016-06-30": -258, "2016-03-31": "-159.00000", "2015-12-31": -114, "2015-09-30": -306, "2015-06-30": -330, "2015-03-31": "-252.00000", "2014-12-31": -184, "2014-09-30": -92, "2014-06-30": -270, "2014-03-31": "-160.00000", "2013-12-31": -406, "2013-09-30": -287, "2013-06-30": -468, "2013-03-31": "-813.00000", "2012-12-31": -922, "2012-09-30": -744, "2012-06-30": -954, "2012-03-31": "-639.00000", "2011-12-31": -962, "2011-09-30": -502, "2011-06-30": -620, "2011-03-31": "-219.00000", "2010-12-31": -203, "2010-09-30": -160, "2010-06-30": -145, "2010-03-31": "-155.00000", "2009-12-31": -174, "2009-09-30": -186, "2009-06-30": -139, "2009-03-31": "-229.00000", "2008-12-31": -250, "2008-09-30": -240, "2008-06-30": -243, "2008-03-31": "-152.00000", "2007-12-31": -229, "2007-09-30": -76, "2007-06-30": -98, "2007-03-31": "-78.00000", "2006-12-31": -63, "2006-09-30": -85, "2006-06-30": -38, "2006-03-31": "-35.00000", "2005-12-31": -60, "2005-09-30": -9, "2005-06-30": -26, "2005-03-31": "-11.00000"}, "Net Change In Intangible Assets": {"2020-09-30": 4, "2020-06-30": -4, "2020-03-31": "", "2019-12-31": 11, "2019-09-30": 1, "2019-06-30": -1, "2019-03-31": "", "2018-12-31": 19, "2018-09-30": -3, "2018-06-30": -3, "2018-03-31": "6.00000", "2017-12-31": 66, "2017-09-30": 0, "2017-06-30": -2, "2017-03-31": "2.00000", "2016-12-31": 0, "2016-09-30": 2, "2016-06-30": 3, "2016-03-31": "-5.00000", "2015-12-31": 36, "2015-09-30": 5, "2015-06-30": 0, "2015-03-31": "0.00000", "2014-12-31": -16, "2014-09-30": 0, "2014-06-30": 0, "2014-03-31": "", "2013-12-31": 5, "2013-09-30": 0, "2013-06-30": 0, "2013-03-31": "", "2012-12-31": -1, "2012-09-30": 0, "2012-06-30": 0, "2012-03-31": "", "2011-12-31": 2, "2011-09-30": -21, "2011-06-30": 0, "2011-03-31": "", "2010-12-31": 8, "2010-09-30": -8, "2010-06-30": -9, "2010-03-31": "-25.00000", "2009-12-31": 10, "2009-09-30": -11, "2009-06-30": -10, "2009-03-31": "-27.00000", "2008-12-31": -2, "2008-09-30": 12, "2008-06-30": 27, "2008-03-31": "30.00000", "2007-12-31": 93, "2007-09-30": 22, "2007-06-30": 25, "2007-03-31": "-29.00000", "2006-12-31": -10, "2006-09-30": 15, "2006-06-30": -47, "2006-03-31": "53.00000", "2005-12-31": 0, "2005-09-30": 0, "2005-06-30": 0, "2005-03-31": ""}, "Net Acquisitions/Divestitures": {"2020-09-30": -272, "2020-06-30": -5, "2020-03-31": "", "2019-12-31": -7, "2019-09-30": -327, "2019-06-30": -5, "2019-03-31": "-16.00000", "2018-12-31": -34, "2018-09-30": -106, "2018-06-30": -369, "2018-03-31": "-2.00000", "2017-12-31": -2, "2017-09-30": 4, "2017-06-30": -13, "2017-03-31": "-3.00000", "2016-12-31": 18, "2016-09-30": -1, "2016-06-30": -11, "2016-03-31": "-6.00000", "2015-12-31": 0, "2015-09-30": -1, "2015-06-30": -29, "2015-03-31": "-1.00000", "2014-12-31": -104, "2014-09-30": -1015, "2014-06-30": -1599, "2014-03-31": "-218.00000", "2013-12-31": -120, "2013-09-30": -335, "2013-06-30": -21, "2013-03-31": "-18.00000", "2012-12-31": 942, "2012-09-30": -40, "2012-06-30": 0, "2012-03-31": "", "2011-12-31": -25, "2011-09-30": -284, "2011-06-30": -68, "2011-03-31": "", "2010-12-31": -864, "2010-09-30": -1, "2010-06-30": -141, "2010-03-31": "", "2009-12-31": -71, "2009-09-30": -11, "2009-06-30": -345, "2009-03-31": "", "2008-12-31": 0, "2008-09-30": 12, "2008-06-30": 229, "2008-03-31": "", "2007-12-31": 57, "2007-09-30": 0, "2007-06-30": 0, "2007-03-31": "", "2006-12-31": 24, "2006-09-30": 216, "2006-06-30": -40, "2006-03-31": "-4273.00000", "2005-12-31": -5, "2005-09-30": 36, "2005-06-30": 0, "2005-03-31": ""}, "Net Change In Short-term Investments": {"2020-09-30": 0, "2020-06-30": 0, "2020-03-31": "", "2019-12-31": 0, "2019-09-30": 0, "2019-06-30": 0, "2019-03-31": "", "2018-12-31": 0, "2018-09-30": 0, "2018-06-30": 0, "2018-03-31": "", "2017-12-31": 0, "2017-09-30": 0, "2017-06-30": 0, "2017-03-31": "", "2016-12-31": 0, "2016-09-30": 0, "2016-06-30": 0, "2016-03-31": "", "2015-12-31": 0, "2015-09-30": 3, "2015-06-30": -3, "2015-03-31": "", "2014-12-31": 0, "2014-09-30": 6, "2014-06-30": -9, "2014-03-31": "3.00000", "2013-12-31": 19, "2013-09-30": -67, "2013-06-30": 13, "2013-03-31": "-13.00000", "2012-12-31": -66, "2012-09-30": 0, "2012-06-30": 0, "2012-03-31": "", "2011-12-31": -123, "2011-09-30": -22, "2011-06-30": -70, "2011-03-31": "", "2010-12-31": 0, "2010-09-30": 0, "2010-06-30": 0, "2010-03-31": "", "2009-12-31": 14, "2009-09-30": 0, "2009-06-30": 0, "2009-03-31": "", "2008-12-31": 13, "2008-09-30": 0, "2008-06-30": 0, "2008-03-31": "", "2007-12-31": 12, "2007-09-30": 0, "2007-06-30": 0, "2007-03-31": "", "2006-12-31": 6, "2006-09-30": 0, "2006-06-30": 0, "2006-03-31": "", "2005-12-31": 45, "2005-09-30": 0, "2005-06-30": 0, "2005-03-31": ""}, "Net Change In Long-Term Investments": {"2020-09-30": -7, "2020-06-30": -26, "2020-03-31": "-9.00000", "2019-12-31": -102, "2019-09-30": -13, "2019-06-30": -6, "2019-03-31": "-5.00000", "2018-12-31": -47, "2018-09-30": 7, "2018-06-30": -16, "2018-03-31": "-42.00000", "2017-12-31": -72, "2017-09-30": 36, "2017-06-30": 16, "2017-03-31": "-48.00000", "2016-12-31": -27, "2016-09-30": -35, "2016-06-30": 1, "2016-03-31": "-13.00000", "2015-12-31": -35, "2015-09-30": -9, "2015-06-30": -308, "2015-03-31": "-41.00000", "2014-12-31": -23, "2014-09-30": -71, "2014-06-30": -23, "2014-03-31": "-5.00000", "2013-12-31": -1, "2013-09-30": 0, "2013-06-30": -15, "2013-03-31": "-10.00000", "2012-12-31": -37, "2012-09-30": -9, "2012-06-30": -9, "2012-03-31": "-7.00000", "2011-12-31": -50, "2011-09-30": -24, "2011-06-30": -3, "2011-03-31": "-10.00000", "2010-12-31": -31, "2010-09-30": -17, "2010-06-30": 2, "2010-03-31": "-11.00000", "2009-12-31": -13, "2009-09-30": -4, "2009-06-30": 274, "2009-03-31": "-5.00000", "2008-12-31": -94, "2008-09-30": 9, "2008-06-30": -24, "2008-03-31": "-9.00000", "2007-12-31": -56, "2007-09-30": -5, "2007-06-30": -9, "2007-03-31": "-9.00000", "2006-12-31": -3, "2006-09-30": -6, "2006-06-30": 35, "2006-03-31": "48.00000", "2005-12-31": 11, "2005-09-30": 5, "2005-06-30": 65, "2005-03-31": ""}, "Net Change In Investments - Total": {"2020-09-30": -7, "2020-06-30": -26, "2020-03-31": "-9.00000", "2019-12-31": -102, "2019-09-30": -13, "2019-06-30": -6, "2019-03-31": "-5.00000", "2018-12-31": -47, "2018-09-30": 7, "2018-06-30": -16, "2018-03-31": "-42.00000", "2017-12-31": -72, "2017-09-30": 36, "2017-06-30": 16, "2017-03-31": "-48.00000", "2016-12-31": -27, "2016-09-30": -35, "2016-06-30": 1, "2016-03-31": "-13.00000", "2015-12-31": -35, "2015-09-30": -6, "2015-06-30": -311, "2015-03-31": "-41.00000", "2014-12-31": -23, "2014-09-30": -65, "2014-06-30": -32, "2014-03-31": "-2.00000", "2013-12-31": 18, "2013-09-30": -67, "2013-06-30": -2, "2013-03-31": "-23.00000", "2012-12-31": -103, "2012-09-30": -9, "2012-06-30": -9, "2012-03-31": "-7.00000", "2011-12-31": -173, "2011-09-30": -46, "2011-06-30": -73, "2011-03-31": "-10.00000", "2010-12-31": -31, "2010-09-30": -17, "2010-06-30": 2, "2010-03-31": "-11.00000", "2009-12-31": 1, "2009-09-30": -4, "2009-06-30": 274, "2009-03-31": "-5.00000", "2008-12-31": -81, "2008-09-30": 9, "2008-06-30": -24, "2008-03-31": "-9.00000", "2007-12-31": -44, "2007-09-30": -5, "2007-06-30": -9, "2007-03-31": "-9.00000", "2006-12-31": 3, "2006-09-30": -6, "2006-06-30": 35, "2006-03-31": "48.00000", "2005-12-31": 56, "2005-09-30": 5, "2005-06-30": 65, "2005-03-31": ""}, "Investing Activities - Other": {"2020-09-30": -13, "2020-06-30": 8, "2020-03-31": "-8.00000", "2019-12-31": 84, "2019-09-30": -78, "2019-06-30": 1, "2019-03-31": "-47.00000", "2018-12-31": -48, "2018-09-30": -143, "2018-06-30": -280, "2018-03-31": "-320.00000", "2017-12-31": -248, "2017-09-30": -561, "2017-06-30": 20, "2017-03-31": "-10.00000", "2016-12-31": -765, "2016-09-30": 407, "2016-06-30": -62, "2016-03-31": "40.00000", "2015-12-31": -183, "2015-09-30": -64, "2015-06-30": 80, "2015-03-31": "24.00000", "2014-12-31": 382, "2014-09-30": -33, "2014-06-30": 24, "2014-03-31": "504.00000", "2013-12-31": 6, "2013-09-30": 33, "2013-06-30": -48, "2013-03-31": "18.00000", "2012-12-31": 151, "2012-09-30": 19, "2012-06-30": -49, "2012-03-31": "103.00000", "2011-12-31": 272, "2011-09-30": -249, "2011-06-30": -70, "2011-03-31": "1.00000", "2010-12-31": 37, "2010-09-30": 1, "2010-06-30": 102, "2010-03-31": "-3.00000", "2009-12-31": 7, "2009-09-30": -15, "2009-06-30": -21, "2009-03-31": "2.00000", "2008-12-31": -7, "2008-09-30": -3, "2008-06-30": 21, "2008-03-31": "-1.00000", "2007-12-31": 28, "2007-09-30": -1, "2007-06-30": 22, "2007-03-31": "4.00000", "2006-12-31": 29, "2006-09-30": -7, "2006-06-30": 0, "2006-03-31": "5.00000", "2005-12-31": -12, "2005-09-30": -1, "2005-06-30": 17, "2005-03-31": "103.00000"}, "Cash Flow From Investing Activities": {"2020-09-30": -339, "2020-06-30": -77, "2020-03-31": "-68.00000", "2019-12-31": -58, "2019-09-30": -489, "2019-06-30": -93, "2019-03-31": "1196.00000", "2018-12-31": -146, "2018-09-30": 1103, "2018-06-30": -702, "2018-03-31": "-460.00000", "2017-12-31": -217, "2017-09-30": 123, "2017-06-30": -264, "2017-03-31": "-281.00000", "2016-12-31": -502, "2016-09-30": 215, "2016-06-30": -327, "2016-03-31": "-143.00000", "2015-12-31": -296, "2015-09-30": -372, "2015-06-30": -590, "2015-03-31": "-270.00000", "2014-12-31": 55, "2014-09-30": -1205, "2014-06-30": -1877, "2014-03-31": "124.00000", "2013-12-31": -497, "2013-09-30": -656, "2013-06-30": -539, "2013-03-31": "-836.00000", "2012-12-31": 67, "2012-09-30": -774, "2012-06-30": -1012, "2012-03-31": "-543.00000", "2011-12-31": -886, "2011-09-30": -1102, "2011-06-30": -831, "2011-03-31": "-228.00000", "2010-12-31": -1053, "2010-09-30": -185, "2010-06-30": -191, "2010-03-31": "-194.00000", "2009-12-31": -227, "2009-09-30": -227, "2009-06-30": -241, "2009-03-31": "-259.00000", "2008-12-31": -340, "2008-09-30": -210, "2008-06-30": 10, "2008-03-31": "-132.00000", "2007-12-31": -95, "2007-09-30": -60, "2007-06-30": -60, "2007-03-31": "-112.00000", "2006-12-31": -17, "2006-09-30": 133, "2006-06-30": -90, "2006-03-31": "-4202.00000", "2005-12-31": -21, "2005-09-30": 31, "2005-06-30": 56, "2005-03-31": "92.00000"}, "Net Long-Term Debt": {"2020-09-30": -62, "2020-06-30": -575, "2020-03-31": "551.00000", "2019-12-31": 439, "2019-09-30": -2272, "2019-06-30": 1870, "2019-03-31": "-37.00000", "2018-12-31": -25, "2018-09-30": 25, "2018-06-30": 39, "2018-03-31": "-39.00000", "2017-12-31": -308, "2017-09-30": -108, "2017-06-30": 400, "2017-03-31": "16.00000", "2016-12-31": -5971, "2016-09-30": 5519, "2016-06-30": -27, "2016-03-31": "-255.00000", "2015-12-31": -83, "2015-09-30": -904, "2015-06-30": 475, "2015-03-31": "154.00000", "2014-12-31": -3720, "2014-09-30": 3539, "2014-06-30": 226, "2014-03-31": "691.00000", "2013-12-31": -763, "2013-09-30": 133, "2013-06-30": 736, "2013-03-31": "736.00000", "2012-12-31": 1511, "2012-09-30": 659, "2012-06-30": 546, "2012-03-31": "381.00000", "2011-12-31": 388, "2011-09-30": 295, "2011-06-30": 40, "2011-03-31": "-75.00000", "2010-12-31": -1160, "2010-09-30": 1041, "2010-06-30": 972, "2010-03-31": "10.00000", "2009-12-31": -674, "2009-09-30": 23, "2009-06-30": 1029, "2009-03-31": "-209.00000", "2008-12-31": 51, "2008-09-30": 132, "2008-06-30": -51, "2008-03-31": "-155.00000", "2007-12-31": 0, "2007-09-30": 1459, "2007-06-30": -29, "2007-03-31": "-19.00000", "2006-12-31": 5765, "2006-09-30": 118, "2006-06-30": -83, "2006-03-31": "2523.00000", "2005-12-31": 979, "2005-09-30": -212, "2005-06-30": -721, "2005-03-31": "203.00000"}, "Net Current Debt": {"2020-09-30": 61, "2020-06-30": -61, "2020-03-31": "", "2019-12-31": -655, "2019-09-30": 2485, "2019-06-30": -2485, "2019-03-31": "", "2018-12-31": -634, "2018-09-30": -646, "2018-06-30": 646, "2018-03-31": "", "2017-12-31": -363, "2017-09-30": -343, "2017-06-30": 0, "2017-03-31": "", "2016-12-31": 5353, "2016-09-30": -5353, "2016-06-30": 0, "2016-03-31": "", "2015-12-31": 0, "2015-09-30": 662, "2015-06-30": -662, "2015-03-31": "", "2014-12-31": 3308, "2014-09-30": -3308, "2014-06-30": 0, "2014-03-31": "", "2013-12-31": 868, "2013-09-30": -52, "2013-06-30": -597, "2013-03-31": "-219.00000", "2012-12-31": -1260, "2012-09-30": 121, "2012-06-30": -121, "2012-03-31": "", "2011-12-31": 0, "2011-09-30": 0, "2011-06-30": 0, "2011-03-31": "", "2010-12-31": 0, "2010-09-30": 0, "2010-06-30": 429, "2010-03-31": "-429.00000", "2009-12-31": 248, "2009-09-30": -15, "2009-06-30": -233, "2009-03-31": "", "2008-12-31": -32, "2008-09-30": -202, "2008-06-30": 0, "2008-03-31": "", "2007-12-31": -347, "2007-09-30": -1472, "2007-06-30": 0, "2007-03-31": "", "2006-12-31": -5111, "2006-09-30": 0, "2006-06-30": 0, "2006-03-31": "350.00000", "2005-12-31": -1085, "2005-09-30": 80, "2005-06-30": 699, "2005-03-31": "-699.00000"}, "Debt Issuance/Retirement Net - Total": {"2020-09-30": -1, "2020-06-30": -636, "2020-03-31": "551.00000", "2019-12-31": -216, "2019-09-30": 213, "2019-06-30": -615, "2019-03-31": "-37.00000", "2018-12-31": -659, "2018-09-30": -621, "2018-06-30": 685, "2018-03-31": "-39.00000", "2017-12-31": -671, "2017-09-30": -451, "2017-06-30": 400, "2017-03-31": "16.00000", "2016-12-31": -618, "2016-09-30": 166, "2016-06-30": -27, "2016-03-31": "-255.00000", "2015-12-31": -83, "2015-09-30": -242, "2015-06-30": -187, "2015-03-31": "154.00000", "2014-12-31": -412, "2014-09-30": 231, "2014-06-30": 226, "2014-03-31": "691.00000", "2013-12-31": 105, "2013-09-30": 81, "2013-06-30": 139, "2013-03-31": "517.00000", "2012-12-31": 251, "2012-09-30": 780, "2012-06-30": 425, "2012-03-31": "381.00000", "2011-12-31": 388, "2011-09-30": 295, "2011-06-30": 40, "2011-03-31": "-75.00000", "2010-12-31": -1160, "2010-09-30": 1041, "2010-06-30": 1401, "2010-03-31": "-419.00000", "2009-12-31": -426, "2009-09-30": 8, "2009-06-30": 796, "2009-03-31": "-209.00000", "2008-12-31": 19, "2008-09-30": -70, "2008-06-30": -51, "2008-03-31": "-155.00000", "2007-12-31": -347, "2007-09-30": -13, "2007-06-30": -29, "2007-03-31": "-19.00000", "2006-12-31": 654, "2006-09-30": 118, "2006-06-30": -83, "2006-03-31": "2873.00000", "2005-12-31": -106, "2005-09-30": -132, "2005-06-30": -22, "2005-03-31": "-496.00000"}, "Net Common Equity Issued/Repurchased": {"2020-09-30": 0, "2020-06-30": -49, "2020-03-31": "-179.00000", "2019-12-31": -118, "2019-09-30": -246, "2019-06-30": -292, "2019-03-31": "-781.00000", "2018-12-31": -244, "2018-09-30": -496, "2018-06-30": -403, "2018-03-31": "-86.00000", "2017-12-31": -2, "2017-09-30": 0, "2017-06-30": 0, "2017-03-31": "", "2016-12-31": 0, "2016-09-30": 1, "2016-06-30": 0, "2016-03-31": "", "2015-12-31": -84, "2015-09-30": -167, "2015-06-30": -107, "2015-03-31": "-78.00000", "2014-12-31": -33, "2014-09-30": 7, "2014-06-30": 5, "2014-03-31": "3.00000", "2013-12-31": 2, "2013-09-30": 5, "2013-06-30": 3, "2013-03-31": "-19.00000", "2012-12-31": 0, "2012-09-30": 0, "2012-06-30": 0, "2012-03-31": "", "2011-12-31": -52, "2011-09-30": -246, "2011-06-30": 0, "2011-03-31": "-130.00000", "2010-12-31": 0, "2010-09-30": -130, "2010-06-30": -50, "2010-03-31": "2.00000", "2009-12-31": -299, "2009-09-30": -249, "2009-06-30": 50, "2009-03-31": "", "2008-12-31": 1, "2008-09-30": -130, "2008-06-30": 56, "2008-03-31": "-53.00000", "2007-12-31": -78, "2007-09-30": -53, "2007-06-30": -112, "2007-03-31": "-103.00000", "2006-12-31": -435, "2006-09-30": -297, "2006-06-30": 0, "2006-03-31": "986.00000", "2005-12-31": 1, "2005-09-30": -251, "2005-06-30": 0, "2005-03-31": ""}, "Net Total Equity Issued/Repurchased": {"2020-09-30": 0, "2020-06-30": -49, "2020-03-31": "-179.00000", "2019-12-31": -118, "2019-09-30": -246, "2019-06-30": -292, "2019-03-31": "-781.00000", "2018-12-31": -244, "2018-09-30": -496, "2018-06-30": -403, "2018-03-31": "-86.00000", "2017-12-31": -2, "2017-09-30": 0, "2017-06-30": 0, "2017-03-31": "", "2016-12-31": 0, "2016-09-30": 1, "2016-06-30": -226, "2016-03-31": "", "2015-12-31": -84, "2015-09-30": -167, "2015-06-30": -107, "2015-03-31": "-78.00000", "2014-12-31": -33, "2014-09-30": 7, "2014-06-30": 5, "2014-03-31": "3.00000", "2013-12-31": 2, "2013-09-30": 5, "2013-06-30": 3, "2013-03-31": "-19.00000", "2012-12-31": 0, "2012-09-30": 0, "2012-06-30": 0, "2012-03-31": "", "2011-12-31": -52, "2011-09-30": -246, "2011-06-30": 0, "2011-03-31": "-130.00000", "2010-12-31": 0, "2010-09-30": -130, "2010-06-30": -50, "2010-03-31": "2.00000", "2009-12-31": -299, "2009-09-30": -249, "2009-06-30": 50, "2009-03-31": "", "2008-12-31": 1, "2008-09-30": -130, "2008-06-30": 56, "2008-03-31": "-53.00000", "2007-12-31": -78, "2007-09-30": -53, "2007-06-30": -112, "2007-03-31": "-103.00000", "2006-12-31": -435, "2006-09-30": -297, "2006-06-30": 0, "2006-03-31": "1472.00000", "2005-12-31": 1, "2005-09-30": -5, "2005-06-30": 0, "2005-03-31": ""}, "Total Common And Preferred Stock Dividends Paid": {"2020-09-30": -73, "2020-06-30": -74, "2020-03-31": "-74.00000", "2019-12-31": -8, "2019-09-30": -8, "2019-06-30": -8, "2019-03-31": "-8.00000", "2018-12-31": -9, "2018-09-30": -9, "2018-06-30": -9, "2018-03-31": "-10.00000", "2017-12-31": -10, "2017-09-30": -9, "2017-06-30": -10, "2017-03-31": "-9.00000", "2016-12-31": -10, "2016-09-30": -9, "2016-06-30": -9, "2016-03-31": "-48.00000", "2015-12-31": -49, "2015-09-30": -50, "2015-06-30": -51, "2015-03-31": "-51.00000", "2014-12-31": -56, "2014-09-30": -49, "2014-06-30": -50, "2014-03-31": "-41.00000", "2013-12-31": -41, "2013-09-30": -40, "2013-06-30": -42, "2013-03-31": "-31.00000", "2012-12-31": -22, "2012-09-30": -23, "2012-06-30": -3, "2012-03-31": "-2.00000", "2011-12-31": -2, "2011-09-30": -2, "2011-06-30": -3, "2011-03-31": "-2.00000", "2010-12-31": -2, "2010-09-30": -2, "2010-06-30": -3, "2010-03-31": "-2.00000", "2009-12-31": -6, "2009-09-30": -6, "2009-06-30": -7, "2009-03-31": "-14.00000", "2008-12-31": -14, "2008-09-30": -13, "2008-06-30": -14, "2008-03-31": "-14.00000", "2007-12-31": -14, "2007-09-30": -13, "2007-06-30": -14, "2007-03-31": "-14.00000", "2006-12-31": -13, "2006-09-30": -14, "2006-06-30": -13, "2006-03-31": "-10.00000", "2005-12-31": -8, "2005-09-30": -4, "2005-06-30": -4, "2005-03-31": "-4.00000"}, "Financial Activities - Other": {"2020-09-30": -24, "2020-06-30": -3, "2020-03-31": "-5.00000", "2019-12-31": -8, "2019-09-30": -1, "2019-06-30": -57, "2019-03-31": "42.00000", "2018-12-31": 37, "2018-09-30": 25, "2018-06-30": 191, "2018-03-31": "121.00000", "2017-12-31": -241, "2017-09-30": 228, "2017-06-30": -219, "2017-03-31": "-160.00000", "2016-12-31": 447, "2016-09-30": -215, "2016-06-30": -4, "2016-03-31": "39.00000", "2015-12-31": -190, "2015-09-30": 4, "2015-06-30": 734, "2015-03-31": "15.00000", "2014-12-31": 225, "2014-09-30": 718, "2014-06-30": 37, "2014-03-31": "-237.00000", "2013-12-31": 110, "2013-09-30": 469, "2013-06-30": 56, "2013-03-31": "113.00000", "2012-12-31": 91, "2012-09-30": 7, "2012-06-30": 66, "2012-03-31": "148.00000", "2011-12-31": 32, "2011-09-30": -112, "2011-06-30": -73, "2011-03-31": "-25.00000", "2010-12-31": 1238, "2010-09-30": 13, "2010-06-30": -1287, "2010-03-31": "11.00000", "2009-12-31": 188, "2009-09-30": -118, "2009-06-30": -90, "2009-03-31": "39.00000", "2008-12-31": -47, "2008-09-30": 0, "2008-06-30": 0, "2008-03-31": "-2.00000", "2007-12-31": 0, "2007-09-30": -5, "2007-06-30": 0, "2007-03-31": "", "2006-12-31": -25, "2006-09-30": -10, "2006-06-30": 0, "2006-03-31": "-164.00000", "2005-12-31": -44, "2005-09-30": -5, "2005-06-30": 0, "2005-03-31": "-1.00000"}, "Cash Flow From Financial Activities": {"2020-09-30": -98, "2020-06-30": -762, "2020-03-31": "293.00000", "2019-12-31": -350, "2019-09-30": -42, "2019-06-30": -972, "2019-03-31": "-784.00000", "2018-12-31": -875, "2018-09-30": -1101, "2018-06-30": 464, "2018-03-31": "-14.00000", "2017-12-31": -924, "2017-09-30": -232, "2017-06-30": 171, "2017-03-31": "-153.00000", "2016-12-31": -181, "2016-09-30": -57, "2016-06-30": -266, "2016-03-31": "-264.00000", "2015-12-31": -406, "2015-09-30": -455, "2015-06-30": 389, "2015-03-31": "40.00000", "2014-12-31": -276, "2014-09-30": 907, "2014-06-30": 218, "2014-03-31": "416.00000", "2013-12-31": 176, "2013-09-30": 515, "2013-06-30": 156, "2013-03-31": "580.00000", "2012-12-31": 320, "2012-09-30": 764, "2012-06-30": 488, "2012-03-31": "527.00000", "2011-12-31": 366, "2011-09-30": -65, "2011-06-30": -36, "2011-03-31": "-232.00000", "2010-12-31": 76, "2010-09-30": 922, "2010-06-30": 61, "2010-03-31": "-408.00000", "2009-12-31": -543, "2009-09-30": -365, "2009-06-30": 749, "2009-03-31": "-184.00000", "2008-12-31": -41, "2008-09-30": -213, "2008-06-30": -9, "2008-03-31": "-224.00000", "2007-12-31": -439, "2007-09-30": -84, "2007-06-30": -155, "2007-03-31": "-136.00000", "2006-12-31": 181, "2006-09-30": -203, "2006-06-30": -96, "2006-03-31": "4171.00000", "2005-12-31": -157, "2005-09-30": -146, "2005-06-30": -26, "2005-03-31": "-501.00000"}, "Net Cash Flow": {"2020-09-30": 256, "2020-06-30": -356, "2020-03-31": "433.00000", "2019-12-31": 108, "2019-09-30": -59, "2019-06-30": -549, "2019-03-31": "272.00000", "2018-12-31": -737, "2018-09-30": 473, "2018-06-30": -139, "2018-03-31": "-70.00000", "2017-12-31": -285, "2017-09-30": 657, "2017-06-30": 213, "2017-03-31": "-359.00000", "2016-12-31": -563, "2016-09-30": 541, "2016-06-30": -301, "2016-03-31": "141.00000", "2015-12-31": -498, "2015-09-30": 119, "2015-06-30": -18, "2015-03-31": "48.00000", "2014-12-31": 163, "2014-09-30": 472, "2014-06-30": -1706, "2014-03-31": "933.00000", "2013-12-31": 125, "2013-09-30": 761, "2013-06-30": -339, "2013-03-31": "-380.00000", "2012-12-31": 477, "2012-09-30": 461, "2012-06-30": 135, "2012-03-31": "-91.00000", "2011-12-31": -22, "2011-09-30": -812, "2011-06-30": -772, "2011-03-31": "-240.00000", "2010-12-31": -496, "2010-09-30": 1279, "2010-06-30": 355, "2010-03-31": "-491.00000", "2009-12-31": 54, "2009-09-30": -32, "2009-06-30": 1094, "2009-03-31": "-306.00000", "2008-12-31": 11, "2008-09-30": 220, "2008-06-30": 429, "2008-03-31": "-298.00000", "2007-12-31": -5, "2007-09-30": 366, "2007-06-30": 139, "2007-03-31": "-145.00000", "2006-12-31": -604, "2006-09-30": 430, "2006-06-30": 170, "2006-03-31": "295.00000", "2005-12-31": 23, "2005-09-30": -300, "2005-06-30": 57, "2005-03-31": "-349.00000"}, "Stock-Based Compensation": {"2020-09-30": 0, "2020-06-30": 0, "2020-03-31": "", "2019-12-31": 0, "2019-09-30": 0, "2019-06-30": 0, "2019-03-31": "", "2018-12-31": 0, "2018-09-30": 0, "2018-06-30": 0, "2018-03-31": "", "2017-12-31": 0, "2017-09-30": 0, "2017-06-30": 0, "2017-03-31": "", "2016-12-31": 0, "2016-09-30": 0, "2016-06-30": 0, "2016-03-31": "", "2015-12-31": 0, "2015-09-30": 0, "2015-06-30": 0, "2015-03-31": "", "2014-12-31": 0, "2014-09-30": 0, "2014-06-30": 0, "2014-03-31": "", "2013-12-31": 0, "2013-09-30": 0, "2013-06-30": 0, "2013-03-31": "", "2012-12-31": 0, "2012-09-30": 0, "2012-06-30": 0, "2012-03-31": "", "2011-12-31": 0, "2011-09-30": 0, "2011-06-30": 0, "2011-03-31": "", "2010-12-31": 0, "2010-09-30": 0, "2010-06-30": 0, "2010-03-31": "", "2009-12-31": 0, "2009-09-30": 0, "2009-06-30": 0, "2009-03-31": "", "2008-12-31": 0, "2008-09-30": 0, "2008-06-30": 0, "2008-03-31": "", "2007-12-31": 0, "2007-09-30": 0, "2007-06-30": 0, "2007-03-31": "", "2006-12-31": 0, "2006-09-30": 0, "2006-06-30": 0, "2006-03-31": "", "2005-12-31": 0, "2005-09-30": 0, "2005-06-30": 0, "2005-03-31": ""}, "Common Stock Dividends Paid": {"2020-09-30": -73, "2020-06-30": -74, "2020-03-31": "-74.00000", "2019-12-31": -8, "2019-09-30": -8, "2019-06-30": -8, "2019-03-31": "-8.00000", "2018-12-31": -9, "2018-09-30": -9, "2018-06-30": -9, "2018-03-31": "-10.00000", "2017-12-31": -10, "2017-09-30": -9, "2017-06-30": -10, "2017-03-31": "-9.00000", "2016-12-31": 66, "2016-09-30": -9, "2016-06-30": -9, "2016-03-31": "-48.00000", "2015-12-31": 152, "2015-09-30": -50, "2015-06-30": -51, "2015-03-31": "-51.00000", "2014-12-31": -56, "2014-09-30": -49, "2014-06-30": -50, "2014-03-31": "-41.00000", "2013-12-31": 113, "2013-09-30": -40, "2013-06-30": -42, "2013-03-31": "-31.00000", "2012-12-31": 28, "2012-09-30": -23, "2012-06-30": -3, "2012-03-31": "-2.00000", "2011-12-31": 7, "2011-09-30": -7, "2011-06-30": 0, "2011-03-31": "", "2010-12-31": 0, "2010-09-30": 0, "2010-06-30": 0, "2010-03-31": "", "2009-12-31": 0, "2009-09-30": 0, "2009-06-30": 0, "2009-03-31": "", "2008-12-31": 0, "2008-09-30": 0, "2008-06-30": 0, "2008-03-31": "", "2007-12-31": 0, "2007-09-30": 0, "2007-06-30": 0, "2007-03-31": "", "2006-12-31": 0, "2006-09-30": 0, "2006-06-30": 0, "2006-03-31": "", "2005-12-31": 0, "2005-09-30": 0, "2005-06-30": 0, "2005-03-31": ""}}, "financial ratios": {"Current Ratio": {"2019-12-31": "1.30900", "2018-12-31": "1.50130", "2017-12-31": "1.32290", "2016-12-31": "1.42790", "2015-12-31": "1.68940", "2014-12-31": "1.73040", "2013-12-31": "1.80690", "2012-12-31": "1.70710", "2011-12-31": "1.32210", "2010-12-31": "1.69120", "2009-12-31": "1.65020", "2008-12-31": "1.29040", "2007-12-31": "1.56430", "2006-12-31": "1.51720", "2005-12-31": "1.61830"}, "Long-term Debt / Capital": {"2019-12-31": "0.77780", "2018-12-31": "1.23660", "2017-12-31": "0.82350", "2016-12-31": "0.78210", "2015-12-31": "0.77750", "2014-12-31": "0.62790", "2013-12-31": "0.59540", "2012-12-31": "0.59940", "2011-12-31": "0.55170", "2010-12-31": "0.54700", "2009-12-31": "0.49690", "2008-12-31": "0.51090", "2007-12-31": "0.57860", "2006-12-31": "0.59300", "2005-12-31": "0.49310"}, "Debt/Equity Ratio": {"2019-12-31": "3.55310", "2018-12-31": "-5.28440", "2017-12-31": "4.76830", "2016-12-31": "3.70510", "2015-12-31": "3.58190", "2014-12-31": "1.72790", "2013-12-31": "1.56930", "2012-12-31": "1.51010", "2011-12-31": "1.24170", "2010-12-31": "1.26330", "2009-12-31": "1.05970", "2008-12-31": "1.10730", "2007-12-31": "1.45380", "2006-12-31": "1.47770", "2005-12-31": "1.01130"}, "Gross Margin": {"2019-12-31": "25.63890", "2018-12-31": "25.00530", "2017-12-31": "24.11290", "2016-12-31": "25.11500", "2015-12-31": "26.99550", "2014-12-31": "25.58610", "2013-12-31": "28.02130", "2012-12-31": "27.09570", "2011-12-31": "25.70770", "2010-12-31": "31.37080", "2009-12-31": "40.53840", "2008-12-31": "47.74150", "2007-12-31": "43.59660", "2006-12-31": "41.53980", "2005-12-31": "23.79170"}, "Operating Margin": {"2019-12-31": "13.13510", "2018-12-31": "10.36080", "2017-12-31": "-8.16620", "2016-12-31": "0.37020", "2015-12-31": "-32.86020", "2014-12-31": "8.00980", "2013-12-31": "3.03670", "2012-12-31": "4.15580", "2011-12-31": "6.99420", "2010-12-31": "14.78130", "2009-12-31": "24.11750", "2008-12-31": "33.01380", "2007-12-31": "26.04780", "2006-12-31": "25.38940", "2005-12-31": "9.37500"}, "EBIT Margin": {"2019-12-31": "13.13510", "2018-12-31": "10.36080", "2017-12-31": "-8.16620", "2016-12-31": "0.37020", "2015-12-31": "-32.86020", "2014-12-31": "8.00980", "2013-12-31": "3.03670", "2012-12-31": "4.15580", "2011-12-31": "6.99420", "2010-12-31": "14.78130", "2009-12-31": "24.11750", "2008-12-31": "33.01380", "2007-12-31": "26.04780", "2006-12-31": "25.38940", "2005-12-31": "9.37500"}, "EBITDA Margin": {"2019-12-31": "18.83720", "2018-12-31": "16.75460", "2017-12-31": "0.74940", "2016-12-31": "10.82450", "2015-12-31": "-19.61390", "2014-12-31": "18.64760", "2013-12-31": "14.82070", "2012-12-31": "18.48730", "2011-12-31": "19.79290", "2010-12-31": "25.44920", "2009-12-31": "36.14840", "2008-12-31": "40.00000", "2007-12-31": "35.76560", "2006-12-31": "29.99110", "2005-12-31": "19.29170"}, "Pre-Tax Profit Margin": {"2019-12-31": "8.00330", "2018-12-31": "4.92720", "2017-12-31": "-15.30750", "2016-12-31": "-10.44310", "2015-12-31": "-40.44450", "2014-12-31": "0.85080", "2013-12-31": "-5.61310", "2012-12-31": "-0.14250", "2011-12-31": "-7.11530", "2010-12-31": "8.50940", "2009-12-31": "18.64390", "2008-12-31": "25.65000", "2007-12-31": "15.57860", "2006-12-31": "15.48790", "2005-12-31": "4.58330"}, "Net Profit Margin": {"2019-12-31": "45.18890", "2018-12-31": "2.82760", "2017-12-31": "-23.72710", "2016-12-31": "-7.86320", "2015-12-31": "-51.93060", "2014-12-31": "0.49160", "2013-12-31": "-3.49710", "2012-12-31": "3.39590", "2011-12-31": "2.07070", "2010-12-31": "5.28870", "2009-12-31": "10.15420", "2008-12-31": "16.99350", "2007-12-31": "8.64920", "2006-12-31": "10.22380", "2005-12-31": "2.66670"}, "Asset Turnover": {"2019-12-31": "0.78370", "2018-12-31": "0.89180", "2017-12-31": "0.38850", "2016-12-31": "0.29060", "2015-12-31": "0.37490", "2014-12-31": "0.39210", "2013-12-31": "0.33320", "2012-12-31": "0.24070", "2011-12-31": "0.33750", "2010-12-31": "0.32900", "2009-12-31": "0.38290", "2008-12-31": "0.27750", "2007-12-31": "0.31070", "2006-12-31": "0.28740", "2005-12-31": "0.32150"}, "Inventory Turnover Ratio": {"2019-12-31": "19.06790", "2018-12-31": "17.25240", "2017-12-31": "15.20090", "2016-12-31": "9.25940", "2015-12-31": "7.18850", "2014-12-31": "9.46910", "2013-12-31": "9.05350", "2012-12-31": "6.79960", "2011-12-31": "21.89940", "2010-12-31": "13.40620", "2009-12-31": "9.83920", "2008-12-31": "7.90770", "2007-12-31": "7.49000", "2006-12-31": "7.77380", "2005-12-31": "7.62080"}, "Receiveable Turnover": {"2019-12-31": "9.58150", "2018-12-31": "9.25590", "2017-12-31": "8.40190", "2016-12-31": "8.42630", "2015-12-31": "10.65510", "2014-12-31": "10.89090", "2013-12-31": "6.44320", "2012-12-31": "7.52640", "2011-12-31": "10.88610", "2010-12-31": "12.05590", "2009-12-31": "10.21920", "2008-12-31": "14.83840", "2007-12-31": "12.42530", "2006-12-31": "12.92820", "2005-12-31": "8.21920"}, "Days Sales In Receivables": {"2019-12-31": "38.09440", "2018-12-31": "39.43450", "2017-12-31": "43.44280", "2016-12-31": "43.31690", "2015-12-31": "34.25580", "2014-12-31": "33.51430", "2013-12-31": "56.64850", "2012-12-31": "48.49620", "2011-12-31": "33.52900", "2010-12-31": "30.27570", "2009-12-31": "35.71720", "2008-12-31": "24.59840", "2007-12-31": "29.37550", "2006-12-31": "28.23280", "2005-12-31": "44.40830"}, "ROE - Return On Equity": {"2019-12-31": "248.49220", "2018-12-31": "-37.27720", "2017-12-31": "-68.34350", "2016-12-31": "-21.50250", "2015-12-31": "-116.50720", "2014-12-31": "1.13050", "2013-12-31": "-3.36300", "2012-12-31": "3.06750", "2011-12-31": "2.56880", "2010-12-31": "5.89690", "2009-12-31": "12.46690", "2008-12-31": "16.79430", "2007-12-31": "12.05550", "2006-12-31": "11.39320", "2005-12-31": "3.72600"}, "Return On Tangible Equity": {"2019-12-31": "1420.69000", "2018-12-31": "-19.18270", "2017-12-31": "-145.87850", "2016-12-31": "-52.78850", "2015-12-31": "-297.92940", "2014-12-31": "2.01990", "2013-12-31": "-4.63710", "2012-12-31": "4.28450", "2011-12-31": "4.27050", "2010-12-31": "10.17960", "2009-12-31": "21.15080", "2008-12-31": "21.76970", "2007-12-31": "17.98190", "2006-12-31": "17.76830", "2005-12-31": "3.06310"}, "ROA - Return On Assets": {"2019-12-31": "32.87850", "2018-12-31": "4.32820", "2017-12-31": "-5.75890", "2016-12-31": "-3.11580", "2015-12-31": "-19.25370", "2014-12-31": "0.32620", "2013-12-31": "-1.03830", "2012-12-31": "0.90040", "2011-12-31": "0.73230", "2010-12-31": "1.76980", "2009-12-31": "4.02520", "2008-12-31": "4.24460", "2007-12-31": "2.88470", "2006-12-31": "2.79380", "2005-12-31": "0.91080"}, "ROI - Return On Investment": {"2019-12-31": "55.22050", "2018-12-31": "8.82070", "2017-12-31": "-12.06490", "2016-12-31": "-4.68560", "2015-12-31": "-25.92870", "2014-12-31": "0.42070", "2013-12-31": "-1.32920", "2012-12-31": "1.19980", "2011-12-31": "1.11530", "2010-12-31": "2.59150", "2009-12-31": "5.95910", "2008-12-31": "6.98880", "2007-12-31": "4.07450", "2006-12-31": "3.74280", "2005-12-31": "1.39140"}, "Book Value Per Share": {"2019-12-31": "6.65870", "2018-12-31": "-4.35040", "2017-12-31": "6.21320", "2016-12-31": "14.09450", "2015-12-31": "17.29530", "2014-12-31": "34.68160", "2013-12-31": "33.09670", "2012-12-31": "32.60310", "2011-12-31": "34.80130", "2010-12-31": "33.65740", "2009-12-31": "31.27620", "2008-12-31": "31.44780", "2007-12-31": "24.29300", "2006-12-31": "24.13680", "2005-12-31": "15.34660"}, "Operating Cash Flow Per Share": {"2019-12-31": 0.8815, "2018-12-31": -0.6081, "2017-12-31": -0.9591, "2016-12-31": 1.9377, "2015-12-31": -0.354, "2014-12-31": 0.5224, "2013-12-31": -0.9784, "2012-12-31": 0.0721, "2011-12-31": -1.5516, "2010-12-31": -1.3814, "2009-12-31": 2.393, "2008-12-31": 0.1108, "2007-12-31": 3.9119, "2006-12-31": 0.9578, "2005-12-31": 0.3977}, "Free Cash Flow Per Share": {"2019-12-31": 1.1012, "2018-12-31": 2.6549, "2017-12-31": 0.555, "2016-12-31": 4.0244, "2015-12-31": -1.317, "2014-12-31": 4.5513, "2013-12-31": 6.8375, "2012-12-31": -4.2993, "2011-12-31": -8.4973, "2010-12-31": -1.3054, "2009-12-31": 2.9249, "2008-12-31": -1.4372, "2007-12-31": 2.9759, "2006-12-31": 0.8435, "2005-12-31": -0.2222}}, "financial ratios, quarterly": {"Current Ratio": {"2020-09-30": "1.55440", "2020-06-30": "1.42610", "2020-03-31": "1.21980", "2019-12-31": "1.30900", "2019-09-30": "1.24300", "2019-06-30": "1.32740", "2019-03-31": "1.77790", "2018-12-31": "1.50130", "2018-09-30": "1.57360", "2018-06-30": "1.29760", "2018-03-31": "1.22900", "2017-12-31": "1.32290", "2017-09-30": "1.28480", "2017-06-30": "1.26960", "2017-03-31": "1.29620", "2016-12-31": "1.42790", "2016-09-30": "1.63080", "2016-06-30": "1.40980", "2016-03-31": "1.69340", "2015-12-31": "1.68940", "2015-09-30": "1.86190", "2015-06-30": "1.79230", "2015-03-31": "1.80130", "2014-12-31": "1.73040", "2014-09-30": "1.73280", "2014-06-30": "1.63440", "2014-03-31": "1.98410", "2013-12-31": "1.80690", "2013-09-30": "1.65430", "2013-06-30": "1.57400", "2013-03-31": "1.55580", "2012-12-31": "1.70710", "2012-09-30": "1.33620", "2012-06-30": "1.27330", "2012-03-31": "1.22850", "2011-12-31": "1.32210", "2011-09-30": "1.58650", "2011-06-30": "1.94490", "2011-03-31": "2.12740", "2010-12-31": "1.69120", "2010-09-30": "1.89560", "2010-06-30": "1.80420", "2010-03-31": "1.63360", "2009-12-31": "1.65020", "2009-09-30": "1.57660", "2009-06-30": "1.40580", "2009-03-31": "1.37240", "2008-12-31": "1.29040", "2008-09-30": "1.40090", "2008-06-30": "1.29850", "2008-03-31": "1.43760", "2007-12-31": "1.56430", "2007-09-30": "2.08010", "2007-06-30": "1.82190", "2007-03-31": "1.70220", "2006-12-31": "1.51720", "2006-09-30": "2.04510", "2006-06-30": "1.78530", "2006-03-31": "1.80660", "2005-12-31": "1.61830", "2005-09-30": "1.29670", "2005-06-30": "2.38040", "2005-03-31": "2.24460"}, "Long-term Debt / Capital": {"2020-09-30": "0.74970", "2020-06-30": "0.76850", "2020-03-31": "0.79080", "2019-12-31": "0.77780", "2019-09-30": "1.37170", "2019-06-30": "1.39750", "2019-03-31": "1.31860", "2018-12-31": "1.23660", "2018-09-30": "1.16360", "2018-06-30": "0.87740", "2018-03-31": "0.87220", "2017-12-31": "0.82350", "2017-09-30": "0.80930", "2017-06-30": "0.81980", "2017-03-31": "0.81490", "2016-12-31": "0.78210", "2016-09-30": "0.76640", "2016-06-30": "0.77750", "2016-03-31": "0.77630", "2015-12-31": "0.77750", "2015-09-30": "0.62340", "2015-06-30": "0.61490", "2015-03-31": "0.63210", "2014-12-31": "0.62790", "2014-09-30": "0.62520", "2014-06-30": "0.61800", "2014-03-31": "0.61220", "2013-12-31": "0.59540", "2013-09-30": "0.58670", "2013-06-30": "0.60090", "2013-03-31": "0.60370", "2012-12-31": "0.59940", "2012-09-30": "0.57400", "2012-06-30": "0.56260", "2012-03-31": "0.56290", "2011-12-31": "0.55170", "2011-09-30": "0.52960", "2011-06-30": "0.54350", "2011-03-31": "0.56280", "2010-12-31": "0.54700", "2010-09-30": "0.55030", "2010-06-30": "0.52880", "2010-03-31": "0.48690", "2009-12-31": "0.49690", "2009-09-30": "0.50460", "2009-06-30": "0.50590", "2009-03-31": "0.49910", "2008-12-31": "0.51090", "2008-09-30": "0.55010", "2008-06-30": "0.62000", "2008-03-31": "0.59650", "2007-12-31": "0.57860", "2007-09-30": "0.59480", "2007-06-30": "0.60670", "2007-03-31": "0.60780", "2006-12-31": "0.59300", "2006-09-30": "0.55590", "2006-06-30": "0.55560", "2006-03-31": "0.57350", "2005-12-31": "0.49310", "2005-09-30": "0.55860", "2005-06-30": "0.54540", "2005-03-31": "0.54630"}, "Debt/Equity Ratio": {"2020-09-30": "2.99640", "2020-06-30": "3.32400", "2020-03-31": "4.19730", "2019-12-31": "3.55310", "2019-09-30": "-3.88290", "2019-06-30": "-3.56860", "2019-03-31": "-4.21980", "2018-12-31": "-5.28440", "2018-09-30": "-7.74680", "2018-06-30": "7.61610", "2018-03-31": "7.24620", "2017-12-31": "4.76830", "2017-09-30": "4.58130", "2017-06-30": "4.84750", "2017-03-31": "4.82430", "2016-12-31": "3.70510", "2016-09-30": "3.50250", "2016-06-30": "3.73130", "2016-03-31": "3.55730", "2015-12-31": "3.58190", "2015-09-30": "1.69400", "2015-06-30": "1.64840", "2015-03-31": "1.75790", "2014-12-31": "1.72790", "2014-09-30": "1.73990", "2014-06-30": "1.69230", "2014-03-31": "1.64310", "2013-12-31": "1.56930", "2013-09-30": "1.50160", "2013-06-30": "1.57560", "2013-03-31": "1.57680", "2012-12-31": "1.51010", "2012-09-30": "1.39350", "2012-06-30": "1.29490", "2012-03-31": "1.29680", "2011-12-31": "1.24170", "2011-09-30": "1.13560", "2011-06-30": "1.20100", "2011-03-31": "1.30620", "2010-12-31": "1.26330", "2010-09-30": "1.24220", "2010-06-30": "1.14400", "2010-03-31": "0.96730", "2009-12-31": "1.05970", "2009-09-30": "1.08500", "2009-06-30": "1.07960", "2009-03-31": "1.03030", "2008-12-31": "1.10730", "2008-09-30": "1.24140", "2008-06-30": "1.65780", "2008-03-31": "1.50230", "2007-12-31": "1.45380", "2007-09-30": "1.49000", "2007-06-30": "1.56540", "2007-03-31": "1.57290", "2006-12-31": "1.47770", "2006-09-30": "1.27140", "2006-06-30": "1.27090", "2006-03-31": "1.36830", "2005-12-31": "1.01130", "2005-09-30": "1.34300", "2005-06-30": "1.23470", "2005-03-31": "1.23690"}, "Gross Margin": {"2020-09-30": "27.58990", "2020-06-30": "35.92490", "2020-03-31": "27.83560", "2019-12-31": "24.64690", "2019-09-30": "28.13750", "2019-06-30": "25.15210", "2019-03-31": "23.74130", "2018-12-31": "19.87950", "2018-09-30": "24.39190", "2018-06-30": "23.24260", "2018-03-31": "32.92980", "2017-12-31": "11.19110", "2017-09-30": "24.37960", "2017-06-30": "31.84010", "2017-03-31": "21.83040", "2016-12-31": "-3423.53000", "2016-09-30": "28.67580", "2016-06-30": "35.80960", "2016-03-31": "32.05330", "2015-12-31": "30.97740", "2015-09-30": "31.39380", "2015-06-30": "28.35290", "2015-03-31": "20.00520", "2014-12-31": "29.27000", "2014-09-30": "28.25560", "2014-06-30": "21.90000", "2014-03-31": "21.48590", "2013-12-31": "30.12520", "2013-09-30": "32.00570", "2013-06-30": "29.97610", "2013-03-31": "15.76170", "2012-12-31": "28.25980", "2012-09-30": "25.35390", "2012-06-30": "38.27330", "2012-03-31": "14.98390", "2011-12-31": "17.44840", "2011-09-30": "23.22360", "2011-06-30": "29.41180", "2011-03-31": "33.63410", "2010-12-31": "30.06610", "2010-09-30": "31.65740", "2010-06-30": "37.69340", "2010-03-31": "26.00450", "2009-12-31": "33.58240", "2009-09-30": "35.08230", "2009-06-30": "44.47920", "2009-03-31": "53.79980", "2008-12-31": "52.50760", "2008-09-30": "61.83000", "2008-06-30": "23.17630", "2008-03-31": "38.24890", "2007-12-31": "40.81040", "2007-09-30": "47.00900", "2007-06-30": "45.31250", "2007-03-31": "39.87680", "2006-12-31": "29.14390", "2006-09-30": "48.71270", "2006-06-30": "44.60720", "2006-03-31": "36.81690", "2005-12-31": "35.01680", "2005-09-30": "12.08150", "2005-06-30": "25.86210", "2005-03-31": "24.28810"}, "Operating Margin": {"2020-09-30": "13.99070", "2020-06-30": "21.62650", "2020-03-31": "12.08520", "2019-12-31": "9.52160", "2019-09-30": "18.02400", "2019-06-30": "12.98170", "2019-03-31": "10.20790", "2018-12-31": "2.45980", "2018-09-30": "13.44600", "2018-06-30": "7.07030", "2018-03-31": "17.48180", "2017-12-31": "-112.94960", "2017-09-30": "10.83940", "2017-06-30": "12.55090", "2017-03-31": "1.51130", "2016-12-31": "-6082.35300", "2016-09-30": "12.51100", "2016-06-30": "7.25090", "2016-03-31": "14.74140", "2015-12-31": "-712.48120", "2015-09-30": "8.54760", "2015-06-30": "6.82350", "2015-03-31": "1.98490", "2014-12-31": "10.80630", "2014-09-30": "12.01580", "2014-06-30": "2.45790", "2014-03-31": "5.16350", "2013-12-31": "-7.33450", "2013-09-30": "15.10030", "2013-06-30": "9.79860", "2013-03-31": "-12.78230", "2012-12-31": "1.79350", "2012-09-30": "3.68940", "2012-06-30": "18.32870", "2012-03-31": "-9.13000", "2011-12-31": "0.42210", "2011-09-30": "1.60810", "2011-06-30": "11.80860", "2011-03-31": "15.73940", "2010-12-31": "8.37000", "2010-09-30": "16.90880", "2010-06-30": "20.81580", "2010-03-31": "11.64790", "2009-12-31": "14.66600", "2009-09-30": "20.95340", "2009-06-30": "27.67100", "2009-03-31": "37.09290", "2008-12-31": "35.95170", "2008-09-30": "52.48850", "2008-06-30": "4.33130", "2008-03-31": "19.20120", "2007-12-31": "23.15490", "2007-09-30": "30.81260", "2007-06-30": "27.79950", "2007-03-31": "20.55430", "2006-12-31": "7.28600", "2006-09-30": "37.02370", "2006-06-30": "27.29690", "2006-03-31": "20.03840", "2005-12-31": "24.57910", "2005-09-30": "-1.16450", "2005-06-30": "8.23750", "2005-03-31": "7.37020"}, "EBIT Margin": {"2020-09-30": "13.99070", "2020-06-30": "21.62650", "2020-03-31": "12.08520", "2019-12-31": "9.52160", "2019-09-30": "18.02400", "2019-06-30": "12.98170", "2019-03-31": "10.20790", "2018-12-31": "2.45980", "2018-09-30": "13.44600", "2018-06-30": "7.07030", "2018-03-31": "17.48180", "2017-12-31": "-112.94960", "2017-09-30": "10.83940", "2017-06-30": "12.55090", "2017-03-31": "1.51130", "2016-12-31": "-6082.35300", "2016-09-30": "12.51100", "2016-06-30": "7.25090", "2016-03-31": "14.74140", "2015-12-31": "-712.48120", "2015-09-30": "8.54760", "2015-06-30": "6.82350", "2015-03-31": "1.98490", "2014-12-31": "10.80630", "2014-09-30": "12.01580", "2014-06-30": "2.45790", "2014-03-31": "5.16350", "2013-12-31": "-7.33450", "2013-09-30": "15.10030", "2013-06-30": "9.79860", "2013-03-31": "-12.78230", "2012-12-31": "1.79350", "2012-09-30": "3.68940", "2012-06-30": "18.32870", "2012-03-31": "-9.13000", "2011-12-31": "0.42210", "2011-09-30": "1.60810", "2011-06-30": "11.80860", "2011-03-31": "15.73940", "2010-12-31": "8.37000", "2010-09-30": "16.90880", "2010-06-30": "20.81580", "2010-03-31": "11.64790", "2009-12-31": "14.66600", "2009-09-30": "20.95340", "2009-06-30": "27.67100", "2009-03-31": "37.09290", "2008-12-31": "35.95170", "2008-09-30": "52.48850", "2008-06-30": "4.33130", "2008-03-31": "19.20120", "2007-12-31": "23.15490", "2007-09-30": "30.81260", "2007-06-30": "27.79950", "2007-03-31": "20.55430", "2006-12-31": "7.28600", "2006-09-30": "37.02370", "2006-06-30": "27.29690", "2006-03-31": "20.03840", "2005-12-31": "24.57910", "2005-09-30": "-1.16450", "2005-06-30": "8.23750", "2005-03-31": "7.37020"}, "EBITDA Margin": {"2020-09-30": "", "2020-06-30": "", "2020-03-31": "", "2019-12-31": "", "2019-09-30": "", "2019-06-30": "", "2019-03-31": "", "2018-12-31": "", "2018-09-30": "", "2018-06-30": "", "2018-03-31": "", "2017-12-31": "", "2017-09-30": "", "2017-06-30": "", "2017-03-31": "", "2016-12-31": "", "2016-09-30": "", "2016-06-30": "", "2016-03-31": "", "2015-12-31": "", "2015-09-30": "", "2015-06-30": "", "2015-03-31": "", "2014-12-31": "", "2014-09-30": "", "2014-06-30": "", "2014-03-31": "", "2013-12-31": "", "2013-09-30": "", "2013-06-30": "", "2013-03-31": "", "2012-12-31": "", "2012-09-30": "", "2012-06-30": "", "2012-03-31": "", "2011-12-31": "", "2011-09-30": "", "2011-06-30": "", "2011-03-31": "", "2010-12-31": "", "2010-09-30": "", "2010-06-30": "", "2010-03-31": "", "2009-12-31": "", "2009-09-30": "", "2009-06-30": "", "2009-03-31": "", "2008-12-31": "", "2008-09-30": "", "2008-06-30": "", "2008-03-31": "", "2007-12-31": "", "2007-09-30": "", "2007-06-30": "", "2007-03-31": "", "2006-12-31": "", "2006-09-30": "", "2006-06-30": "", "2006-03-31": "", "2005-12-31": "", "2005-09-30": "", "2005-06-30": "", "2005-03-31": ""}, "Pre-Tax Profit Margin": {"2020-09-30": "12.13960", "2020-06-30": "18.49870", "2020-03-31": "7.13220", "2019-12-31": "5.46700", "2019-09-30": "12.68360", "2019-06-30": "7.62680", "2019-03-31": "4.52660", "2018-12-31": "-5.22090", "2018-09-30": "9.96620", "2018-06-30": "1.30030", "2018-03-31": "11.81600", "2017-12-31": "-120.30380", "2017-09-30": "6.78830", "2017-06-30": "3.81340", "2017-03-31": "-7.26280", "2016-12-31": "-5982.35300", "2016-09-30": "4.56010", "2016-06-30": "-6.13880", "2016-03-31": "2.10590", "2015-12-31": "-731.57900", "2015-09-30": "2.57100", "2015-06-30": "-0.76470", "2015-03-31": "-5.45830", "2014-12-31": "4.00760", "2014-09-30": "5.93130", "2014-06-30": "-5.68900", "2014-03-31": "-2.81120", "2013-12-31": "-18.49730", "2013-09-30": "8.53870", "2013-06-30": "2.32160", "2013-03-31": "-23.21000", "2012-12-31": "8.38580", "2012-09-30": "-4.50450", "2012-06-30": "11.35730", "2012-03-31": "-17.50810", "2011-12-31": "-6.42590", "2011-09-30": "-5.04860", "2011-06-30": "-0.39510", "2011-03-31": "-18.29570", "2010-12-31": "-0.49560", "2010-09-30": "11.62010", "2010-06-30": "15.33050", "2010-03-31": "5.55300", "2009-12-31": "6.86600", "2009-09-30": "15.22630", "2009-06-30": "26.01700", "2009-03-31": "29.91560", "2008-12-31": "29.06350", "2008-09-30": "49.00460", "2008-06-30": "-7.14290", "2008-03-31": "7.60370", "2007-12-31": "11.86690", "2007-09-30": "23.13770", "2007-06-30": "15.82030", "2007-03-31": "8.92990", "2006-12-31": "-4.28050", "2006-09-30": "31.35940", "2006-06-30": "19.24100", "2006-03-31": "1.34230", "2005-12-31": "13.29970", "2005-09-30": "-3.93010", "2005-06-30": "5.93870", "2005-03-31": "4.52260"}, "Net Profit Margin": {"2020-09-30": "8.86440", "2020-06-30": "13.98570", "2020-03-31": "5.99310", "2019-12-31": "154.12300", "2019-09-30": "12.41660", "2019-06-30": "8.15420", "2019-03-31": "22.26330", "2018-12-31": "-0.55220", "2018-09-30": "-2.43240", "2018-06-30": "2.92560", "2018-03-31": "13.51090", "2017-12-31": "-122.70180", "2017-09-30": "6.24090", "2017-06-30": "-23.17660", "2017-03-31": "-6.84300", "2016-12-31": "-5805.88200", "2016-09-30": "11.75100", "2016-06-30": "-8.58540", "2016-03-31": "2.38460", "2015-12-31": "-950.22550", "2015-09-30": "1.37570", "2015-06-30": "-0.55880", "2015-03-31": "-3.26460", "2014-12-31": "1.66980", "2014-09-30": "3.63320", "2014-06-30": "-2.76170", "2014-03-31": "-1.66380", "2013-12-31": "-10.69770", "2013-09-30": "3.35240", "2013-06-30": "4.13110", "2013-03-31": "-16.05000", "2012-12-31": "12.11830", "2012-09-30": "-0.12870", "2012-06-30": "11.44970", "2012-03-31": "-11.22450", "2011-12-31": "-5.20640", "2011-09-30": "-2.13160", "2011-06-30": "27.12910", "2011-03-31": "-13.13280", "2010-12-31": "-0.93610", "2010-09-30": "8.23090", "2010-06-30": "9.75150", "2010-03-31": "2.52820", "2009-12-31": "0.98090", "2009-09-30": "9.53360", "2009-06-30": "19.04340", "2009-03-31": "11.09770", "2008-12-31": "15.52870", "2008-09-30": "29.28790", "2008-06-30": "8.58660", "2008-03-31": "2.68820", "2007-12-31": "5.57160", "2007-09-30": "14.39050", "2007-06-30": "8.78910", "2007-03-31": "3.92610", "2006-12-31": "-3.91620", "2006-09-30": "21.00930", "2006-06-30": "12.64980", "2006-03-31": "1.53400", "2005-12-31": "9.42760", "2005-09-30": "-4.51240", "2005-06-30": "3.83140", "2005-03-31": "3.18260"}, "Asset Turnover": {"2020-09-30": "0.22980", "2020-06-30": "0.18140", "2020-03-31": "0.15750", "2019-12-31": "0.17520", "2019-09-30": "0.31450", "2019-06-30": "0.26880", "2019-03-31": "0.22720", "2018-12-31": "0.18740", "2018-09-30": "0.25850", "2018-06-30": "0.10720", "2018-03-31": "0.08690", "2017-12-31": "0.05360", "2017-09-30": "0.10760", "2017-06-30": "0.10720", "2017-03-31": "0.08100", "2016-12-31": "0.00060", "2016-09-30": "0.10860", "2016-06-30": "0.07150", "2016-03-31": "0.09880", "2015-12-31": "0.02020", "2015-09-30": "0.11090", "2015-06-30": "0.08420", "2015-03-31": "0.09490", "2014-12-31": "0.10360", "2014-09-30": "0.11400", "2014-06-30": "0.09620", "2014-03-31": "0.09970", "2013-12-31": "0.08240", "2013-09-30": "0.10010", "2013-06-30": "0.08490", "2013-03-31": "0.05880", "2012-12-31": "0.05900", "2012-09-30": "0.08560", "2012-06-30": "0.07780", "2012-03-31": "0.06530", "2011-12-31": "0.07930", "2011-09-30": "0.10800", "2011-06-30": "0.08990", "2011-03-31": "0.07970", "2010-12-31": "0.06750", "2010-09-30": "0.09790", "2010-06-30": "0.08500", "2010-03-31": "0.09010", "2009-12-31": "0.09160", "2009-09-30": "0.11240", "2009-06-30": "0.08190", "2009-03-31": "0.06850", "2008-12-31": "0.06670", "2008-09-30": "0.11030", "2008-06-30": "0.04910", "2008-03-31": "0.06210", "2007-12-31": "0.07170", "2007-09-30": "0.09230", "2007-06-30": "0.08110", "2007-03-31": "0.06940", "2006-12-31": "0.05650", "2006-09-30": "0.09850", "2006-06-30": "0.07730", "2006-03-31": "0.05350", "2005-12-31": "0.07960", "2005-09-30": "0.08810", "2005-06-30": "0.07170", "2005-03-31": "0.08190"}, "Inventory Turnover Ratio": {"2020-09-30": "6.16360", "2020-06-30": "3.69590", "2020-03-31": "3.91670", "2019-12-31": "4.31850", "2019-09-30": "5.91480", "2019-06-30": "4.98650", "2019-03-31": "4.22250", "2018-12-31": "3.87380", "2018-09-30": "5.48530", "2018-06-30": "3.89480", "2018-03-31": "2.62310", "2017-12-31": "2.45250", "2017-09-30": "3.28890", "2017-06-30": "2.58200", "2017-03-31": "1.63330", "2016-12-31": "0.83080", "2016-09-30": "2.39920", "2016-06-30": "1.28380", "2016-03-31": "1.88980", "2015-12-31": "0.36660", "2015-09-30": "2.64750", "2015-06-30": "2.11270", "2015-03-31": "2.76190", "2014-12-31": "2.37770", "2014-09-30": "3.11890", "2014-06-30": "2.83940", "2014-03-31": "3.50450", "2013-12-31": "2.17480", "2013-09-30": "2.75610", "2013-06-30": "2.34670", "2013-03-31": "1.93920", "2012-12-31": "1.63900", "2012-09-30": "4.42750", "2012-06-30": "3.21390", "2012-03-31": "4.03830", "2011-12-31": "5.71430", "2011-09-30": "6.41560", "2011-06-30": "4.16580", "2011-03-31": "3.16750", "2010-12-31": "2.80350", "2010-09-30": "3.96330", "2010-06-30": "2.48410", "2010-03-31": "2.98540", "2009-12-31": "2.62850", "2009-09-30": "3.55160", "2009-06-30": "2.34340", "2009-03-31": "1.56970", "2008-12-31": "1.72750", "2008-09-30": "2.18640", "2008-06-30": "2.22690", "2008-03-31": "1.77090", "2007-12-31": "1.81370", "2007-09-30": "2.21460", "2007-06-30": "1.95350", "2007-03-31": "1.95250", "2006-12-31": "1.85240", "2006-09-30": "2.50880", "2006-06-30": "2.06970", "2006-03-31": "1.59950", "2005-12-31": "1.60830", "2005-09-30": "2.96740", "2005-06-30": "1.69000", "2005-03-31": "2.16520"}, "Receiveable Turnover": {"2020-09-30": "2.49470", "2020-06-30": "2.20490", "2020-03-31": "2.20660", "2019-12-31": "2.14150", "2019-09-30": "2.17730", "2019-06-30": "2.34990", "2019-03-31": "2.41090", "2018-12-31": "1.94530", "2018-09-30": "2.24920", "2018-06-30": "1.79500", "2018-03-31": "2.28680", "2017-12-31": "1.15830", "2017-09-30": "2.15070", "2017-06-30": "2.32440", "2017-03-31": "2.44560", "2016-12-31": "0.01610", "2016-09-30": "2.45060", "2016-06-30": "1.74670", "2016-03-31": "3.06650", "2015-12-31": "0.57480", "2015-09-30": "2.92090", "2015-06-30": "2.37430", "2015-03-31": "3.07060", "2014-12-31": "2.87710", "2014-09-30": "2.10750", "2014-06-30": "1.72760", "2014-03-31": "2.75570", "2013-12-31": "1.59440", "2013-09-30": "2.03970", "2013-06-30": "1.79140", "2013-03-31": "2.11910", "2012-12-31": "1.84360", "2012-09-30": "2.16840", "2012-06-30": "2.16600", "2012-03-31": "2.60060", "2011-12-31": "2.55640", "2011-09-30": "2.56620", "2011-06-30": "2.25990", "2011-03-31": "2.90390", "2010-12-31": "2.47410", "2010-09-30": "2.97010", "2010-06-30": "2.34650", "2010-03-31": "3.16430", "2009-12-31": "2.44410", "2009-09-30": "2.60590", "2009-06-30": "1.88620", "2009-03-31": "4.15540", "2008-12-31": "3.56680", "2008-09-30": "4.91900", "2008-06-30": "1.88000", "2008-03-31": "2.85530", "2007-12-31": "2.86720", "2007-09-30": "3.30600", "2007-06-30": "2.72340", "2007-03-31": "3.17600", "2006-12-31": "2.54170", "2006-09-30": "4.48500", "2006-06-30": "3.17550", "2006-03-31": "2.44840", "2005-12-31": "2.03420", "2005-09-30": "2.02010", "2005-06-30": "1.48070", "2005-03-31": "2.23980"}, "Days Sales In Receivables": {"2020-09-30": "36.07690", "2020-06-30": "40.81770", "2020-03-31": "40.78750", "2019-12-31": "42.02730", "2019-09-30": "41.33510", "2019-06-30": "38.30020", "2019-03-31": "37.33030", "2018-12-31": "46.26510", "2018-09-30": "40.01350", "2018-06-30": "50.13820", "2018-03-31": "39.35590", "2017-12-31": "77.69790", "2017-09-30": "41.84670", "2017-06-30": "38.71900", "2017-03-31": "36.80100", "2016-12-31": "5601.17700", "2016-09-30": "36.72610", "2016-06-30": "51.52580", "2016-03-31": "29.34960", "2015-12-31": "156.58650", "2015-09-30": "30.81190", "2015-06-30": "37.90590", "2015-03-31": "29.31050", "2014-12-31": "31.28100", "2014-09-30": "42.70520", "2014-06-30": "52.09610", "2014-03-31": "32.65920", "2013-12-31": "56.44720", "2013-09-30": "44.12320", "2013-06-30": "50.23900", "2013-03-31": "42.47000", "2012-12-31": "48.81730", "2012-09-30": "41.50580", "2012-06-30": "41.55130", "2012-03-31": "34.60800", "2011-12-31": "35.20640", "2011-09-30": "35.07110", "2011-06-30": "39.82440", "2011-03-31": "30.99250", "2010-12-31": "36.37670", "2010-09-30": "30.30170", "2010-06-30": "38.35440", "2010-03-31": "28.44240", "2009-12-31": "36.82390", "2009-09-30": "34.53700", "2009-06-30": "47.71570", "2009-03-31": "21.65860", "2008-12-31": "25.23260", "2008-09-30": "18.29630", "2008-06-30": "47.87230", "2008-03-31": "31.52070", "2007-12-31": "31.38930", "2007-09-30": "27.22350", "2007-06-30": "33.04690", "2007-03-31": "28.33720", "2006-12-31": "35.40980", "2006-09-30": "20.06690", "2006-06-30": "28.34220", "2006-03-31": "36.75940", "2005-12-31": "44.24240", "2005-09-30": "44.55140", "2005-06-30": "60.78220", "2005-03-31": "40.18270"}, "ROE - Return On Equity": {"2020-09-30": "12.87490", "2020-06-30": "17.88570", "2020-03-31": "7.87760", "2019-12-31": "208.86610", "2019-09-30": "-23.80650", "2019-06-30": "-11.46850", "2019-03-31": "-6.11180", "2018-12-31": "7.45540", "2018-09-30": "-30.66240", "2018-06-30": "1.30370", "2018-03-31": "10.54030", "2017-12-31": "-74.18700", "2017-09-30": "5.01360", "2017-06-30": "2.84240", "2017-03-31": "-4.21130", "2016-12-31": "-21.77240", "2016-09-30": "2.33020", "2016-06-30": "-3.18300", "2016-03-31": "0.87340", "2015-12-31": "-115.07180", "2015-09-30": "0.56590", "2015-06-30": "-0.07490", "2015-03-31": "-1.19540", "2014-12-31": "0.83080", "2014-09-30": "1.55690", "2014-06-30": "-0.72880", "2014-03-31": "-0.64460", "2013-12-31": "-2.77060", "2013-09-30": "1.26830", "2013-06-30": "1.27150", "2013-03-31": "-3.24640", "2012-12-31": "2.47350", "2012-09-30": "0.10140", "2012-06-30": "3.27720", "2012-03-31": "-2.69880", "2011-12-31": "-1.42130", "2011-09-30": "-0.69340", "2011-06-30": "7.45680", "2011-03-31": "-3.42060", "2010-12-31": "-0.18580", "2010-09-30": "2.71260", "2010-06-30": "2.61520", "2010-03-31": "0.72310", "2009-12-31": "0.43720", "2009-09-30": "3.74360", "2009-06-30": "5.79940", "2009-03-31": "2.80410", "2008-12-31": "4.32220", "2008-09-30": "14.27260", "2008-06-30": "-1.07720", "2008-03-31": "1.03690", "2007-12-31": "1.88640", "2007-09-30": "5.60020", "2007-06-30": "3.22000", "2007-03-31": "1.37570", "2006-12-31": "-0.94420", "2006-09-30": "7.25600", "2006-06-30": "4.06850", "2006-03-31": "0.32060", "2005-12-31": "3.28770", "2005-09-30": "-2.29380", "2005-06-30": "1.04810", "2005-03-31": "0.99830"}, "Return On Tangible Equity": {"2020-09-30": "39.27450", "2020-06-30": "71.46120", "2020-03-31": "64.36170", "2019-12-31": "1194.13800", "2019-09-30": "-12.50840", "2019-06-30": "-6.79370", "2019-03-31": "-3.49310", "2018-12-31": "3.83650", "2018-09-30": "-13.81800", "2018-06-30": "-8.23170", "2018-03-31": "-3400.00000", "2017-12-31": "-158.35140", "2017-09-30": "15.54620", "2017-06-30": "10.66810", "2017-03-31": "-12.12340", "2016-12-31": "-53.45110", "2016-09-30": "5.36010", "2016-06-30": "-8.39340", "2016-03-31": "2.21070", "2015-12-31": "-294.25880", "2015-09-30": "0.96200", "2015-06-30": "-0.12280", "2015-03-31": "-2.04230", "2014-12-31": "1.48430", "2014-09-30": "2.75470", "2014-06-30": "-1.04220", "2014-03-31": "-0.91720", "2013-12-31": "-3.82030", "2013-09-30": "1.71730", "2013-06-30": "1.75180", "2013-03-31": "-4.52490", "2012-12-31": "3.45480", "2012-09-30": "0.15790", "2012-06-30": "5.16970", "2012-03-31": "-4.42440", "2011-12-31": "-2.36290", "2011-09-30": "-1.15550", "2011-06-30": "12.11940", "2011-03-31": "-6.04650", "2010-12-31": "-0.32080", "2010-09-30": "4.27610", "2010-06-30": "4.25450", "2010-03-31": "1.19120", "2009-12-31": "0.74170", "2009-09-30": "6.29100", "2009-06-30": "10.11000", "2009-03-31": "3.82170", "2008-12-31": "5.60260", "2008-09-30": "19.55270", "2008-06-30": "-1.76720", "2008-03-31": "1.58560", "2007-12-31": "2.81370", "2007-09-30": "8.55670", "2007-06-30": "5.18300", "2007-03-31": "2.24600", "2006-12-31": "-1.47250", "2006-09-30": "10.16160", "2006-06-30": "5.95340", "2006-03-31": "0.91020", "2005-12-31": "2.70270", "2005-09-30": "-1.85330", "2005-06-30": "0.98930", "2005-03-31": "0.94620"}, "ROA - Return On Assets": {"2020-09-30": "2.03680", "2020-06-30": "2.53710", "2020-03-31": "0.94370", "2019-12-31": "27.63550", "2019-09-30": "3.92570", "2019-06-30": "2.06080", "2019-03-31": "0.98640", "2018-12-31": "-0.86560", "2018-09-30": "2.50660", "2018-06-30": "0.11770", "2018-03-31": "1.00200", "2017-12-31": "-6.25130", "2017-09-30": "0.72630", "2017-06-30": "0.39280", "2017-03-31": "-0.57440", "2016-12-31": "-3.15490", "2016-09-30": "0.40650", "2016-06-30": "-0.51870", "2016-03-31": "0.14380", "2015-12-31": "-19.01650", "2015-09-30": "0.16760", "2015-06-30": "-0.02230", "2015-03-31": "-0.33720", "2014-12-31": "0.23970", "2014-09-30": "0.45420", "2014-06-30": "-0.21260", "2014-03-31": "-0.19160", "2013-12-31": "-0.85540", "2013-09-30": "0.39580", "2013-06-30": "0.37980", "2013-03-31": "-0.93580", "2012-12-31": "0.72610", "2012-09-30": "0.02940", "2012-06-30": "0.92980", "2012-03-31": "-0.72200", "2011-12-31": "-0.40520", "2011-09-30": "-0.22210", "2011-06-30": "2.45110", "2011-03-31": "-1.03820", "2010-12-31": "-0.05580", "2010-09-30": "0.81330", "2010-06-30": "0.83660", "2010-03-31": "0.23600", "2009-12-31": "0.14120", "2009-09-30": "1.07110", "2009-06-30": "1.58210", "2009-03-31": "0.81820", "2008-12-31": "1.09240", "2008-09-30": "3.28510", "2008-06-30": "-0.15300", "2008-03-31": "0.21460", "2007-12-31": "0.45140", "2007-09-30": "1.37990", "2007-06-30": "0.75520", "2007-03-31": "0.32600", "2006-12-31": "-0.23150", "2006-09-30": "1.88120", "2006-06-30": "1.03900", "2006-03-31": "0.07690", "2005-12-31": "0.80360", "2005-09-30": "-0.47460", "2005-06-30": "0.31590", "2005-03-31": "0.30160"}, "ROI - Return On Investment": {"2020-09-30": "3.22290", "2020-06-30": "4.14020", "2020-03-31": "1.64780", "2019-12-31": "46.41470", "2019-09-30": "8.84790", "2019-06-30": "4.55860", "2019-03-31": "1.94700", "2018-12-31": "-1.76410", "2018-09-30": "5.01570", "2018-06-30": "0.15980", "2018-03-31": "1.34740", "2017-12-31": "-13.09650", "2017-09-30": "0.95620", "2017-06-30": "0.51230", "2017-03-31": "-0.77930", "2016-12-31": "-4.74440", "2016-09-30": "0.54440", "2016-06-30": "-0.70830", "2016-03-31": "0.19540", "2015-12-31": "-25.60920", "2015-09-30": "0.21310", "2015-06-30": "-0.02810", "2015-03-31": "-0.42880", "2014-12-31": "0.30910", "2014-09-30": "0.57130", "2014-06-30": "-0.27220", "2014-03-31": "-0.24410", "2013-12-31": "-1.09500", "2013-09-30": "0.51240", "2013-06-30": "0.49540", "2013-03-31": "-1.25570", "2012-12-31": "0.96750", "2012-09-30": "0.04190", "2012-06-30": "1.38970", "2012-03-31": "-1.14240", "2011-12-31": "-0.61710", "2011-09-30": "-0.31630", "2011-06-30": "3.30570", "2011-03-31": "-1.44840", "2010-12-31": "-0.08170", "2010-09-30": "1.18420", "2010-06-30": "1.19530", "2010-03-31": "0.35990", "2009-12-31": "0.20900", "2009-09-30": "1.70470", "2009-06-30": "2.63480", "2009-03-31": "1.28580", "2008-12-31": "1.79860", "2008-09-30": "5.31090", "2008-06-30": "-0.31510", "2008-03-31": "0.33140", "2007-12-31": "0.63750", "2007-09-30": "1.82880", "2007-06-30": "1.00780", "2007-03-31": "0.42930", "2006-12-31": "-0.31020", "2006-09-30": "2.63530", "2006-06-30": "1.47080", "2006-03-31": "0.11000", "2005-12-31": "1.22770", "2005-09-30": "-0.72100", "2005-06-30": "0.40200", "2005-03-31": "0.38240"}, "Book Value Per Share": {"2020-09-30": "7.92150", "2020-06-30": "7.16810", "2020-03-31": "6.25350", "2019-12-31": "6.65870", "2019-09-30": "-6.23450", "2019-06-30": "-6.37350", "2019-03-31": "-5.74870", "2018-12-31": "-4.35040", "2018-09-30": "-3.22840", "2018-06-30": "6.82530", "2018-03-31": "7.17080", "2017-12-31": "6.21320", "2017-09-30": "11.65370", "2017-06-30": "11.00610", "2017-03-31": "12.69610", "2016-12-31": "14.09450", "2016-09-30": "17.41360", "2016-06-30": "16.24270", "2016-03-31": "17.08750", "2015-12-31": "17.29530", "2015-09-30": "37.02750", "2015-06-30": "37.25600", "2015-03-31": "34.85490", "2014-12-31": "34.68160", "2014-09-30": "35.32380", "2014-06-30": "33.26490", "2014-03-31": "32.79470", "2013-12-31": "33.09670", "2013-09-30": "34.42330", "2013-06-30": "32.71250", "2013-03-31": "32.39730", "2012-12-31": "32.60310", "2012-09-30": "35.65270", "2012-06-30": "35.79160", "2012-03-31": "34.61790", "2011-12-31": "34.80130", "2011-09-30": "34.28250", "2011-06-30": "35.56490", "2011-03-31": "31.73630", "2010-12-31": "33.65740", "2010-09-30": "33.84410", "2010-06-30": "32.70420", "2010-03-31": "32.38520", "2009-12-31": "31.27620", "2009-09-30": "31.50810", "2009-06-30": "30.54630", "2009-03-31": "29.08650", "2008-12-31": "31.44780", "2008-09-30": "28.28000", "2008-06-30": "20.88830", "2008-03-31": "23.26090", "2007-12-31": "24.29300", "2007-09-30": "24.60680", "2007-06-30": "23.26650", "2007-03-31": "23.00550", "2006-12-31": "24.13680", "2006-09-30": "22.79590", "2006-06-30": "22.27710", "2006-03-31": "20.77510", "2005-12-31": "15.34660", "2005-09-30": "14.03550", "2005-06-30": "14.93850", "2005-03-31": "14.99280"}, "Operating Cash Flow Per Share": {"2020-09-30": 2.8441, "2020-06-30": 1.9777, "2020-03-31": "0.83530", "2019-12-31": 1.8484, "2019-09-30": 1.9121, "2019-06-30": 1.9168, "2019-03-31": "-0.32500", "2018-12-31": 0.9022, "2018-09-30": 1.9348, "2018-06-30": 0.5468, "2018-03-31": "1.08700", "2017-12-31": 2.7932, "2017-09-30": 2.0515, "2017-06-30": 0.4462, "2017-03-31": "-0.21200", "2016-12-31": 0.5459, "2016-09-30": 2.9175, "2016-06-30": 0.8159, "2016-03-31": "1.75870", "2015-12-31": -0.0925, "2015-09-30": 2.8174, "2015-06-30": 0.6016, "2015-03-31": "0.77380", "2014-12-31": 1.2065, "2014-09-30": 2.1499, "2014-06-30": -0.1089, "2014-03-31": "1.20680", "2013-12-31": 1.4151, "2013-09-30": 2.7553, "2013-06-30": 0.1454, "2013-03-31": "-0.38390", "2012-12-31": 0.2699, "2012-09-30": 2.0858, "2012-06-30": 2.8879, "2012-03-31": "-0.33330", "2011-12-31": 2.0549, "2011-09-30": 1.5169, "2011-06-30": 0.3919, "2011-03-31": "0.87450", "2010-12-31": 1.8799, "2010-09-30": 2.1466, "2010-06-30": 1.9197, "2010-03-31": "0.44360", "2009-12-31": 3.0653, "2009-09-30": 2.0804, "2009-06-30": 2.12, "2009-03-31": "0.50550", "2008-12-31": 1.4576, "2008-09-30": 2.0731, "2008-06-30": 1.6026, "2008-03-31": "0.24490", "2007-12-31": 1.8428, "2007-09-30": 1.8308, "2007-06-30": 1.2027, "2007-03-31": "0.39110", "2006-12-31": -2.3227, "2006-09-30": 1.5559, "2006-06-30": 0.6853, "2006-03-31": "1.43700", "2005-12-31": 1.0763, "2005-09-30": -1.1956, "2005-06-30": 0.1534, "2005-03-31": "0.36360"}, "Free Cash Flow Per Share": {"2020-09-30": 2.6343, "2020-06-30": 1.7719, "2020-03-31": "0.63050", "2019-12-31": 1.5504, "2019-09-30": 1.8211, "2019-06-30": 1.8294, "2019-03-31": "4.18930", "2018-12-31": 0.6669, "2018-09-30": 6.4215, "2018-06-30": 0.4304, "2018-03-31": "0.77020", "2017-12-31": 2.9229, "2017-09-30": 4.0815, "2017-06-30": -0.4557, "2017-03-31": "-0.91460", "2016-12-31": 1.4009, "2016-09-30": 2.4274, "2016-06-30": -0.0032, "2016-03-31": "1.25400", "2015-12-31": -0.4634, "2015-09-30": 1.8905, "2015-06-30": -0.3962, "2015-03-31": "0.02380", "2014-12-31": 0.6458, "2014-09-30": 1.9039, "2014-06-30": -0.891, "2014-03-31": "0.71300", "2013-12-31": 0.0987, "2013-09-30": 1.8777, "2013-06-30": -1.2551, "2013-03-31": "-2.90090", "2012-12-31": -3.4075, "2012-09-30": -1.2079, "2012-06-30": -1.2657, "2012-03-31": "-3.13600", "2011-12-31": -1.9136, "2011-09-30": -0.6321, "2011-06-30": -2.16, "2011-03-31": "-0.01210", "2010-12-31": 1.0878, "2010-09-30": 1.5003, "2010-06-30": 1.3509, "2010-03-31": "-0.15950", "2009-12-31": 2.4158, "2009-09-30": 1.3818, "2009-06-30": 1.6146, "2009-03-31": "-0.32730", "2008-12-31": 0.5318, "2008-09-30": 1.4545, "2008-06-30": 0.5492, "2008-03-31": "-0.37550", "2007-12-31": 1.0568, "2007-09-30": 1.5578, "2007-06-30": 0.8793, "2007-03-31": "0.10330", "2006-12-31": -2.5585, "2006-09-30": 1.2864, "2006-06-30": 0.6035, "2006-03-31": "1.28990", "2005-12-31": 0.7302, "2005-09-30": -1.2592, "2005-06-30": 0.0057, "2005-03-31": "0.30110"}}, "revenue": {"NRG Energy Annual Revenue (Millions of US $)": {"2019": "$9,821", "2018": "$9,478", "2017": "$9,074", "2016": "$8,915", "2015": "$12,328", "2014": "$15,868", "2013": "$11,295", "2012": "$8,422", "2011": "$9,079", "2010": "$8,849", "2009": "$8,952", "2008": "$6,885", "2007": "$5,989", "2006": "$5,585", "2005": "$2,400"}, "NRG Energy Quarterly Revenue (Millions of US $)": {"2020-09-30": "$2,809", "2020-06-30": "$2,238", "2020-03-31": "$2,019", "2019-12-31": "$2,195", "2019-09-30": "$2,996", "2019-06-30": "$2,465", "2019-03-31": "$2,165", "2018-12-31": "$1,992", "2018-09-30": "$2,960", "2018-06-30": "$2,461", "2018-03-31": "$2,065", "2017-12-31": "$1,251", "2017-09-30": "$2,740", "2017-06-30": "$2,701", "2017-03-31": "$2,382", "2016-12-31": "$17", "2016-09-30": "$3,421", "2016-06-30": "$2,248", "2016-03-31": "$3,229", "2015-12-31": "$665", "2015-09-30": "$4,434", "2015-06-30": "$3,400", "2015-03-31": "$3,829", "2014-12-31": "$4,192", "2014-09-30": "$4,569", "2014-06-30": "$3,621", "2014-03-31": "$3,486", "2013-12-31": "$2,795", "2013-09-30": "$3,490", "2013-06-30": "$2,929", "2013-03-31": "$2,081", "2012-12-31": "$2,063", "2012-09-30": "$2,331", "2012-06-30": "$2,166", "2012-03-31": "$1,862", "2011-12-31": "$2,132", "2011-09-30": "$2,674", "2011-06-30": "$2,278", "2011-03-31": "$1,995", "2010-12-31": "$1,816", "2010-09-30": "$2,685", "2010-06-30": "$2,133", "2010-03-31": "$2,215", "2009-12-31": "$2,141", "2009-09-30": "$2,916", "2009-06-30": "$2,237", "2009-03-31": "$1,658", "2008-12-31": "$1,655", "2008-09-30": "$2,612", "2008-06-30": "$1,316", "2008-03-31": "$1,302", "2007-12-31": "$1,382", "2007-09-30": "$1,772", "2007-06-30": "$1,536", "2007-03-31": "$1,299", "2006-12-31": "$1,098", "2006-09-30": "$1,942", "2006-06-30": "$1,502", "2006-03-31": "$1,043", "2005-12-31": "$594", "2005-09-30": "$687", "2005-06-30": "$522", "2005-03-31": "$597"}}, "gross-profit": {"NRG Energy Annual Gross Profit (Millions of US $)": {"2019": "$2,518", "2018": "$2,370", "2017": "$2,188", "2016": "$2,239", "2015": "$3,328", "2014": "$4,060", "2013": "$3,165", "2012": "$2,282", "2011": "$2,334", "2010": "$2,776", "2009": "$3,629", "2008": "$3,287", "2007": "$2,611", "2006": "$2,320", "2005": "$571"}, "NRG Energy Quarterly Gross Profit (Millions of US $)": {"2020-09-30": "$775", "2020-06-30": "$804", "2020-03-31": "$562", "2019-12-31": "$541", "2019-09-30": "$843", "2019-06-30": "$620", "2019-03-31": "$514", "2018-12-31": "$396", "2018-09-30": "$722", "2018-06-30": "$572", "2018-03-31": "$680", "2017-12-31": "$140", "2017-09-30": "$668", "2017-06-30": "$860", "2017-03-31": "$520", "2016-12-31": "$-582", "2016-09-30": "$981", "2016-06-30": "$805", "2016-03-31": "$1,035", "2015-12-31": "$206", "2015-09-30": "$1,392", "2015-06-30": "$964", "2015-03-31": "$766", "2014-12-31": "$1,227", "2014-09-30": "$1,291", "2014-06-30": "$793", "2014-03-31": "$749", "2013-12-31": "$842", "2013-09-30": "$1,117", "2013-06-30": "$878", "2013-03-31": "$328", "2012-12-31": "$583", "2012-09-30": "$591", "2012-06-30": "$829", "2012-03-31": "$279", "2011-12-31": "$372", "2011-09-30": "$621", "2011-06-30": "$670", "2011-03-31": "$671", "2010-12-31": "$546", "2010-09-30": "$850", "2010-06-30": "$804", "2010-03-31": "$576", "2009-12-31": "$719", "2009-09-30": "$1,023", "2009-06-30": "$995", "2009-03-31": "$892", "2008-12-31": "$869", "2008-09-30": "$1,615", "2008-06-30": "$305", "2008-03-31": "$498", "2007-12-31": "$564", "2007-09-30": "$833", "2007-06-30": "$696", "2007-03-31": "$518", "2006-12-31": "$320", "2006-09-30": "$946", "2006-06-30": "$670", "2006-03-31": "$384", "2005-12-31": "$208", "2005-09-30": "$83", "2005-06-30": "$135", "2005-03-31": "$145"}}, "operating-income": {"NRG Energy Annual Operating Income (Millions of US $)": {"2019": "$1,290", "2018": "$982", "2017": "$-741", "2016": "$33", "2015": "$-4,051", "2014": "$1,271", "2013": "$343", "2012": "$350", "2011": "$635", "2010": "$1,308", "2009": "$2,159", "2008": "$2,273", "2007": "$1,560", "2006": "$1,418", "2005": "$225"}, "NRG Energy Quarterly Operating Income (Millions of US $)": {"2020-09-30": "$393", "2020-06-30": "$484", "2020-03-31": "$244", "2019-12-31": "$209", "2019-09-30": "$540", "2019-06-30": "$320", "2019-03-31": "$221", "2018-12-31": "$49", "2018-09-30": "$398", "2018-06-30": "$174", "2018-03-31": "$361", "2017-12-31": "$-1,413", "2017-09-30": "$297", "2017-06-30": "$339", "2017-03-31": "$36", "2016-12-31": "$-1,034", "2016-09-30": "$428", "2016-06-30": "$163", "2016-03-31": "$476", "2015-12-31": "$-4,738", "2015-09-30": "$379", "2015-06-30": "$232", "2015-03-31": "$76", "2014-12-31": "$453", "2014-09-30": "$549", "2014-06-30": "$89", "2014-03-31": "$180", "2013-12-31": "$-205", "2013-09-30": "$527", "2013-06-30": "$287", "2013-03-31": "$-266", "2012-12-31": "$37", "2012-09-30": "$86", "2012-06-30": "$397", "2012-03-31": "$-170", "2011-12-31": "$9", "2011-09-30": "$43", "2011-06-30": "$269", "2011-03-31": "$314", "2010-12-31": "$152", "2010-09-30": "$454", "2010-06-30": "$444", "2010-03-31": "$258", "2009-12-31": "$314", "2009-09-30": "$611", "2009-06-30": "$619", "2009-03-31": "$615", "2008-12-31": "$595", "2008-09-30": "$1,371", "2008-06-30": "$57", "2008-03-31": "$250", "2007-12-31": "$320", "2007-09-30": "$546", "2007-06-30": "$427", "2007-03-31": "$267", "2006-12-31": "$80", "2006-09-30": "$719", "2006-06-30": "$410", "2006-03-31": "$209", "2005-12-31": "$146", "2005-09-30": "$-8", "2005-06-30": "$43", "2005-03-31": "$44"}}, "ebitda": {"NRG Energy Annual EBITDA (Millions of US $)": {"2019": "$1,850", "2018": "$1,588", "2017": "$68", "2016": "$965", "2015": "$-2,418", "2014": "$2,959", "2013": "$1,674", "2012": "$1,557", "2011": "$1,797", "2010": "$2,252", "2009": "$3,236", "2008": "$2,754", "2007": "$2,142", "2006": "$1,675", "2005": "$463"}, "NRG Energy Quarterly EBITDA (Millions of US $)": {"2020-09-30": "$578", "2020-06-30": "$652", "2020-03-31": "$395", "2019-12-31": "$374", "2019-09-30": "$687", "2019-06-30": "$446", "2019-03-31": "$343", "2018-12-31": "$190", "2018-09-30": "$539", "2018-06-30": "$333", "2018-03-31": "$526", "2017-12-31": "$-1,252", "2017-09-30": "$308", "2017-06-30": "$654", "2017-03-31": "$358", "2016-12-31": "$-1,163", "2016-09-30": "$808", "2016-06-30": "$483", "2016-03-31": "$837", "2015-12-31": "$-4,410", "2015-09-30": "$821", "2015-06-30": "$661", "2015-03-31": "$510", "2014-12-31": "$937", "2014-09-30": "$975", "2014-06-30": "$505", "2014-03-31": "$542", "2013-12-31": "$67", "2013-09-30": "$802", "2013-06-30": "$722", "2013-03-31": "$83", "2012-12-31": "$352", "2012-09-30": "$382", "2012-06-30": "$707", "2012-03-31": "$116", "2011-12-31": "$318", "2011-09-30": "$327", "2011-06-30": "$566", "2011-03-31": "$586", "2010-12-31": "$440", "2010-09-30": "$665", "2010-06-30": "$669", "2010-03-31": "$478", "2009-12-31": "$635", "2009-09-30": "$917", "2009-06-30": "$908", "2009-03-31": "$776", "2008-12-31": "$744", "2008-09-30": "$1,465", "2008-06-30": "$167", "2008-03-31": "$378", "2007-12-31": "$411", "2007-09-30": "$697", "2007-06-30": "$606", "2007-03-31": "$428", "2006-12-31": "$156", "2006-09-30": "$731", "2006-06-30": "$385", "2006-03-31": "$403", "2005-12-31": "$214", "2005-09-30": "$49", "2005-06-30": "$101", "2005-03-31": "$99"}}, "net-income": {"NRG Energy Annual Net Income (Millions of US $)": {"2019": "$4,438", "2018": "$268", "2017": "$-2,153", "2016": "$-701", "2015": "$-6,402", "2014": "$78", "2013": "$-395", "2012": "$286", "2011": "$188", "2010": "$468", "2009": "$909", "2008": "$1,170", "2007": "$518", "2006": "$571", "2005": "$64"}, "NRG Energy Quarterly Net Income (Millions of US $)": {"2020-09-30": "$249", "2020-06-30": "$313", "2020-03-31": "$121", "2019-12-31": "$3,383", "2019-09-30": "$372", "2019-06-30": "$201", "2019-03-31": "$482", "2018-12-31": "$-11", "2018-09-30": "$-72", "2018-06-30": "$72", "2018-03-31": "$279", "2017-12-31": "$-1,535", "2017-09-30": "$171", "2017-06-30": "$-626", "2017-03-31": "$-163", "2016-12-31": "$-987", "2016-09-30": "$402", "2016-06-30": "$-193", "2016-03-31": "$77", "2015-12-31": "$-6,319", "2015-09-30": "$61", "2015-06-30": "$-19", "2015-03-31": "$-125", "2014-12-31": "$70", "2014-09-30": "$166", "2014-06-30": "$-100", "2014-03-31": "$-58", "2013-12-31": "$-299", "2013-09-30": "$117", "2013-06-30": "$121", "2013-03-31": "$-334", "2012-12-31": "$250", "2012-09-30": "$-3", "2012-06-30": "$248", "2012-03-31": "$-209", "2011-12-31": "$-111", "2011-09-30": "$-57", "2011-06-30": "$618", "2011-03-31": "$-262", "2010-12-31": "$-17", "2010-09-30": "$221", "2010-06-30": "$208", "2010-03-31": "$56", "2009-12-31": "$21", "2009-09-30": "$278", "2009-06-30": "$426", "2009-03-31": "$184", "2008-12-31": "$257", "2008-09-30": "$765", "2008-06-30": "$113", "2008-03-31": "$35", "2007-12-31": "$77", "2007-09-30": "$255", "2007-06-30": "$135", "2007-03-31": "$51", "2006-12-31": "$-43", "2006-09-30": "$408", "2006-06-30": "$190", "2006-03-31": "$16", "2005-12-31": "$56", "2005-09-30": "$-31", "2005-06-30": "$20", "2005-03-31": "$19"}}, "eps-earnings-per-share-diluted": {"NRG Energy Annual EPS": {"2019": "$16.81", "2018": "$0.87", "2017": "$-6.79", "2016": "$-2.22", "2015": "$-19.46", "2014": "$0.23", "2013": "$-1.22", "2012": "$1.22", "2011": "$0.78", "2010": "$1.84", "2009": "$3.44", "2008": "$4.43", "2007": "$1.96", "2006": "$2.04", "2005": "$0.38"}, "NRG Energy Quarterly EPS": {"2020-09-30": "$1.02", "2020-06-30": "$1.27", "2020-03-31": "$0.49", "2019-12-31": "$12.89", "2019-09-30": "$1.45", "2019-06-30": "$0.75", "2019-03-31": "$1.72", "2018-12-31": "$0.01", "2018-09-30": "$-0.24", "2018-06-30": "$0.23", "2018-03-31": "$0.87", "2017-12-31": "$-4.82", "2017-09-30": "$0.53", "2017-06-30": "$-1.98", "2017-03-31": "$-0.52", "2016-12-31": "$-3.12", "2016-09-30": "$1.27", "2016-06-30": "$-0.61", "2016-03-31": "$0.24", "2015-12-31": "$-19.21", "2015-09-30": "$0.18", "2015-06-30": "$-0.06", "2015-03-31": "$-0.37", "2014-12-31": "$0.23", "2014-09-30": "$0.48", "2014-06-30": "$-0.30", "2014-03-31": "$-0.18", "2013-12-31": "$-0.92", "2013-09-30": "$0.36", "2013-06-30": "$0.37", "2013-03-31": "$-1.03", "2012-12-31": "$1.07", "2012-09-30": "$-0.01", "2012-06-30": "$1.08", "2012-03-31": "$-0.92", "2011-12-31": "$-0.45", "2011-09-30": "$-0.24", "2011-06-30": "$2.53", "2011-03-31": "$-1.06", "2010-12-31": "$-0.06", "2010-09-30": "$0.87", "2010-06-30": "$0.81", "2010-03-31": "$0.22", "2009-12-31": "$0.16", "2009-09-30": "$1.02", "2009-06-30": "$1.56", "2009-03-31": "$0.70", "2008-12-31": "$1.00", "2008-09-30": "$2.81", "2008-06-30": "$0.48", "2008-03-31": "$0.14", "2007-12-31": "$0.32", "2007-09-30": "$0.93", "2007-06-30": "$0.51", "2007-03-31": "$0.20", "2006-12-31": "$0.03", "2006-09-30": "$1.32", "2006-06-30": "$0.63", "2006-03-31": "$0.07", "2005-12-31": "$0.36", "2005-09-30": "$-0.20", "2005-06-30": "$0.11", "2005-03-31": "$0.11"}}, "shares-outstanding": {"NRG Energy Annual Shares Outstanding (Millions of Shares)": {"2019": "264", "2018": "308", "2017": "317", "2016": "316", "2015": "329", "2014": "339", "2013": "323", "2012": "234", "2011": "241", "2010": "254", "2009": "271", "2008": "275", "2007": "288", "2006": "301", "2005": "171"}, "NRG Energy Quarterly Shares Outstanding (Millions of Shares)": {"2020-09-30": "245", "2020-06-30": "246", "2020-03-31": "249", "2019-12-31": "264", "2019-09-30": "256", "2019-06-30": "267", "2019-03-31": "280", "2018-12-31": "308", "2018-09-30": "299", "2018-06-30": "314", "2018-03-31": "322", "2017-12-31": "317", "2017-09-30": "322", "2017-06-30": "316", "2017-03-31": "316", "2016-12-31": "316", "2016-09-30": "317", "2016-06-30": "315", "2016-03-31": "315", "2015-12-31": "329", "2015-09-30": "332", "2015-06-30": "333", "2015-03-31": "336", "2014-12-31": "339", "2014-09-30": "343", "2014-06-30": "337", "2014-03-31": "324", "2013-12-31": "323", "2013-09-30": "327", "2013-06-30": "327", "2013-03-31": "323", "2012-12-31": "234", "2012-09-30": "228", "2012-06-30": "229", "2012-03-31": "228", "2011-12-31": "241", "2011-09-30": "240", "2011-06-30": "244", "2011-03-31": "247", "2010-12-31": "254", "2010-09-30": "253", "2010-06-30": "256", "2010-03-31": "257", "2009-12-31": "271", "2009-09-30": "272", "2009-06-30": "275", "2009-03-31": "275", "2008-12-31": "275", "2008-09-30": "277", "2008-06-30": "236", "2008-03-31": "245", "2007-12-31": "288", "2007-09-30": "285", "2007-06-30": "288", "2007-03-31": "271", "2006-12-31": "301", "2006-09-30": "317", "2006-06-30": "319", "2006-03-31": "238", "2005-12-31": "171", "2005-09-30": "168", "2005-06-30": "176", "2005-03-31": "176"}}, "total-assets": {"NRG Energy Annual Total Assets (Millions of US $)": {"2019": "$12,531", "2018": "$10,628", "2017": "$23,355", "2016": "$30,682", "2015": "$32,882", "2014": "$40,466", "2013": "$33,902", "2012": "$34,983", "2011": "$26,900", "2010": "$26,896", "2009": "$23,378", "2008": "$24,808", "2007": "$19,274", "2006": "$19,436", "2005": "$7,466"}, "NRG Energy Quarterly Total Assets (Millions of US $)": {"2020-09-30": "$12,225", "2020-06-30": "$12,337", "2020-03-31": "$12,822", "2019-12-31": "$12,531", "2019-09-30": "$9,527", "2019-06-30": "$9,171", "2019-03-31": "$9,530", "2018-12-31": "$10,628", "2018-09-30": "$11,450", "2018-06-30": "$22,947", "2018-03-31": "$23,752", "2017-12-31": "$23,355", "2017-09-30": "$25,470", "2017-06-30": "$25,205", "2017-03-31": "$29,420", "2016-12-31": "$30,682", "2016-09-30": "$31,491", "2016-06-30": "$31,422", "2016-03-31": "$32,680", "2015-12-31": "$32,882", "2015-09-30": "$39,988", "2015-06-30": "$40,365", "2015-03-31": "$40,330", "2014-12-31": "$40,466", "2014-09-30": "$40,069", "2014-06-30": "$37,629", "2014-03-31": "$34,961", "2013-12-31": "$33,902", "2013-09-30": "$34,863", "2013-06-30": "$34,492", "2013-03-31": "$35,371", "2012-12-31": "$34,983", "2012-09-30": "$27,220", "2012-06-30": "$27,856", "2012-03-31": "$28,530", "2011-12-31": "$26,900", "2011-09-30": "$24,760", "2011-06-30": "$25,336", "2011-03-31": "$25,043", "2010-12-31": "$26,896", "2010-09-30": "$27,419", "2010-06-30": "$25,103", "2010-03-31": "$24,578", "2009-12-31": "$23,378", "2009-09-30": "$25,954", "2009-06-30": "$27,305", "2009-03-31": "$24,198", "2008-12-31": "$24,808", "2008-09-30": "$23,683", "2008-06-30": "$26,789", "2008-03-31": "$20,974", "2007-12-31": "$19,274", "2007-09-30": "$19,204", "2007-06-30": "$18,936", "2007-03-31": "$18,711", "2006-12-31": "$19,436", "2006-09-30": "$19,721", "2006-06-30": "$19,442", "2006-03-31": "$19,507", "2005-12-31": "$7,466", "2005-09-30": "$7,795", "2005-06-30": "$7,282", "2005-03-31": "$7,293"}}, "cash-on-hand": {"NRG Energy Annual Cash on Hand (Millions of US $)": {"2019": "$385", "2018": "$613", "2017": "$1,086", "2016": "$1,386", "2015": "$2,038", "2014": "$2,645", "2013": "$2,585", "2012": "$2,575", "2011": "$1,655", "2010": "$3,367", "2009": "$2,483", "2008": "$2,264", "2007": "$1,161", "2006": "$818", "2005": "$542"}, "NRG Energy Quarterly Cash on Hand (Millions of US $)": {"2020-09-30": "$718", "2020-06-30": "$462", "2020-03-31": "$818", "2019-12-31": "$385", "2019-09-30": "$277", "2019-06-30": "$336", "2019-03-31": "$885", "2018-12-31": "$613", "2018-09-30": "$1,417", "2018-06-30": "$1,337", "2018-03-31": "$1,412", "2017-12-31": "$1,086", "2017-09-30": "$1,791", "2017-06-30": "$1,240", "2017-03-31": "$1,913", "2016-12-31": "$1,386", "2016-09-30": "$2,931", "2016-06-30": "$1,846", "2016-03-31": "$2,147", "2015-12-31": "$2,038", "2015-09-30": "$2,830", "2015-06-30": "$2,612", "2015-03-31": "$2,675", "2014-12-31": "$2,645", "2014-09-30": "$2,295", "2014-06-30": "$1,776", "2014-03-31": "$3,400", "2013-12-31": "$2,585", "2013-09-30": "$2,558", "2013-06-30": "$1,769", "2013-03-31": "$2,033", "2012-12-31": "$2,575", "2012-09-30": "$1,923", "2012-06-30": "$1,492", "2012-03-31": "$1,430", "2011-12-31": "$1,655", "2011-09-30": "$1,827", "2011-06-30": "$2,344", "2011-03-31": "$3,041", "2010-12-31": "$3,367", "2010-09-30": "$3,923", "2010-06-30": "$2,491", "2010-03-31": "$2,329", "2009-12-31": "$2,483", "2009-09-30": "$2,569", "2009-06-30": "$2,769", "2009-03-31": "$2,480", "2008-12-31": "$2,264", "2008-09-30": "$1,515", "2008-06-30": "$1,293", "2008-03-31": "$873", "2007-12-31": "$1,161", "2007-09-30": "$1,233", "2007-06-30": "$847", "2007-03-31": "$704", "2006-12-31": "$818", "2006-09-30": "$1,462", "2006-06-30": "$1,015", "2006-03-31": "$885", "2005-12-31": "$542", "2005-09-30": "$596", "2005-06-30": "$910", "2005-03-31": "$841"}}, "long-term-debt": {"NRG Energy Annual Long Term Debt (Millions of US $)": {"2019": "$5,803", "2018": "$6,449", "2017": "$9,180", "2016": "$15,957", "2015": "$18,983", "2014": "$19,701", "2013": "$15,767", "2012": "$15,736", "2011": "$9,745", "2010": "$10,048", "2009": "$7,847", "2008": "$7,697", "2007": "$7,895", "2006": "$8,603", "2005": "$2,410"}, "NRG Energy Quarterly Long Term Debt (Millions of US $)": {"2020-09-30": "$5,792", "2020-06-30": "$5,810", "2020-03-31": "$5,807", "2019-12-31": "$5,803", "2019-09-30": "$5,798", "2019-06-30": "$5,794", "2019-03-31": "$6,366", "2018-12-31": "$6,449", "2018-09-30": "$6,658", "2018-06-30": "$14,821", "2018-03-31": "$15,406", "2017-12-31": "$9,180", "2017-09-30": "$15,658", "2017-06-30": "$15,842", "2017-03-31": "$17,672", "2016-12-31": "$15,957", "2016-09-30": "$18,018", "2016-06-30": "$17,893", "2016-03-31": "$18,677", "2015-12-31": "$18,983", "2015-09-30": "$19,598", "2015-06-30": "$19,661", "2015-03-31": "$20,050", "2014-12-31": "$19,701", "2014-09-30": "$19,919", "2014-06-30": "$18,165", "2014-03-31": "$16,803", "2013-12-31": "$15,767", "2013-09-30": "$15,802", "2013-06-30": "$15,889", "2013-03-31": "$15,914", "2012-12-31": "$15,736", "2012-09-30": "$10,968", "2012-06-30": "$10,485", "2012-03-31": "$10,150", "2011-12-31": "$9,745", "2011-09-30": "$9,208", "2011-06-30": "$10,210", "2011-03-31": "$10,102", "2010-12-31": "$10,048", "2010-09-30": "$10,363", "2010-06-30": "$9,291", "2010-03-31": "$7,846", "2009-12-31": "$7,847", "2009-09-30": "$8,229", "2009-06-30": "$8,294", "2009-03-31": "$7,685", "2008-12-31": "$7,697", "2008-09-30": "$8,059", "2008-06-30": "$8,068", "2008-03-31": "$8,101", "2007-12-31": "$7,895", "2007-09-30": "$8,619", "2007-06-30": "$8,609", "2007-03-31": "$8,637", "2006-12-31": "$8,603", "2006-09-30": "$7,826", "2006-06-30": "$7,631", "2006-03-31": "$7,822", "2005-12-31": "$2,410", "2005-09-30": "$2,866", "2005-06-30": "$3,120", "2005-03-31": "$3,143"}}, "total-liabilities": {"NRG Energy Annual Total Liabilities (Millions of US $)": {"2019": "$10,873", "2018": "$11,862", "2017": "$21,387", "2016": "$26,236", "2015": "$27,448", "2014": "$28,790", "2013": "$23,186", "2012": "$24,465", "2011": "$18,982", "2010": "$18,576", "2009": "$15,434", "2008": "$17,438", "2007": "$13,523", "2006": "$13,531", "2005": "$4,989"}, "NRG Energy Quarterly Total Liabilities (Millions of US $)": {"2020-09-30": "$10,291", "2020-06-30": "$10,587", "2020-03-31": "$11,286", "2019-12-31": "$10,873", "2019-09-30": "$11,098", "2019-06-30": "$10,819", "2019-03-31": "$11,068", "2018-12-31": "$11,862", "2018-09-30": "$12,386", "2018-06-30": "$20,876", "2018-03-31": "$21,494", "2017-12-31": "$21,387", "2017-09-30": "$21,780", "2017-06-30": "$21,722", "2017-03-31": "$25,407", "2016-12-31": "$26,236", "2016-09-30": "$25,998", "2016-06-30": "$26,301", "2016-03-31": "$27,299", "2015-12-31": "$27,448", "2015-09-30": "$28,149", "2015-06-30": "$28,052", "2015-03-31": "$28,660", "2014-12-31": "$28,790", "2014-09-30": "$28,130", "2014-06-30": "$26,403", "2014-03-31": "$24,318", "2013-12-31": "$23,186", "2013-09-30": "$23,733", "2013-06-30": "$23,940", "2013-03-31": "$24,926", "2012-12-31": "$24,465", "2012-09-30": "$19,081", "2012-06-30": "$19,704", "2012-03-31": "$20,648", "2011-12-31": "$18,982", "2011-09-30": "$16,580", "2011-06-30": "$16,760", "2011-03-31": "$17,194", "2010-12-31": "$18,576", "2010-09-30": "$18,950", "2010-06-30": "$16,825", "2010-03-31": "$16,310", "2009-12-31": "$15,434", "2009-09-30": "$17,875", "2009-06-30": "$19,203", "2009-03-31": "$16,484", "2008-12-31": "$17,438", "2008-09-30": "$17,093", "2008-06-30": "$21,844", "2008-03-31": "$15,495", "2007-12-31": "$13,523", "2007-09-30": "$13,333", "2007-06-30": "$13,356", "2007-03-31": "$13,138", "2006-12-31": "$13,531", "2006-09-30": "$13,469", "2006-06-30": "$13,339", "2006-03-31": "$13,691", "2005-12-31": "$4,989", "2005-09-30": "$5,530", "2005-06-30": "$4,681", "2005-03-31": "$4,683"}}, "total-share-holder-equity": {"NRG Energy Annual Share Holder Equity (Millions of US $)": {"2019": "$1,658", "2018": "$-1,234", "2017": "$1,968", "2016": "$4,446", "2015": "$5,434", "2014": "$11,676", "2013": "$10,716", "2012": "$10,518", "2011": "$7,918", "2010": "$8,320", "2009": "$7,944", "2008": "$7,370", "2007": "$5,751", "2006": "$5,905", "2005": "$2,477"}, "NRG Energy Quarterly Share Holder Equity (Millions of US $)": {"2020-09-30": "$1,934", "2020-06-30": "$1,750", "2020-03-31": "$1,536", "2019-12-31": "$1,658", "2019-09-30": "$-1,571", "2019-06-30": "$-1,648", "2019-03-31": "$-1,538", "2018-12-31": "$-1,234", "2018-09-30": "$-936", "2018-06-30": "$2,071", "2018-03-31": "$2,258", "2017-12-31": "$1,968", "2017-09-30": "$3,690", "2017-06-30": "$3,483", "2017-03-31": "$4,013", "2016-12-31": "$4,446", "2016-09-30": "$5,493", "2016-06-30": "$5,121", "2016-03-31": "$5,381", "2015-12-31": "$5,434", "2015-09-30": "$11,839", "2015-06-30": "$12,313", "2015-03-31": "$11,670", "2014-12-31": "$11,676", "2014-09-30": "$11,939", "2014-06-30": "$11,226", "2014-03-31": "$10,643", "2013-12-31": "$10,716", "2013-09-30": "$11,130", "2013-06-30": "$10,552", "2013-03-31": "$10,445", "2012-12-31": "$10,518", "2012-09-30": "$8,139", "2012-06-30": "$8,152", "2012-03-31": "$7,882", "2011-12-31": "$7,918", "2011-09-30": "$8,180", "2011-06-30": "$8,576", "2011-03-31": "$7,849", "2010-12-31": "$8,320", "2010-09-30": "$8,469", "2010-06-30": "$8,278", "2010-03-31": "$8,268", "2009-12-31": "$7,944", "2009-09-30": "$8,079", "2009-06-30": "$8,102", "2009-03-31": "$7,714", "2008-12-31": "$7,370", "2008-09-30": "$6,590", "2008-06-30": "$4,945", "2008-03-31": "$5,479", "2007-12-31": "$5,751", "2007-09-30": "$5,871", "2007-06-30": "$5,580", "2007-03-31": "$5,573", "2006-12-31": "$5,905", "2006-09-30": "$6,252", "2006-06-30": "$6,103", "2006-03-31": "$5,816", "2005-12-31": "$2,477", "2005-09-30": "$2,265", "2005-06-30": "$2,601", "2005-03-31": "$2,610"}}, "profit-margins": {"current": "43.9%"}, "gross margin": {"2020-09-30": "28.96%", "2020-06-30": "29.11%", "2020-03-31": "26.52%", "2019-12-31": "25.64%", "2019-09-30": "24.67%", "2019-06-30": "23.50%", "2019-03-31": "23.01%", "2018-12-31": "25.01%", "2018-09-30": "24.20%", "2018-06-30": "24.19%", "2018-03-31": "26.81%", "2017-12-31": "24.11%", "2017-09-30": "18.70%", "2017-06-30": "20.88%", "2017-03-31": "21.37%", "2016-12-31": "25.11%", "2016-09-30": "31.65%", "2016-06-30": "32.51%", "2016-03-31": "30.67%", "2015-12-31": "27.00%", "2015-09-30": "27.43%", "2015-06-30": "26.57%", "2015-03-31": "25.15%", "2014-12-31": "25.59%", "2014-09-30": "25.40%", "2014-06-30": "26.14%", "2014-03-31": "28.24%", "2013-12-31": "28.02%", "2013-09-30": "27.51%", "2013-06-30": "25.31%", "2013-03-31": "26.98%", "2012-12-31": "27.10%", "2012-09-30": "24.39%", "2012-06-30": "23.78%", "2012-03-31": "21.71%", "2011-12-31": "25.71%", "2011-09-30": "28.62%", "2011-06-30": "31.19%", "2011-03-31": "33.27%", "2010-12-31": "31.37%", "2010-09-30": "32.15%", "2010-06-30": "33.20%", "2010-03-31": "34.84%", "2009-12-31": "40.54%", "2009-09-30": "44.64%", "2009-06-30": "53.55%", "2009-03-31": "50.84%", "2008-12-31": "47.74%", "2008-09-30": "45.10%", "2008-06-30": "38.12%", "2008-03-31": "43.24%", "2007-12-31": "43.60%", "2007-09-30": "41.49%", "2007-06-30": "42.21%", "2007-03-31": "42.01%", "2006-12-31": "41.54%", "2006-09-30": "43.46%", "2006-06-30": "35.15%", "2006-03-31": "28.46%", "2005-12-31": "23.79%"}, "operating margin": {"2020-09-30": "14.36%", "2020-06-30": "15.63%", "2020-03-31": "13.57%", "2019-12-31": "13.14%", "2019-09-30": "11.75%", "2019-06-30": "10.31%", "2019-03-31": "8.79%", "2018-12-31": "10.36%", "2018-09-30": "-5.49%", "2018-06-30": "-6.82%", "2018-03-31": "-4.75%", "2017-12-31": "-8.17%", "2017-09-30": "-4.62%", "2017-06-30": "-2.71%", "2017-03-31": "-5.04%", "2016-12-31": "0.37%", "2016-09-30": "-38.39%", "2016-06-30": "-35.17%", "2016-03-31": "-31.13%", "2015-12-31": "-32.86%", "2015-09-30": "7.19%", "2015-06-30": "8.19%", "2015-03-31": "7.20%", "2014-12-31": "8.01%", "2014-09-30": "4.24%", "2014-06-30": "4.41%", "2014-03-31": "6.21%", "2013-12-31": "3.04%", "2013-09-30": "5.54%", "2013-06-30": "1.53%", "2013-03-31": "2.94%", "2012-12-31": "4.16%", "2012-09-30": "3.79%", "2012-06-30": "3.16%", "2012-03-31": "1.69%", "2011-12-31": "6.99%", "2011-09-30": "8.88%", "2011-06-30": "13.55%", "2011-03-31": "15.81%", "2010-12-31": "14.78%", "2010-09-30": "16.02%", "2010-06-30": "17.30%", "2010-03-31": "18.95%", "2009-12-31": "24.12%", "2009-09-30": "28.82%", "2009-06-30": "39.21%", "2009-03-31": "36.43%", "2008-12-31": "33.01%", "2008-09-30": "30.22%", "2008-06-30": "20.32%", "2008-03-31": "25.75%", "2007-12-31": "26.05%", "2007-09-30": "23.14%", "2007-06-30": "25.41%", "2007-03-31": "25.27%", "2006-12-31": "25.39%", "2006-09-30": "29.21%", "2006-06-30": "19.79%", "2006-03-31": "13.70%", "2005-12-31": "9.38%"}, "ebitda margin": {"2020-09-30": "21.59%", "2020-06-30": "22.31%", "2020-03-31": "19.66%", "2019-12-31": "18.84%", "2019-09-30": "17.32%", "2019-06-30": "15.84%", "2019-03-31": "14.67%", "2018-12-31": "16.75%", "2018-09-30": "1.67%", "2018-06-30": "-1.00%", "2018-03-31": "2.69%", "2017-12-31": "0.75%", "2017-09-30": "2.00%", "2017-06-30": "7.71%", "2017-03-31": "6.02%", "2016-12-31": "10.82%", "2016-09-30": "-23.86%", "2016-06-30": "-21.45%", "2016-03-31": "-17.83%", "2015-12-31": "-19.61%", "2015-09-30": "18.47%", "2015-06-30": "19.28%", "2015-03-31": "18.06%", "2014-12-31": "18.65%", "2014-09-30": "14.44%", "2014-06-30": "14.31%", "2014-03-31": "16.80%", "2013-12-31": "14.82%", "2013-09-30": "18.55%", "2013-06-30": "16.37%", "2013-03-31": "17.64%", "2012-12-31": "18.49%", "2012-09-30": "17.94%", "2012-06-30": "16.62%", "2012-03-31": "14.83%", "2011-12-31": "19.79%", "2011-09-30": "21.90%", "2011-06-30": "25.72%", "2011-03-31": "27.35%", "2010-12-31": "25.45%", "2010-09-30": "26.67%", "2010-06-30": "28.70%", "2010-03-31": "30.90%", "2009-12-31": "36.15%", "2009-09-30": "39.51%", "2009-06-30": "47.70%", "2009-03-31": "43.53%", "2008-12-31": "40.00%", "2008-09-30": "36.62%", "2008-06-30": "28.64%", "2008-03-31": "34.91%", "2007-12-31": "35.77%", "2007-09-30": "33.08%", "2007-06-30": "32.70%", "2007-03-31": "29.10%", "2006-12-31": "29.99%", "2006-09-30": "34.11%", "2006-06-30": "27.47%", "2006-03-31": "26.95%", "2005-12-31": "19.29%"}, "pre tax profit margin": {"2020-09-30": "11.00%", "2020-06-30": "11.20%", "2020-03-31": "8.60%", "2019-12-31": "8.00%", "2019-09-30": "5.84%", "2019-06-30": "4.98%", "2019-03-31": "3.35%", "2018-12-31": "4.93%", "2018-09-30": "-10.69%", "2018-06-30": "-12.25%", "2018-03-31": "-11.10%", "2017-12-31": "-15.31%", "2017-09-30": "-11.49%", "2017-06-30": "-10.93%", "2017-03-31": "-14.53%", "2016-12-31": "-10.44%", "2016-09-30": "-49.97%", "2016-06-30": "-45.58%", "2016-03-31": "-40.15%", "2015-12-31": "-40.44%", "2015-09-30": "0.30%", "2015-06-30": "1.28%", "2015-03-31": "0.15%", "2014-12-31": "0.85%", "2014-09-30": "-3.80%", "2014-06-30": "-3.91%", "2014-03-31": "-1.96%", "2013-12-31": "-5.61%", "2013-09-30": "0.53%", "2013-06-30": "-3.69%", "2013-03-31": "-1.96%", "2012-12-31": "-0.14%", "2012-09-30": "-3.79%", "2012-06-30": "-3.98%", "2012-03-31": "-6.79%", "2011-12-31": "-7.12%", "2011-09-30": "-5.91%", "2011-06-30": "-0.81%", "2011-03-31": "3.07%", "2010-12-31": "8.51%", "2010-09-30": "9.91%", "2010-06-30": "11.07%", "2010-03-31": "13.63%", "2009-12-31": "18.64%", "2009-09-30": "23.66%", "2009-06-30": "34.78%", "2009-03-31": "29.87%", "2008-12-31": "25.65%", "2008-09-30": "21.91%", "2008-06-30": "10.03%", "2008-03-31": "15.29%", "2007-12-31": "15.58%", "2007-09-30": "12.66%", "2007-06-30": "15.68%", "2007-03-31": "16.56%", "2006-12-31": "15.49%", "2006-09-30": "19.50%", "2006-06-30": "9.28%", "2006-03-31": "3.41%", "2005-12-31": "4.58%"}, "net profit margin": {"2020-09-30": "43.90%", "2020-06-30": "44.34%", "2020-03-31": "42.14%", "2019-12-31": "45.19%", "2019-09-30": "10.85%", "2019-06-30": "6.26%", "2019-03-31": "4.92%", "2018-12-31": "2.83%", "2018-09-30": "-14.38%", "2018-06-30": "-11.89%", "2018-03-31": "-19.54%", "2017-12-31": "-23.73%", "2017-09-30": "-20.47%", "2017-06-30": "-16.12%", "2017-03-31": "-11.66%", "2016-12-31": "-7.86%", "2016-09-30": "-63.09%", "2016-06-30": "-60.27%", "2016-03-31": "-52.86%", "2015-12-31": "-51.93%", "2015-09-30": "-0.08%", "2015-06-30": "0.58%", "2015-03-31": "0.07%", "2014-12-31": "0.49%", "2014-09-30": "-2.01%", "2014-06-30": "-2.54%", "2014-03-31": "-0.94%", "2013-12-31": "-3.50%", "2013-09-30": "1.46%", "2013-06-30": "0.36%", "2013-03-31": "1.86%", "2012-12-31": "3.40%", "2012-09-30": "-0.88%", "2012-06-30": "-1.46%", "2012-03-31": "2.69%", "2011-12-31": "2.07%", "2011-09-30": "3.22%", "2011-06-30": "6.38%", "2011-03-31": "1.74%", "2010-12-31": "5.29%", "2010-09-30": "5.52%", "2010-06-30": "5.99%", "2010-03-31": "8.21%", "2009-12-31": "10.15%", "2009-09-30": "13.52%", "2009-06-30": "20.00%", "2009-03-31": "18.22%", "2008-12-31": "16.99%", "2008-09-30": "14.97%", "2008-06-30": "8.32%", "2008-03-31": "8.38%", "2007-12-31": "8.65%", "2007-09-30": "6.98%", "2007-06-30": "9.38%", "2007-03-31": "10.37%", "2006-12-31": "10.22%", "2006-09-30": "13.19%", "2006-06-30": "6.04%", "2006-03-31": "2.14%", "2005-12-31": "2.67%"}, "pe ratio": {"current": "12.63", "2021-02-11": "2.74", "2020-09-30": "1.93", "2020-06-30": "1.97", "2020-03-31": "1.69", "2019-12-31": "2.27", "2019-09-30": "9.77", "2019-06-30": "15.34", "2019-03-31": "24.31", "2018-12-31": "46.11", "2018-09-30": "0.00", "2018-06-30": "0.00", "2018-03-31": "0.00", "2017-12-31": "0.00", "2017-09-30": "0.00", "2017-06-30": "0.00", "2017-03-31": "0.00", "2016-12-31": "0.00", "2016-09-30": "0.00", "2016-06-30": "0.00", "2016-03-31": "0.00", "2015-12-31": "0.00", "2015-09-30": "0.00", "2015-06-30": "80.02", "2015-03-31": "1138.88", "2014-12-31": "115.36", "2014-09-30": "0.00", "2014-06-30": "0.00", "2014-03-31": "0.00", "2013-12-31": "0.00", "2013-09-30": "13.35", "2013-06-30": "16.46", "2013-03-31": "10.94", "2012-12-31": "9.03", "2012-09-30": "0.00", "2012-06-30": "0.00", "2012-03-31": "15.16", "2011-12-31": "20.80", "2011-09-30": "15.74", "2011-06-30": "9.32", "2011-03-31": "33.72", "2010-12-31": "9.19", "2010-09-30": "8.92", "2010-06-30": "8.45", "2010-03-31": "6.18", "2009-12-31": "6.00", "2009-09-30": "5.70", "2009-06-30": "3.68", "2009-03-31": "3.03", "2008-12-31": "4.50", "2008-09-30": "5.56", "2008-06-30": "19.14", "2008-03-31": "17.21", "2007-12-31": "18.70", "2007-09-30": "24.68", "2007-06-30": "19.14", "2007-03-31": "15.58", "2006-12-31": "13.03"}, "price sales": {"2021-02-11": "1.16", "2020-09-30": "0.82", "2020-06-30": "0.85", "2020-03-31": "0.70", "2019-12-31": "1.03", "2019-09-30": "1.08", "2019-06-30": "1.01", "2019-03-31": "1.27", "2018-12-31": "1.23", "2018-09-30": "1.27", "2018-06-30": "1.10", "2018-03-31": "1.06", "2017-12-31": "0.95", "2017-09-30": "0.99", "2017-06-30": "0.61", "2017-03-31": "0.69", "2016-12-31": "0.41", "2016-09-30": "0.35", "2016-06-30": "0.43", "2016-03-31": "0.34", "2015-12-31": "0.29", "2015-09-30": "0.29", "2015-06-30": "0.44", "2015-03-31": "0.48", "2014-12-31": "0.51", "2014-09-30": "0.63", "2014-06-30": "0.81", "2014-03-31": "0.72", "2013-12-31": "0.73", "2013-09-30": "0.69", "2013-06-30": "0.68", "2013-03-31": "0.66", "2012-12-31": "0.54", "2012-09-30": "0.50", "2012-06-30": "0.40", "2012-03-31": "0.36", "2011-12-31": "0.42", "2011-09-30": "0.51", "2011-06-30": "0.60", "2011-03-31": "0.54", "2010-12-31": "0.48", "2010-09-30": "0.51", "2010-06-30": "0.51", "2010-03-31": "0.51", "2009-12-31": "0.62", "2009-09-30": "0.79", "2009-06-30": "0.75", "2009-03-31": "0.56", "2008-12-31": "0.76", "2008-09-30": "0.85", "2008-06-30": "1.69", "2008-03-31": "1.55", "2007-12-31": "1.76", "2007-09-30": "1.82", "2007-06-30": "1.80", "2007-03-31": "1.61", "2006-12-31": "1.28"}, "price book": {"current": "5.39", "2021-02-11": "5.41", "2020-09-30": "3.81", "2020-06-30": "4.43", "2020-03-31": "4.21", "2019-12-31": "5.72", "2019-09-30": "-6.08", "2019-06-30": "-5.27", "2019-03-31": "-7.06", "2018-12-31": "-8.69", "2018-09-30": "-11.05", "2018-06-30": "4.29", "2018-03-31": "4.05", "2017-12-31": "4.36", "2017-09-30": "2.09", "2017-06-30": "1.48", "2017-03-31": "1.40", "2016-12-31": "0.82", "2016-09-30": "0.61", "2016-06-30": "0.87", "2016-03-31": "0.71", "2015-12-31": "0.63", "2015-09-30": "0.37", "2015-06-30": "0.56", "2015-03-31": "0.65", "2014-12-31": "0.70", "2014-09-30": "0.77", "2014-06-30": "1.00", "2014-03-31": "0.86", "2013-12-31": "0.77", "2013-09-30": "0.70", "2013-06-30": "0.71", "2013-03-31": "0.71", "2012-12-31": "0.61", "2012-09-30": "0.52", "2012-06-30": "0.42", "2012-03-31": "0.39", "2011-12-31": "0.45", "2011-09-30": "0.53", "2011-06-30": "0.60", "2011-03-31": "0.58", "2010-12-31": "0.50", "2010-09-30": "0.53", "2010-06-30": "0.56", "2010-03-31": "0.56", "2009-12-31": "0.65", "2009-09-30": "0.77", "2009-06-30": "0.73", "2009-03-31": "0.52", "2008-12-31": "0.64", "2008-09-30": "0.75", "2008-06-30": "1.77", "2008-03-31": "1.44", "2007-12-31": "1.54", "2007-09-30": "1.48", "2007-06-30": "1.54", "2007-03-31": "1.35", "2006-12-31": "1.00", "2006-09-30": "0.86", "2006-06-30": "0.93", "2006-03-31": "0.94"}, "price fcf": {"2021-02-11": "", "2020-09-30": "$6.59", "2020-06-30": "$5.77", "2020-03-31": "$5.83", "2019-12-31": "$9.39", "2019-09-30": "$8.51", "2019-06-30": "$13.11", "2019-03-31": "$11.71", "2018-12-31": "$8.29", "2018-09-30": "$10.55", "2018-06-30": "$8.21", "2018-03-31": "$7.32", "2017-12-31": "$5.63", "2017-09-30": "$4.11", "2017-06-30": "$2.46", "2017-03-31": "$2.91", "2016-12-31": "$5.08", "2016-09-30": "$3.21", "2016-06-30": "$2.68", "2016-03-31": "$2.28", "2015-12-31": "$1.05", "2015-09-30": "$2.16", "2015-06-30": "$2.18", "2015-03-31": "$1.68", "2014-12-31": "$2.37", "2014-09-30": "$1.82", "2014-06-30": "$1.80", "2014-03-31": "$1.43", "2013-12-31": "$-2.18", "2013-09-30": "$-5.69", "2013-06-30": "$-8.77", "2013-03-31": "$-8.78", "2012-12-31": "$-9.02", "2012-09-30": "$-7.52", "2012-06-30": "$-6.95", "2012-03-31": "$-7.84", "2011-12-31": "$-4.72", "2011-09-30": "$-1.72", "2011-06-30": "$0.42", "2011-03-31": "$3.93", "2010-12-31": "$3.78", "2010-09-30": "$5.11", "2010-06-30": "$4.99", "2010-03-31": "$5.25", "2009-12-31": "$5.08", "2009-09-30": "$3.20", "2009-06-30": "$3.27", "2009-03-31": "$2.21", "2008-12-31": "$2.16", "2008-09-30": "$2.69", "2008-06-30": "$2.79", "2008-03-31": "$3.12", "2007-12-31": "$3.60", "2007-09-30": "$-0.02", "2007-06-30": "$-0.29", "2007-03-31": "$-0.57", "2006-12-31": "$0.62"}, "net worth": {"value": "$10.43B"}, "current ratio": {"current": "1.55", "2020-09-30": "1.55", "2020-06-30": "1.43", "2020-03-31": "1.22", "2019-12-31": "1.31", "2019-09-30": "1.24", "2019-06-30": "1.33", "2019-03-31": "1.78", "2018-12-31": "1.50", "2018-09-30": "1.57", "2018-06-30": "1.30", "2018-03-31": "1.23", "2017-12-31": "1.32", "2017-09-30": "1.29", "2017-06-30": "1.27", "2017-03-31": "1.30", "2016-12-31": "1.43", "2016-09-30": "1.63", "2016-06-30": "1.41", "2016-03-31": "1.69", "2015-12-31": "1.69", "2015-09-30": "1.86", "2015-06-30": "1.79", "2015-03-31": "1.80", "2014-12-31": "1.73", "2014-09-30": "1.73", "2014-06-30": "1.63", "2014-03-31": "1.98", "2013-12-31": "1.81", "2013-09-30": "1.65", "2013-06-30": "1.57", "2013-03-31": "1.56", "2012-12-31": "1.71", "2012-09-30": "1.34", "2012-06-30": "1.27", "2012-03-31": "1.23", "2011-12-31": "1.32", "2011-09-30": "1.59", "2011-06-30": "1.95", "2011-03-31": "2.13", "2010-12-31": "1.69", "2010-09-30": "1.90", "2010-06-30": "1.80", "2010-03-31": "1.63", "2009-12-31": "1.65", "2009-09-30": "1.58", "2009-06-30": "1.41", "2009-03-31": "1.37", "2008-12-31": "1.29", "2008-09-30": "1.40", "2008-06-30": "1.30", "2008-03-31": "1.44", "2007-12-31": "1.56", "2007-09-30": "2.08", "2007-06-30": "1.82", "2007-03-31": "1.70", "2006-12-31": "1.52", "2006-09-30": "2.05", "2006-06-30": "1.79", "2006-03-31": "1.81", "2005-12-31": "1.62", "2005-09-30": "1.30", "2005-06-30": "2.38", "2005-03-31": "2.25"}, "quick ratio": {"2020-09-30": "1.39", "2020-06-30": "1.25", "2020-03-31": "1.09", "2019-12-31": "1.15", "2019-09-30": "1.10", "2019-06-30": "1.17", "2019-03-31": "1.58", "2018-12-31": "1.33", "2018-09-30": "1.42", "2018-06-30": "1.17", "2018-03-31": "1.09", "2017-12-31": "1.19", "2017-09-30": "1.12", "2017-06-30": "1.07", "2017-03-31": "1.03", "2016-12-31": "1.28", "2016-09-30": "1.39", "2016-06-30": "1.16", "2016-03-31": "1.43", "2015-12-31": "1.40", "2015-09-30": "1.60", "2015-06-30": "1.53", "2015-03-31": "1.56", "2014-12-31": "1.47", "2014-09-30": "1.50", "2014-06-30": "1.43", "2014-03-31": "1.80", "2013-12-31": "1.59", "2013-09-30": "1.46", "2013-06-30": "1.38", "2013-03-31": "1.38", "2012-12-31": "1.51", "2012-09-30": "1.25", "2012-06-30": "1.20", "2012-03-31": "1.17", "2011-12-31": "1.27", "2011-09-30": "1.51", "2011-06-30": "1.82", "2011-03-31": "1.99", "2010-12-31": "1.58", "2010-09-30": "1.79", "2010-06-30": "1.65", "2010-03-31": "1.51", "2009-12-31": "1.51", "2009-09-30": "1.47", "2009-06-30": "1.33", "2009-03-31": "1.29", "2008-12-31": "1.22", "2008-09-30": "1.32", "2008-06-30": "1.24", "2008-03-31": "1.31", "2007-12-31": "1.37", "2007-09-30": "1.82", "2007-06-30": "1.56", "2007-03-31": "1.45", "2006-12-31": "1.31", "2006-09-30": "1.82", "2006-06-30": "1.54", "2006-03-31": "1.50", "2005-12-31": "1.44", "2005-09-30": "1.19", "2005-06-30": "2.09", "2005-03-31": "1.97"}, "debt equity ratio": {"current": "2.99", "2020-09-30": "5.32", "2020-06-30": "6.05", "2020-03-31": "7.35", "2019-12-31": "6.56", "2019-09-30": "-7.06", "2019-06-30": "-6.57", "2019-03-31": "-7.20", "2018-12-31": "-9.61", "2018-09-30": "-13.23", "2018-06-30": "10.08", "2018-03-31": "9.52", "2017-12-31": "10.87", "2017-09-30": "5.90", "2017-06-30": "6.24", "2017-03-31": "6.33", "2016-12-31": "5.90", "2016-09-30": "4.73", "2016-06-30": "5.14", "2016-03-31": "5.07", "2015-12-31": "5.05", "2015-09-30": "2.38", "2015-06-30": "2.28", "2015-03-31": "2.46", "2014-12-31": "2.47", "2014-09-30": "2.36", "2014-06-30": "2.35", "2014-03-31": "2.29", "2013-12-31": "2.16", "2013-09-30": "2.13", "2013-06-30": "2.27", "2013-03-31": "2.39", "2012-12-31": "2.33", "2012-09-30": "2.34", "2012-06-30": "2.42", "2012-03-31": "2.62", "2011-12-31": "2.40", "2011-09-30": "2.03", "2011-06-30": "1.95", "2011-03-31": "2.19", "2010-12-31": "2.23", "2010-09-30": "2.24", "2010-06-30": "2.03", "2010-03-31": "1.97", "2009-12-31": "1.94", "2009-09-30": "2.21", "2009-06-30": "2.37", "2009-03-31": "2.14", "2008-12-31": "2.37", "2008-09-30": "2.59", "2008-06-30": "4.42", "2008-03-31": "2.83", "2007-12-31": "2.35", "2007-09-30": "2.27", "2007-06-30": "2.39", "2007-03-31": "2.36", "2006-12-31": "2.29", "2006-09-30": "2.15", "2006-06-30": "2.19", "2006-03-31": "2.35", "2005-12-31": "2.01", "2005-09-30": "2.44", "2005-06-30": "1.80", "2005-03-31": "1.79"}, "return on equity": {"2020-09-30": "236.46%", "2020-06-30": "496.77%", "2020-03-31": "-65232.00%", "2019-12-31": "-572.83%", "2019-09-30": "-69.70%", "2019-06-30": "-44.81%", "2019-03-31": "-115.09%", "2018-12-31": "49.65%", "2018-09-30": "-93.71%", "2018-06-30": "-40.57%", "2018-03-31": "-60.04%", "2017-12-31": "-65.47%", "2017-09-30": "-41.07%", "2017-06-30": "-31.52%", "2017-03-31": "-19.73%", "2016-12-31": "-13.72%", "2016-09-30": "-112.61%", "2016-06-30": "-91.79%", "2016-03-31": "-70.92%", "2015-12-31": "-62.07%", "2015-09-30": "-0.11%", "2015-06-30": "0.77%", "2015-03-31": "0.09%", "2014-12-31": "0.69%", "2014-09-30": "-2.61%", "2014-06-30": "-3.11%", "2014-03-31": "-1.11%", "2013-12-31": "-3.69%", "2013-09-30": "1.44%", "2013-06-30": "0.34%", "2013-03-31": "1.73%", "2012-12-31": "3.30%", "2012-09-30": "-0.93%", "2012-06-30": "-1.61%", "2012-03-31": "2.96%", "2011-12-31": "2.31%", "2011-09-30": "3.43%", "2011-06-30": "6.74%", "2011-03-31": "1.82%", "2010-12-31": "5.62%", "2010-09-30": "6.14%", "2010-06-30": "6.91%", "2010-03-31": "9.64%", "2009-12-31": "11.42%", "2009-09-30": "14.65%", "2009-06-30": "21.92%", "2009-03-31": "19.82%", "2008-12-31": "19.19%", "2008-09-30": "17.40%", "2008-06-30": "8.71%", "2008-03-31": "8.85%", "2007-12-31": "9.10%", "2007-09-30": "6.94%", "2007-06-30": "9.46%", "2007-03-31": "10.17%", "2006-12-31": "9.49%", "2006-09-30": "12.98%", "2006-06-30": "5.55%", "2006-03-31": "1.85%", "2005-12-31": "2.57%"}, "return on assets": {"2020-09-30": "32.58%", "2020-06-30": "35.49%", "2020-03-31": "37.02%", "2019-12-31": "43.55%", "2019-09-30": "10.75%", "2019-06-30": "5.89%", "2019-03-31": "3.45%", "2018-12-31": "1.56%", "2018-09-30": "-6.16%", "2018-06-30": "-4.24%", "2018-03-31": "-7.00%", "2017-12-31": "-8.32%", "2017-09-30": "-5.80%", "2017-06-30": "-4.71%", "2017-03-31": "-3.06%", "2016-12-31": "-2.22%", "2016-09-30": "-18.78%", "2016-06-30": "-18.61%", "2016-03-31": "-17.00%", "2015-12-31": "-16.68%", "2015-09-30": "-0.03%", "2015-06-30": "0.23%", "2015-03-31": "0.03%", "2014-12-31": "0.20%", "2014-09-30": "-0.79%", "2014-06-30": "-0.96%", "2014-03-31": "-0.34%", "2013-12-31": "-1.14%", "2013-09-30": "0.44%", "2013-06-30": "0.10%", "2013-03-31": "0.51%", "2012-12-31": "0.96%", "2012-09-30": "-0.27%", "2012-06-30": "-0.48%", "2012-03-31": "0.91%", "2011-12-31": "0.74%", "2011-09-30": "1.11%", "2011-06-30": "2.14%", "2011-03-31": "0.57%", "2010-12-31": "1.80%", "2010-09-30": "2.01%", "2010-06-30": "2.27%", "2010-03-31": "3.09%", "2009-12-31": "3.61%", "2009-09-30": "4.48%", "2009-06-30": "6.53%", "2009-03-31": "5.30%", "2008-12-31": "4.86%", "2008-09-30": "4.37%", "2008-06-30": "2.23%", "2008-03-31": "2.56%", "2007-12-31": "2.72%", "2007-09-30": "2.09%", "2007-06-30": "2.87%", "2007-03-31": "3.14%", "2006-12-31": "2.92%", "2006-09-30": "4.05%", "2006-06-30": "1.70%", "2006-03-31": "0.58%", "2005-12-31": "0.86%"}, "return on investments": {"2020-09-30": "17.68%", "2020-06-30": "22.22%", "2020-03-31": "22.66%", "2019-12-31": "24.97%", "2019-09-30": "24.54%", "2019-06-30": "19.85%", "2019-03-31": "10.31%", "2018-12-31": "8.63%", "2018-09-30": "-3.73%", "2018-06-30": "-3.57%", "2018-03-31": "-2.47%", "2017-12-31": "-4.15%", "2017-09-30": "-1.79%", "2017-06-30": "-1.09%", "2017-03-31": "-1.84%", "2016-12-31": "0.15%", "2016-09-30": "-15.46%", "2016-06-30": "-14.46%", "2016-03-31": "-13.05%", "2015-12-31": "-13.55%", "2015-09-30": "3.60%", "2015-06-30": "4.13%", "2015-03-31": "3.75%", "2014-12-31": "4.23%", "2014-09-30": "2.13%", "2014-06-30": "2.14%", "2014-03-31": "2.94%", "2013-12-31": "1.29%", "2013-09-30": "2.21%", "2013-06-30": "0.59%", "2013-03-31": "1.12%", "2012-12-31": "1.71%", "2012-09-30": "1.75%", "2012-06-30": "1.56%", "2012-03-31": "0.84%", "2011-12-31": "3.54%", "2011-09-30": "4.29%", "2011-06-30": "6.43%", "2011-03-31": "7.50%", "2010-12-31": "7.38%", "2010-09-30": "8.61%", "2010-06-30": "9.89%", "2010-03-31": "11.16%", "2009-12-31": "13.52%", "2009-09-30": "15.45%", "2009-06-30": "20.81%", "2009-03-31": "18.15%", "2008-12-31": "16.15%", "2008-09-30": "14.56%", "2008-06-30": "8.57%", "2008-03-31": "11.04%", "2007-12-31": "11.04%", "2007-09-30": "9.20%", "2007-06-30": "10.48%", "2007-03-31": "10.44%", "2006-12-31": "10.14%", "2006-09-30": "12.81%", "2006-06-30": "8.10%", "2006-03-31": "5.31%", "2005-12-31": "4.19%"}, "return on tangible equity": {"2020-09-30": "1049.29%", "2020-06-30": "-807.91%", "2020-03-31": "-308.05%", "2019-12-31": "-217.20%", "2019-09-30": "-38.45%", "2019-06-30": "-24.13%", "2019-03-31": "-25.14%", "2018-12-31": "-22.29%", "2018-09-30": "337.18%", "2018-06-30": "-228.02%", "2018-03-31": "-225.65%", "2017-12-31": "-194.23%", "2017-09-30": "-120.61%", "2017-06-30": "-84.28%", "2017-03-31": "-49.95%", "2016-12-31": "-33.92%", "2016-09-30": "-281.23%", "2016-06-30": "-193.77%", "2016-03-31": "-133.72%", "2015-12-31": "-110.96%", "2015-09-30": "-0.19%", "2015-06-30": "1.36%", "2015-03-31": "0.16%", "2014-12-31": "1.11%", "2014-09-30": "-3.99%", "2014-06-30": "-4.44%", "2014-03-31": "-1.57%", "2013-12-31": "-5.19%", "2013-09-30": "2.04%", "2013-06-30": "0.50%", "2013-03-31": "2.60%", "2012-12-31": "5.18%", "2012-09-30": "-1.55%", "2012-06-30": "-2.71%", "2012-03-31": "5.03%", "2011-12-31": "4.00%", "2011-09-30": "5.98%", "2011-06-30": "11.60%", "2011-03-31": "3.14%", "2010-12-31": "9.50%", "2010-09-30": "10.40%", "2010-06-30": "12.06%", "2010-03-31": "17.35%", "2009-12-31": "19.84%", "2009-09-30": "24.48%", "2009-06-30": "35.73%", "2009-03-31": "32.33%", "2008-12-31": "33.49%", "2008-09-30": "32.38%", "2008-06-30": "16.92%", "2008-03-31": "17.04%", "2007-12-31": "17.76%", "2007-09-30": "13.69%", "2007-06-30": "18.09%", "2007-03-31": "18.91%", "2006-12-31": "19.44%", "2006-09-30": "24.56%", "2006-06-30": "9.98%", "2006-03-31": "2.98%", "2005-12-31": "2.89%"}, "dividend yield history": {"last payout": "$1.30", "last yield": "3.05%"}}