{"ticker": "NSC", "price": {"title": "Norfolk Southern Historical Annual Stock Price Data", "value": 248.91, "historical": {"2021": {"Average Stock Price": "245.8789", "Year Open": "233.4400", "Year High": "256.4400", "Year Low": "233.4400", "Year Close": "248.9100", "Annual % Change": "4.76%"}, "2020": {"Average Stock Price": "195.7843", "Year Open": "196.8000", "Year High": "246.7700", "Year Low": "118.8800", "Year Close": "237.6100", "Annual % Change": "22.40%"}, "2019": {"Average Stock Price": "185.8100", "Year Open": "149.5400", "Year High": "206.7000", "Year Low": "144.0200", "Year Close": "194.1300", "Annual % Change": "29.82%"}, "2018": {"Average Stock Price": "156.3743", "Year Open": "146.9600", "Year High": "186.7100", "Year Low": "128.9200", "Year Close": "149.5400", "Annual % Change": "3.20%"}, "2017": {"Average Stock Price": "122.5997", "Year Open": "106.9900", "Year High": "145.9100", "Year Low": "106.9900", "Year Close": "144.9000", "Annual % Change": "34.08%"}, "2016": {"Average Stock Price": "88.2447", "Year Open": "81.8100", "Year High": "110.6900", "Year Low": "66.6000", "Year Close": "108.0700", "Annual % Change": "27.76%"}, "2015": {"Average Stock Price": "92.6239", "Year Open": "109.1500", "Year High": "111.7300", "Year Low": "72.4400", "Year Close": "84.5900", "Annual % Change": "-22.83%"}, "2014": {"Average Stock Price": "101.7569", "Year Open": "91.3100", "Year High": "117.2000", "Year Low": "87.7600", "Year Close": "109.6100", "Annual % Change": "18.08%"}, "2013": {"Average Stock Price": "77.0579", "Year Open": "63.2900", "Year High": "92.8700", "Year Low": "63.2900", "Year Close": "92.8300", "Annual % Change": "50.11%"}, "2012": {"Average Stock Price": "68.4904", "Year Open": "73.7900", "Year High": "78.2400", "Year Low": "56.3400", "Year Close": "61.8400", "Annual % Change": "-15.12%"}, "2011": {"Average Stock Price": "69.0577", "Year Open": "63.7300", "Year High": "76.9900", "Year Low": "60.0100", "Year Close": "72.8600", "Annual % Change": "15.98%"}, "2010": {"Average Stock Price": "56.8331", "Year Open": "52.5900", "Year High": "62.9900", "Year Low": "46.3100", "Year Close": "62.8200", "Annual % Change": "19.84%"}, "2009": {"Average Stock Price": "41.9997", "Year Open": "49.0700", "Year High": "54.2400", "Year Low": "26.9500", "Year Close": "52.4200", "Annual % Change": "11.41%"}, "2008": {"Average Stock Price": "58.1412", "Year Open": "49.4100", "Year High": "73.6400", "Year Low": "43.2900", "Year Close": "47.0500", "Annual % Change": "-6.72%"}, "2007": {"Average Stock Price": "52.0374", "Year Open": "49.2300", "Year High": "58.6400", "Year Low": "46.0400", "Year Close": "50.4400", "Annual % Change": "0.30%"}, "2006": {"Average Stock Price": "49.1394", "Year Open": "43.4500", "Year High": "57.3500", "Year Low": "40.6500", "Year Close": "50.2900", "Annual % Change": "12.18%"}, "2005": {"Average Stock Price": "36.6043", "Year Open": "35.5300", "Year High": "45.2000", "Year Low": "30.0100", "Year Close": "44.8300", "Annual % Change": "23.87%"}, "2004": {"Average Stock Price": "26.8956", "Year Open": "23.9300", "Year High": "36.5000", "Year Low": "20.5400", "Year Close": "36.1900", "Annual % Change": "53.02%"}, "2003": {"Average Stock Price": "19.9832", "Year Open": "20.4900", "Year High": "24.3300", "Year Low": "17.7000", "Year Close": "23.6500", "Annual % Change": "18.31%"}, "2002": {"Average Stock Price": "21.3387", "Year Open": "18.5800", "Year High": "26.6000", "Year Low": "18.0500", "Year Close": "19.9900", "Annual % Change": "9.06%"}, "2001": {"Average Stock Price": "18.3733", "Year Open": "13.6900", "Year High": "23.8700", "Year Low": "13.6900", "Year Close": "18.3300", "Annual % Change": "37.72%"}, "2000": {"Average Stock Price": "16.0338", "Year Open": "20.1300", "Year High": "21.7500", "Year Low": "12.0000", "Year Close": "13.3100", "Annual % Change": "-35.07%"}, "1999": {"Average Stock Price": "27.7420", "Year Open": "31.5600", "Year High": "36.1900", "Year Low": "19.7500", "Year Close": "20.5000", "Annual % Change": "-35.31%"}, "1998": {"Average Stock Price": "31.9973", "Year Open": "30.2500", "Year High": "40.3800", "Year Low": "27.6300", "Year Close": "31.6900", "Annual % Change": "3.90%"}, "1997": {"Average Stock Price": "32.0907", "Year Open": "28.6667", "Year High": "38.0000", "Year Low": "28.4167", "Year Close": "30.5000", "Annual % Change": "3.98%"}, "1996": {"Average Stock Price": "28.3584", "Year Open": "26.7067", "Year High": "31.6667", "Year Low": "25.7083", "Year Close": "29.3333", "Annual % Change": "10.86%"}, "1995": {"Average Stock Price": "23.2899", "Year Open": "20.5833", "Year High": "27.0833", "Year Low": "20.5433", "Year Close": "26.4600", "Annual % Change": "30.93%"}, "1994": {"Average Stock Price": "21.4520", "Year Open": "23.0433", "Year High": "24.6667", "Year Low": "19.7500", "Year Close": "20.2100", "Annual % Change": "-14.00%"}, "1993": {"Average Stock Price": "21.6944", "Year Open": "20.7933", "Year High": "24.0433", "Year Low": "20.0833", "Year Close": "23.5000", "Annual % Change": "15.10%"}, "1992": {"Average Stock Price": "20.0078", "Year Open": "19.4600", "Year High": "22.5000", "Year Low": "17.9167", "Year Close": "20.4167", "Annual % Change": "3.15%"}, "1991": {"Average Stock Price": "16.5018", "Year Open": "13.6267", "Year High": "21.6267", "Year Low": "13.3767", "Year Close": "19.7933", "Annual % Change": "42.23%"}, "1990": {"Average Stock Price": "13.1656", "Year Open": "13.9167", "Year High": "15.4167", "Year Low": "11.8767", "Year Close": "13.9167", "Annual % Change": "3.09%"}, "1989": {"Average Stock Price": "11.9935", "Year Open": "10.3733", "Year High": "13.7067", "Year Low": "10.3333", "Year Close": "13.5000", "Annual % Change": "29.10%"}, "1988": {"Average Stock Price": "9.4992", "Year Open": "8.9567", "Year High": "10.8333", "Year Low": "8.4167", "Year Close": "10.4567", "Annual % Change": "19.51%"}, "1987": {"Average Stock Price": "10.2833", "Year Open": "9.4167", "Year High": "12.6667", "Year Low": "7.2500", "Year Close": "8.7500", "Annual % Change": "-6.80%"}, "1986": {"Average Stock Price": "9.4201", "Year Open": "9.0144", "Year High": "10.9167", "Year Low": "8.3189", "Year Close": "9.3889", "Annual % Change": "4.00%"}, "1985": {"Average Stock Price": "7.5952", "Year Open": "6.4856", "Year High": "9.0278", "Year Low": "6.4167", "Year Close": "9.0278", "Annual % Change": "38.58%"}, "1984": {"Average Stock Price": "6.2389", "Year Open": "6.9722", "Year High": "7.0556", "Year Low": "5.4444", "Year Close": "6.5144", "Annual % Change": "-7.13%"}, "1983": {"Average Stock Price": "6.6000", "Year Open": "5.9033", "Year High": "7.8189", "Year Low": "5.7222", "Year Close": "7.0144", "Annual % Change": "15.31%"}}}, "market cap": {"value": "$61.92B"}, "income statement": {"Revenue": {"2020-12-31": "9789.00000", "2019-12-31": "11296.00000", "2018-12-31": "11458.00000", "2017-12-31": "10551.00000", "2016-12-31": "9888.00000", "2015-12-31": "10511.00000", "2014-12-31": "11624.00000", "2013-12-31": "11245.00000", "2012-12-31": "11040.00000", "2011-12-31": "11172.00000", "2010-12-31": "9516.00000", "2009-12-31": "7969.00000", "2008-12-31": "10661.00000", "2007-12-31": "9432.00000", "2006-12-31": "9407.00000", "2005-12-31": "8527.00000"}, "Cost Of Goods Sold": {"2020-12-31": "2875.00000", "2019-12-31": "3418.00000", "2018-12-31": "3472.00000", "2017-12-31": "2995.00000", "2016-12-31": "3045.00000", "2015-12-31": "3662.00000", "2014-12-31": "4201.00000", "2013-12-31": "4070.00000", "2012-12-31": "4040.00000", "2011-12-31": "4123.00000", "2010-12-31": "3313.00000", "2009-12-31": "2769.00000", "2008-12-31": "4089.00000", "2007-12-31": "2720.00000", "2006-12-31": "2673.00000", "2005-12-31": "2368.00000"}, "Gross Profit": {"2020-12-31": "6914.00000", "2019-12-31": "7878.00000", "2018-12-31": "7986.00000", "2017-12-31": "7556.00000", "2016-12-31": "6843.00000", "2015-12-31": "6849.00000", "2014-12-31": "7423.00000", "2013-12-31": "7175.00000", "2012-12-31": "7000.00000", "2011-12-31": "7049.00000", "2010-12-31": "6203.00000", "2009-12-31": "5200.00000", "2008-12-31": "6572.00000", "2007-12-31": "6712.00000", "2006-12-31": "6734.00000", "2005-12-31": "6159.00000"}, "Research And Development Expenses": {"2020-12-31": "", "2019-12-31": "", "2018-12-31": "", "2017-12-31": "", "2016-12-31": "", "2015-12-31": "", "2014-12-31": "", "2013-12-31": "", "2012-12-31": "", "2011-12-31": "", "2010-12-31": "", "2009-12-31": "", "2008-12-31": "", "2007-12-31": "", "2006-12-31": "", "2005-12-31": ""}, "SG&A Expenses": {"2020-12-31": "2373.00000", "2019-12-31": "2751.00000", "2018-12-31": "2925.00000", "2017-12-31": "2979.00000", "2016-12-31": "2808.00000", "2015-12-31": "2911.00000", "2014-12-31": "2897.00000", "2013-12-31": "3002.00000", "2012-12-31": "2960.00000", "2011-12-31": "2974.00000", "2010-12-31": "2708.00000", "2009-12-31": "2401.00000", "2008-12-31": "2684.00000", "2007-12-31": "2552.00000", "2006-12-31": "2637.00000", "2005-12-31": "2493.00000"}, "Other Operating Income Or Expenses": {"2020-12-31": "-385.00000", "2019-12-31": "0.00000", "2018-12-31": "0.00000", "2017-12-31": "", "2016-12-31": "", "2015-12-31": "", "2014-12-31": "", "2013-12-31": "", "2012-12-31": "", "2011-12-31": "", "2010-12-31": "", "2009-12-31": "", "2008-12-31": "", "2007-12-31": "-800.00000", "2006-12-31": "-802.00000", "2005-12-31": "-775.00000"}, "Operating Expenses": {"2020-12-31": "6787.00000", "2019-12-31": "7307.00000", "2018-12-31": "7499.00000", "2017-12-31": "7029.00000", "2016-12-31": "6879.00000", "2015-12-31": "7627.00000", "2014-12-31": "8049.00000", "2013-12-31": "7988.00000", "2012-12-31": "7916.00000", "2011-12-31": "7959.00000", "2010-12-31": "6840.00000", "2009-12-31": "6007.00000", "2008-12-31": "7577.00000", "2007-12-31": "6847.00000", "2006-12-31": "6850.00000", "2005-12-31": "6410.00000"}, "Operating Income": {"2020-12-31": "3002.00000", "2019-12-31": "3989.00000", "2018-12-31": "3959.00000", "2017-12-31": "3522.00000", "2016-12-31": "3009.00000", "2015-12-31": "2884.00000", "2014-12-31": "3575.00000", "2013-12-31": "3257.00000", "2012-12-31": "3124.00000", "2011-12-31": "3213.00000", "2010-12-31": "2676.00000", "2009-12-31": "1962.00000", "2008-12-31": "3084.00000", "2007-12-31": "2585.00000", "2006-12-31": "2557.00000", "2005-12-31": "2117.00000"}, "Total Non-Operating Income/Expense": {"2020-12-31": "-472.00000", "2019-12-31": "-498.00000", "2018-12-31": "-490.00000", "2017-12-31": "-394.00000", "2016-12-31": "-427.00000", "2015-12-31": "-442.00000", "2014-12-31": "-441.00000", "2013-12-31": "-292.00000", "2012-12-31": "-366.00000", "2011-12-31": "-295.00000", "2010-12-31": "-309.00000", "2009-12-31": "-340.00000", "2008-12-31": "-334.00000", "2007-12-31": "-348.00000", "2006-12-31": "-327.00000", "2005-12-31": "-420.00000"}, "Pre-Tax Income": {"2020-12-31": "2530.00000", "2019-12-31": "3491.00000", "2018-12-31": "3469.00000", "2017-12-31": "3128.00000", "2016-12-31": "2582.00000", "2015-12-31": "2442.00000", "2014-12-31": "3134.00000", "2013-12-31": "2965.00000", "2012-12-31": "2758.00000", "2011-12-31": "2918.00000", "2010-12-31": "2367.00000", "2009-12-31": "1622.00000", "2008-12-31": "2750.00000", "2007-12-31": "2237.00000", "2006-12-31": "2230.00000", "2005-12-31": "1697.00000"}, "Income Taxes": {"2020-12-31": "517.00000", "2019-12-31": "769.00000", "2018-12-31": "803.00000", "2017-12-31": "-2276.00000", "2016-12-31": "914.00000", "2015-12-31": "886.00000", "2014-12-31": "1134.00000", "2013-12-31": "1055.00000", "2012-12-31": "1009.00000", "2011-12-31": "1002.00000", "2010-12-31": "871.00000", "2009-12-31": "588.00000", "2008-12-31": "1034.00000", "2007-12-31": "773.00000", "2006-12-31": "749.00000", "2005-12-31": "416.00000"}, "Income After Taxes": {"2020-12-31": "2013.00000", "2019-12-31": "2722.00000", "2018-12-31": "2666.00000", "2017-12-31": "5404.00000", "2016-12-31": "1668.00000", "2015-12-31": "1556.00000", "2014-12-31": "2000.00000", "2013-12-31": "1910.00000", "2012-12-31": "1749.00000", "2011-12-31": "1916.00000", "2010-12-31": "1496.00000", "2009-12-31": "1034.00000", "2008-12-31": "1716.00000", "2007-12-31": "1464.00000", "2006-12-31": "1481.00000", "2005-12-31": "1281.00000"}, "Other Income": {"2020-12-31": "", "2019-12-31": "", "2018-12-31": "", "2017-12-31": "", "2016-12-31": "", "2015-12-31": "", "2014-12-31": "", "2013-12-31": "", "2012-12-31": "", "2011-12-31": "", "2010-12-31": "", "2009-12-31": "", "2008-12-31": "", "2007-12-31": "", "2006-12-31": "", "2005-12-31": ""}, "Income From Continuous Operations": {"2020-12-31": "2013.00000", "2019-12-31": "2722.00000", "2018-12-31": "2666.00000", "2017-12-31": "5404.00000", "2016-12-31": "1668.00000", "2015-12-31": "1556.00000", "2014-12-31": "2000.00000", "2013-12-31": "1910.00000", "2012-12-31": "1749.00000", "2011-12-31": "1916.00000", "2010-12-31": "1496.00000", "2009-12-31": "1034.00000", "2008-12-31": "1716.00000", "2007-12-31": "1464.00000", "2006-12-31": "1481.00000", "2005-12-31": "1281.00000"}, "Income From Discontinued Operations": {"2020-12-31": "", "2019-12-31": "", "2018-12-31": "", "2017-12-31": "", "2016-12-31": "", "2015-12-31": "", "2014-12-31": "", "2013-12-31": "", "2012-12-31": "", "2011-12-31": "", "2010-12-31": "", "2009-12-31": "", "2008-12-31": "", "2007-12-31": "", "2006-12-31": "", "2005-12-31": ""}, "Net Income": {"2020-12-31": "2010.00000", "2019-12-31": "2717.00000", "2018-12-31": "2660.00000", "2017-12-31": "5400.00000", "2016-12-31": "1663.00000", "2015-12-31": "1550.00000", "2014-12-31": "1994.00000", "2013-12-31": "1903.00000", "2012-12-31": "1740.00000", "2011-12-31": "1907.00000", "2010-12-31": "1488.00000", "2009-12-31": "1026.00000", "2008-12-31": "1716.00000", "2007-12-31": "1464.00000", "2006-12-31": "1481.00000", "2005-12-31": "1281.00000"}, "EBITDA": {"2020-12-31": "4156.00000", "2019-12-31": "5128.00000", "2018-12-31": "5063.00000", "2017-12-31": "4581.00000", "2016-12-31": "4039.00000", "2015-12-31": "3943.00000", "2014-12-31": "4531.00000", "2013-12-31": "4179.00000", "2012-12-31": "4046.00000", "2011-12-31": "4082.00000", "2010-12-31": "3502.00000", "2009-12-31": "2807.00000", "2008-12-31": "3899.00000", "2007-12-31": "3371.00000", "2006-12-31": "3307.00000", "2005-12-31": "2904.00000"}, "EBIT": {"2020-12-31": "3002.00000", "2019-12-31": "3989.00000", "2018-12-31": "3959.00000", "2017-12-31": "3522.00000", "2016-12-31": "3009.00000", "2015-12-31": "2884.00000", "2014-12-31": "3575.00000", "2013-12-31": "3257.00000", "2012-12-31": "3124.00000", "2011-12-31": "3213.00000", "2010-12-31": "2676.00000", "2009-12-31": "1962.00000", "2008-12-31": "3084.00000", "2007-12-31": "2585.00000", "2006-12-31": "2557.00000", "2005-12-31": "2117.00000"}, "Basic Shares Outstanding": {"2020-12-31": "255.10000", "2019-12-31": "263.30000", "2018-12-31": "277.70000", "2017-12-31": "287.90000", "2016-12-31": "293.90000", "2015-12-31": "301.90000", "2014-12-31": "309.40000", "2013-12-31": "311.90000", "2012-12-31": "320.90000", "2011-12-31": "345.50000", "2010-12-31": "366.50000", "2009-12-31": "367.10000", "2008-12-31": "372.30000", "2007-12-31": "389.60000", "2006-12-31": "406.00000", "2005-12-31": "404.20000"}, "Shares Outstanding": {"2020-12-31": "256.60000", "2019-12-31": "265.60000", "2018-12-31": "280.20000", "2017-12-31": "290.30000", "2016-12-31": "296.00000", "2015-12-31": "304.40000", "2014-12-31": "312.50000", "2013-12-31": "315.50000", "2012-12-31": "325.20000", "2011-12-31": "351.30000", "2010-12-31": "371.80000", "2009-12-31": "372.10000", "2008-12-31": "380.00000", "2007-12-31": "397.80000", "2006-12-31": "414.70000", "2005-12-31": "412.30000"}, "Basic EPS": {"2020-12-31": "7.88000", "2019-12-31": "10.32000", "2018-12-31": "9.58000", "2017-12-31": "18.76000", "2016-12-31": "5.66000", "2015-12-31": "5.13000", "2014-12-31": "6.44000", "2013-12-31": "6.10000", "2012-12-31": "5.42000", "2011-12-31": "5.52000", "2010-12-31": "4.06000", "2009-12-31": "2.79000", "2008-12-31": "4.58000", "2007-12-31": "3.73000", "2006-12-31": "3.63000", "2005-12-31": "3.17000"}, "EPS - Earnings Per Share": {"2020-12-31": "7.84000", "2019-12-31": "10.25000", "2018-12-31": "9.51000", "2017-12-31": "18.61000", "2016-12-31": "5.62000", "2015-12-31": "5.10000", "2014-12-31": "6.39000", "2013-12-31": "6.04000", "2012-12-31": "5.37000", "2011-12-31": "5.45000", "2010-12-31": "4.00000", "2009-12-31": "2.76000", "2008-12-31": "4.52000", "2007-12-31": "3.68000", "2006-12-31": "3.57000", "2005-12-31": "3.11000"}}, "income statement, quarterly": {"Revenue": {"2020-12-31": "2573.00000", "2020-09-30": "2506.00000", "2020-06-30": "2085.00000", "2020-03-31": "2625.00000", "2019-12-31": "2690.00000", "2019-09-30": "2841.00000", "2019-06-30": "2925.00000", "2019-03-31": "2840.00000", "2018-12-31": "2896.00000", "2018-09-30": "2947.00000", "2018-06-30": "2898.00000", "2018-03-31": "2717.00000", "2017-12-31": "2669.00000", "2017-09-30": "2670.00000", "2017-06-30": "2637.00000", "2017-03-31": "2575.00000", "2016-12-31": "2490.00000", "2016-09-30": "2524.00000", "2016-06-30": "2454.00000", "2016-03-31": "2420.00000", "2015-12-31": "2518.00000", "2015-09-30": "2713.00000", "2015-06-30": "2713.00000", "2015-03-31": "2567.00000", "2014-12-31": "2870.00000", "2014-09-30": "3023.00000", "2014-06-30": "3042.00000", "2014-03-31": "2689.00000", "2013-12-31": "2881.00000", "2013-09-30": "2824.00000", "2013-06-30": "2802.00000", "2013-03-31": "2738.00000", "2012-12-31": "2684.00000", "2012-09-30": "2693.00000", "2012-06-30": "2874.00000", "2012-03-31": "2789.00000", "2011-12-31": "2797.00000", "2011-09-30": "2889.00000", "2011-06-30": "2866.00000", "2011-03-31": "2620.00000", "2010-12-31": "2392.00000", "2010-09-30": "2456.00000", "2010-06-30": "2430.00000", "2010-03-31": "2238.00000", "2009-12-31": "2106.00000", "2009-09-30": "2063.00000", "2009-06-30": "1857.00000", "2009-03-31": "1943.00000", "2008-12-31": "2502.00000", "2008-09-30": "2894.00000", "2008-06-30": "2765.00000", "2008-03-31": "2500.00000", "2007-12-31": "2454.00000", "2007-09-30": "2353.00000", "2007-06-30": "2378.00000", "2007-03-31": "2247.00000", "2006-12-31": "2319.00000", "2006-09-30": "2393.00000", "2006-06-30": "2392.00000", "2006-03-31": "2303.00000", "2005-12-31": "2257.00000", "2005-09-30": "2155.00000", "2005-06-30": "2154.00000", "2005-03-31": "1961.00000"}, "Cost Of Goods Sold": {"2020-12-31": "715.00000", "2020-09-30": "795.00000", "2020-06-30": "607.00000", "2020-03-31": "758.00000", "2019-12-31": "813.00000", "2019-09-30": "877.00000", "2019-06-30": "864.00000", "2019-03-31": "864.00000", "2018-12-31": "780.00000", "2018-09-30": "926.00000", "2018-06-30": "893.00000", "2018-03-31": "873.00000", "2017-12-31": "674.00000", "2017-09-30": "739.00000", "2017-06-30": "782.00000", "2017-03-31": "800.00000", "2016-12-31": "808.00000", "2016-09-30": "755.00000", "2016-06-30": "760.00000", "2016-03-31": "722.00000", "2015-12-31": "887.00000", "2015-09-30": "914.00000", "2015-06-30": "928.00000", "2015-03-31": "933.00000", "2014-12-31": "1025.00000", "2014-09-30": "1061.00000", "2014-06-30": "1070.00000", "2014-03-31": "1045.00000", "2013-12-31": "1006.00000", "2013-09-30": "1010.00000", "2013-06-30": "1014.00000", "2013-03-31": "1040.00000", "2012-12-31": "1011.00000", "2012-09-30": "1008.00000", "2012-06-30": "987.00000", "2012-03-31": "1034.00000", "2011-12-31": "1042.00000", "2011-09-30": "998.00000", "2011-06-30": "1039.00000", "2011-03-31": "1044.00000", "2010-12-31": "884.00000", "2010-09-30": "826.00000", "2010-06-30": "823.00000", "2010-03-31": "780.00000", "2009-12-31": "1080.00000", "2009-09-30": "544.00000", "2009-06-30": "631.00000", "2009-03-31": "514.00000", "2008-12-31": "1526.00000", "2008-09-30": "893.00000", "2008-06-30": "891.00000", "2008-03-31": "779.00000", "2007-12-31": "749.00000", "2007-09-30": "680.00000", "2007-06-30": "659.00000", "2007-03-31": "632.00000", "2006-12-31": "250.00000", "2006-09-30": "809.00000", "2006-06-30": "827.00000", "2006-03-31": "787.00000", "2005-12-31": "249.00000", "2005-09-30": "741.00000", "2005-06-30": "679.00000", "2005-03-31": "699.00000"}, "Gross Profit": {"2020-12-31": "1858.00000", "2020-09-30": "1711.00000", "2020-06-30": "1478.00000", "2020-03-31": "1867.00000", "2019-12-31": "1877.00000", "2019-09-30": "1964.00000", "2019-06-30": "2061.00000", "2019-03-31": "1976.00000", "2018-12-31": "2116.00000", "2018-09-30": "2021.00000", "2018-06-30": "2005.00000", "2018-03-31": "1844.00000", "2017-12-31": "1995.00000", "2017-09-30": "1931.00000", "2017-06-30": "1855.00000", "2017-03-31": "1775.00000", "2016-12-31": "1682.00000", "2016-09-30": "1769.00000", "2016-06-30": "1694.00000", "2016-03-31": "1698.00000", "2015-12-31": "1631.00000", "2015-09-30": "1799.00000", "2015-06-30": "1785.00000", "2015-03-31": "1634.00000", "2014-12-31": "1845.00000", "2014-09-30": "1962.00000", "2014-06-30": "1972.00000", "2014-03-31": "1644.00000", "2013-12-31": "1875.00000", "2013-09-30": "1814.00000", "2013-06-30": "1788.00000", "2013-03-31": "1698.00000", "2012-12-31": "1673.00000", "2012-09-30": "1685.00000", "2012-06-30": "1887.00000", "2012-03-31": "1755.00000", "2011-12-31": "1755.00000", "2011-09-30": "1891.00000", "2011-06-30": "1827.00000", "2011-03-31": "1576.00000", "2010-12-31": "1508.00000", "2010-09-30": "1630.00000", "2010-06-30": "1607.00000", "2010-03-31": "1458.00000", "2009-12-31": "1026.00000", "2009-09-30": "1519.00000", "2009-06-30": "1226.00000", "2009-03-31": "1429.00000", "2008-12-31": "976.00000", "2008-09-30": "2001.00000", "2008-06-30": "1874.00000", "2008-03-31": "1721.00000", "2007-12-31": "1705.00000", "2007-09-30": "1673.00000", "2007-06-30": "1719.00000", "2007-03-31": "1615.00000", "2006-12-31": "2069.00000", "2006-09-30": "1584.00000", "2006-06-30": "1565.00000", "2006-03-31": "1516.00000", "2005-12-31": "2008.00000", "2005-09-30": "1414.00000", "2005-06-30": "1475.00000", "2005-03-31": "1262.00000"}, "Research And Development Expenses": {"2020-12-31": "", "2020-09-30": "", "2020-06-30": "", "2020-03-31": "", "2019-12-31": "", "2019-09-30": "", "2019-06-30": "", "2019-03-31": "", "2018-12-31": "", "2018-09-30": "", "2018-06-30": "", "2018-03-31": "", "2017-12-31": "", "2017-09-30": "", "2017-06-30": "", "2017-03-31": "", "2016-12-31": "", "2016-09-30": "", "2016-06-30": "", "2016-03-31": "", "2015-12-31": "", "2015-09-30": "", "2015-06-30": "", "2015-03-31": "", "2014-12-31": "", "2014-09-30": "", "2014-06-30": "", "2014-03-31": "", "2013-12-31": "", "2013-09-30": "", "2013-06-30": "", "2013-03-31": "", "2012-12-31": "", "2012-09-30": "", "2012-06-30": "", "2012-03-31": "", "2011-12-31": "", "2011-09-30": "", "2011-06-30": "", "2011-03-31": "", "2010-12-31": "", "2010-09-30": "", "2010-06-30": "", "2010-03-31": "", "2009-12-31": "", "2009-09-30": "", "2009-06-30": "", "2009-03-31": "", "2008-12-31": "", "2008-09-30": "", "2008-06-30": "", "2008-03-31": "", "2007-12-31": "", "2007-09-30": "", "2007-06-30": "", "2007-03-31": "", "2006-12-31": "", "2006-09-30": "", "2006-06-30": "", "2006-03-31": "", "2005-12-31": "", "2005-09-30": "", "2005-06-30": "", "2005-03-31": ""}, "SG&A Expenses": {"2020-12-31": "587.00000", "2020-09-30": "578.00000", "2020-06-30": "586.00000", "2020-03-31": "622.00000", "2019-12-31": "630.00000", "2019-09-30": "682.00000", "2019-06-30": "712.00000", "2019-03-31": "727.00000", "2018-12-31": "757.00000", "2018-09-30": "725.00000", "2018-06-30": "706.00000", "2018-03-31": "737.00000", "2017-12-31": "730.00000", "2017-09-30": "771.00000", "2017-06-30": "719.00000", "2017-03-31": "759.00000", "2016-12-31": "727.00000", "2016-09-30": "691.00000", "2016-06-30": "667.00000", "2016-03-31": "723.00000", "2015-12-31": "702.00000", "2015-09-30": "702.00000", "2015-06-30": "724.00000", "2015-03-31": "783.00000", "2014-12-31": "714.00000", "2014-09-30": "728.00000", "2014-06-30": "715.00000", "2014-03-31": "740.00000", "2013-12-31": "761.00000", "2013-09-30": "735.00000", "2013-06-30": "726.00000", "2013-03-31": "780.00000", "2012-12-31": "726.00000", "2012-09-30": "724.00000", "2012-06-30": "724.00000", "2012-03-31": "786.00000", "2011-12-31": "734.00000", "2011-09-30": "736.00000", "2011-06-30": "739.00000", "2011-03-31": "765.00000", "2010-12-31": "659.00000", "2010-09-30": "680.00000", "2010-06-30": "670.00000", "2010-03-31": "699.00000", "2009-12-31": "613.00000", "2009-09-30": "598.00000", "2009-06-30": "551.00000", "2009-03-31": "639.00000", "2008-12-31": "609.00000", "2008-09-30": "708.00000", "2008-06-30": "662.00000", "2008-03-31": "705.00000", "2007-12-31": "623.00000", "2007-09-30": "619.00000", "2007-06-30": "629.00000", "2007-03-31": "681.00000", "2006-12-31": "655.00000", "2006-09-30": "624.00000", "2006-06-30": "637.00000", "2006-03-31": "721.00000", "2005-12-31": "636.00000", "2005-09-30": "629.00000", "2005-06-30": "624.00000", "2005-03-31": "604.00000"}, "Other Operating Income Or Expenses": {"2020-12-31": "", "2020-09-30": "", "2020-06-30": "0.00000", "2020-03-31": "-385.00000", "2019-12-31": "", "2019-09-30": "", "2019-06-30": "0.00000", "2019-03-31": "0.00000", "2018-12-31": "", "2018-09-30": "", "2018-06-30": "", "2018-03-31": "", "2017-12-31": "", "2017-09-30": "", "2017-06-30": "", "2017-03-31": "", "2016-12-31": "", "2016-09-30": "", "2016-06-30": "", "2016-03-31": "", "2015-12-31": "", "2015-09-30": "", "2015-06-30": "", "2015-03-31": "", "2014-12-31": "", "2014-09-30": "", "2014-06-30": "", "2014-03-31": "", "2013-12-31": "", "2013-09-30": "", "2013-06-30": "", "2013-03-31": "", "2012-12-31": "", "2012-09-30": "", "2012-06-30": "", "2012-03-31": "", "2011-12-31": "", "2011-09-30": "", "2011-06-30": "", "2011-03-31": "", "2010-12-31": "", "2010-09-30": "", "2010-06-30": "", "2010-03-31": "", "2009-12-31": "", "2009-09-30": "-149.00000", "2009-06-30": "", "2009-03-31": "-200.00000", "2008-12-31": "", "2008-09-30": "-198.00000", "2008-06-30": "-214.00000", "2008-03-31": "-240.00000", "2007-12-31": "-199.00000", "2007-09-30": "-179.00000", "2007-06-30": "-208.00000", "2007-03-31": "-214.00000", "2006-12-31": "-613.00000", "2006-09-30": "-59.00000", "2006-06-30": "-69.00000", "2006-03-31": "-61.00000", "2005-12-31": "-586.00000", "2005-09-30": "-62.00000", "2005-06-30": "-65.00000", "2005-03-31": "-62.00000"}, "Operating Expenses": {"2020-12-31": "1589.00000", "2020-09-30": "1666.00000", "2020-06-30": "1475.00000", "2020-03-31": "2057.00000", "2019-12-31": "1728.00000", "2019-09-30": "1845.00000", "2019-06-30": "1860.00000", "2019-03-31": "1874.00000", "2018-12-31": "1818.00000", "2018-09-30": "1927.00000", "2018-06-30": "1872.00000", "2018-03-31": "1882.00000", "2017-12-31": "1671.00000", "2017-09-30": "1775.00000", "2017-06-30": "1765.00000", "2017-03-31": "1818.00000", "2016-12-31": "1794.00000", "2016-09-30": "1704.00000", "2016-06-30": "1684.00000", "2016-03-31": "1697.00000", "2015-12-31": "1876.00000", "2015-09-30": "1891.00000", "2015-06-30": "1899.00000", "2015-03-31": "1961.00000", "2014-12-31": "1979.00000", "2014-09-30": "2025.00000", "2014-06-30": "2023.00000", "2014-03-31": "2022.00000", "2013-12-31": "2000.00000", "2013-09-30": "1975.00000", "2013-06-30": "1966.00000", "2013-03-31": "2047.00000", "2012-12-31": "1970.00000", "2012-09-30": "1962.00000", "2012-06-30": "1940.00000", "2012-03-31": "2044.00000", "2011-12-31": "1997.00000", "2011-09-30": "1951.00000", "2011-06-30": "1991.00000", "2011-03-31": "2020.00000", "2010-12-31": "1750.00000", "2010-09-30": "1710.00000", "2010-06-30": "1697.00000", "2010-03-31": "1683.00000", "2009-12-31": "1557.00000", "2009-09-30": "1501.00000", "2009-06-30": "1389.00000", "2009-03-31": "1560.00000", "2008-12-31": "1689.00000", "2008-09-30": "2000.00000", "2008-06-30": "1966.00000", "2008-03-31": "1922.00000", "2007-12-31": "1768.00000", "2007-09-30": "1672.00000", "2007-06-30": "1688.00000", "2007-03-31": "1719.00000", "2006-12-31": "1705.00000", "2006-09-30": "1678.00000", "2006-06-30": "1715.00000", "2006-03-31": "1752.00000", "2005-12-31": "1663.00000", "2005-09-30": "1627.00000", "2005-06-30": "1562.00000", "2005-03-31": "1558.00000"}, "Operating Income": {"2020-12-31": "984.00000", "2020-09-30": "840.00000", "2020-06-30": "610.00000", "2020-03-31": "568.00000", "2019-12-31": "962.00000", "2019-09-30": "996.00000", "2019-06-30": "1065.00000", "2019-03-31": "966.00000", "2018-12-31": "1078.00000", "2018-09-30": "1020.00000", "2018-06-30": "1026.00000", "2018-03-31": "835.00000", "2017-12-31": "998.00000", "2017-09-30": "895.00000", "2017-06-30": "872.00000", "2017-03-31": "757.00000", "2016-12-31": "696.00000", "2016-09-30": "820.00000", "2016-06-30": "770.00000", "2016-03-31": "723.00000", "2015-12-31": "642.00000", "2015-09-30": "822.00000", "2015-06-30": "814.00000", "2015-03-31": "606.00000", "2014-12-31": "891.00000", "2014-09-30": "998.00000", "2014-06-30": "1019.00000", "2014-03-31": "667.00000", "2013-12-31": "881.00000", "2013-09-30": "849.00000", "2013-06-30": "836.00000", "2013-03-31": "691.00000", "2012-12-31": "714.00000", "2012-09-30": "731.00000", "2012-06-30": "934.00000", "2012-03-31": "745.00000", "2011-12-31": "800.00000", "2011-09-30": "938.00000", "2011-06-30": "875.00000", "2011-03-31": "600.00000", "2010-12-31": "642.00000", "2010-09-30": "746.00000", "2010-06-30": "733.00000", "2010-03-31": "555.00000", "2009-12-31": "549.00000", "2009-09-30": "562.00000", "2009-06-30": "468.00000", "2009-03-31": "383.00000", "2008-12-31": "813.00000", "2008-09-30": "894.00000", "2008-06-30": "799.00000", "2008-03-31": "578.00000", "2007-12-31": "686.00000", "2007-09-30": "681.00000", "2007-06-30": "690.00000", "2007-03-31": "528.00000", "2006-12-31": "614.00000", "2006-09-30": "715.00000", "2006-06-30": "677.00000", "2006-03-31": "551.00000", "2005-12-31": "594.00000", "2005-09-30": "528.00000", "2005-06-30": "592.00000", "2005-03-31": "403.00000"}, "Total Non-Operating Income/Expense": {"2020-12-31": "-117.00000", "2020-09-30": "-116.00000", "2020-06-30": "-107.00000", "2020-03-31": "-132.00000", "2019-12-31": "-134.00000", "2019-09-30": "-128.00000", "2019-06-30": "-131.00000", "2019-03-31": "-105.00000", "2018-12-31": "-148.00000", "2018-09-30": "-112.00000", "2018-06-30": "-102.00000", "2018-03-31": "-128.00000", "2017-12-31": "-105.00000", "2017-09-30": "-95.00000", "2017-06-30": "-92.00000", "2017-03-31": "-102.00000", "2016-12-31": "-55.00000", "2016-09-30": "-115.00000", "2016-06-30": "-134.00000", "2016-03-31": "-123.00000", "2015-12-31": "-118.00000", "2015-09-30": "-98.00000", "2015-06-30": "-115.00000", "2015-03-31": "-111.00000", "2014-12-31": "-101.00000", "2014-09-30": "-106.00000", "2014-06-30": "-121.00000", "2014-03-31": "-113.00000", "2013-12-31": "-98.00000", "2013-09-30": "-101.00000", "2013-06-30": "-99.00000", "2013-03-31": "6.00000", "2012-12-31": "-93.00000", "2012-09-30": "-91.00000", "2012-06-30": "-91.00000", "2012-03-31": "-91.00000", "2011-12-31": "-77.00000", "2011-09-30": "-54.00000", "2011-06-30": "-79.00000", "2011-03-31": "-85.00000", "2010-12-31": "-80.00000", "2010-09-30": "-32.00000", "2010-06-30": "-98.00000", "2010-03-31": "-99.00000", "2009-12-31": "-82.00000", "2009-09-30": "-81.00000", "2009-06-30": "-77.00000", "2009-03-31": "-100.00000", "2008-12-31": "-94.00000", "2008-09-30": "-72.00000", "2008-06-30": "-66.00000", "2008-03-31": "-102.00000", "2007-12-31": "-74.00000", "2007-09-30": "-76.00000", "2007-06-30": "-90.00000", "2007-03-31": "-108.00000", "2006-12-31": "-75.00000", "2006-09-30": "-79.00000", "2006-06-30": "-88.00000", "2006-03-31": "-85.00000", "2005-12-31": "-90.00000", "2005-09-30": "-87.00000", "2005-06-30": "-117.00000", "2005-03-31": "-126.00000"}, "Pre-Tax Income": {"2020-12-31": "867.00000", "2020-09-30": "724.00000", "2020-06-30": "503.00000", "2020-03-31": "436.00000", "2019-12-31": "828.00000", "2019-09-30": "868.00000", "2019-06-30": "934.00000", "2019-03-31": "861.00000", "2018-12-31": "930.00000", "2018-09-30": "908.00000", "2018-06-30": "924.00000", "2018-03-31": "707.00000", "2017-12-31": "893.00000", "2017-09-30": "800.00000", "2017-06-30": "780.00000", "2017-03-31": "655.00000", "2016-12-31": "641.00000", "2016-09-30": "705.00000", "2016-06-30": "636.00000", "2016-03-31": "600.00000", "2015-12-31": "524.00000", "2015-09-30": "724.00000", "2015-06-30": "699.00000", "2015-03-31": "495.00000", "2014-12-31": "790.00000", "2014-09-30": "892.00000", "2014-06-30": "898.00000", "2014-03-31": "554.00000", "2013-12-31": "783.00000", "2013-09-30": "748.00000", "2013-06-30": "737.00000", "2013-03-31": "697.00000", "2012-12-31": "621.00000", "2012-09-30": "640.00000", "2012-06-30": "843.00000", "2012-03-31": "654.00000", "2011-12-31": "723.00000", "2011-09-30": "884.00000", "2011-06-30": "796.00000", "2011-03-31": "515.00000", "2010-12-31": "562.00000", "2010-09-30": "714.00000", "2010-06-30": "635.00000", "2010-03-31": "456.00000", "2009-12-31": "467.00000", "2009-09-30": "481.00000", "2009-06-30": "391.00000", "2009-03-31": "283.00000", "2008-12-31": "719.00000", "2008-09-30": "822.00000", "2008-06-30": "733.00000", "2008-03-31": "476.00000", "2007-12-31": "612.00000", "2007-09-30": "605.00000", "2007-06-30": "600.00000", "2007-03-31": "420.00000", "2006-12-31": "539.00000", "2006-09-30": "636.00000", "2006-06-30": "589.00000", "2006-03-31": "466.00000", "2005-12-31": "504.00000", "2005-09-30": "441.00000", "2005-06-30": "475.00000", "2005-03-31": "277.00000"}, "Income Taxes": {"2020-12-31": "196.00000", "2020-09-30": "155.00000", "2020-06-30": "111.00000", "2020-03-31": "55.00000", "2019-12-31": "162.00000", "2019-09-30": "211.00000", "2019-06-30": "212.00000", "2019-03-31": "184.00000", "2018-12-31": "228.00000", "2018-09-30": "206.00000", "2018-06-30": "214.00000", "2018-03-31": "155.00000", "2017-12-31": "-3075.00000", "2017-09-30": "294.00000", "2017-06-30": "283.00000", "2017-03-31": "222.00000", "2016-12-31": "225.00000", "2016-09-30": "245.00000", "2016-06-30": "231.00000", "2016-03-31": "213.00000", "2015-12-31": "163.00000", "2015-09-30": "272.00000", "2015-06-30": "266.00000", "2015-03-31": "185.00000", "2014-12-31": "279.00000", "2014-09-30": "333.00000", "2014-06-30": "336.00000", "2014-03-31": "186.00000", "2013-12-31": "270.00000", "2013-09-30": "266.00000", "2013-06-30": "272.00000", "2013-03-31": "247.00000", "2012-12-31": "208.00000", "2012-09-30": "238.00000", "2012-06-30": "319.00000", "2012-03-31": "244.00000", "2011-12-31": "243.00000", "2011-09-30": "330.00000", "2011-06-30": "239.00000", "2011-03-31": "190.00000", "2010-12-31": "160.00000", "2010-09-30": "269.00000", "2010-06-30": "243.00000", "2010-03-31": "199.00000", "2009-12-31": "160.00000", "2009-09-30": "178.00000", "2009-06-30": "144.00000", "2009-03-31": "106.00000", "2008-12-31": "267.00000", "2008-09-30": "302.00000", "2008-06-30": "280.00000", "2008-03-31": "185.00000", "2007-12-31": "213.00000", "2007-09-30": "219.00000", "2007-06-30": "206.00000", "2007-03-31": "135.00000", "2006-12-31": "154.00000", "2006-09-30": "220.00000", "2006-06-30": "214.00000", "2006-03-31": "161.00000", "2005-12-31": "142.00000", "2005-09-30": "140.00000", "2005-06-30": "51.00000", "2005-03-31": "83.00000"}, "Income After Taxes": {"2020-12-31": "671.00000", "2020-09-30": "569.00000", "2020-06-30": "392.00000", "2020-03-31": "381.00000", "2019-12-31": "666.00000", "2019-09-30": "657.00000", "2019-06-30": "722.00000", "2019-03-31": "677.00000", "2018-12-31": "702.00000", "2018-09-30": "702.00000", "2018-06-30": "710.00000", "2018-03-31": "552.00000", "2017-12-31": "3968.00000", "2017-09-30": "506.00000", "2017-06-30": "497.00000", "2017-03-31": "433.00000", "2016-12-31": "416.00000", "2016-09-30": "460.00000", "2016-06-30": "405.00000", "2016-03-31": "387.00000", "2015-12-31": "361.00000", "2015-09-30": "452.00000", "2015-06-30": "433.00000", "2015-03-31": "310.00000", "2014-12-31": "511.00000", "2014-09-30": "559.00000", "2014-06-30": "562.00000", "2014-03-31": "368.00000", "2013-12-31": "513.00000", "2013-09-30": "482.00000", "2013-06-30": "465.00000", "2013-03-31": "450.00000", "2012-12-31": "413.00000", "2012-09-30": "402.00000", "2012-06-30": "524.00000", "2012-03-31": "410.00000", "2011-12-31": "480.00000", "2011-09-30": "554.00000", "2011-06-30": "557.00000", "2011-03-31": "325.00000", "2010-12-31": "402.00000", "2010-09-30": "445.00000", "2010-06-30": "392.00000", "2010-03-31": "257.00000", "2009-12-31": "307.00000", "2009-09-30": "303.00000", "2009-06-30": "247.00000", "2009-03-31": "177.00000", "2008-12-31": "452.00000", "2008-09-30": "520.00000", "2008-06-30": "453.00000", "2008-03-31": "291.00000", "2007-12-31": "399.00000", "2007-09-30": "386.00000", "2007-06-30": "394.00000", "2007-03-31": "285.00000", "2006-12-31": "385.00000", "2006-09-30": "416.00000", "2006-06-30": "375.00000", "2006-03-31": "305.00000", "2005-12-31": "362.00000", "2005-09-30": "301.00000", "2005-06-30": "424.00000", "2005-03-31": "194.00000"}, "Other Income": {"2020-12-31": "", "2020-09-30": "", "2020-06-30": "", "2020-03-31": "", "2019-12-31": "", "2019-09-30": "", "2019-06-30": "", "2019-03-31": "", "2018-12-31": "", "2018-09-30": "", "2018-06-30": "", "2018-03-31": "", "2017-12-31": "", "2017-09-30": "", "2017-06-30": "", "2017-03-31": "", "2016-12-31": "", "2016-09-30": "", "2016-06-30": "", "2016-03-31": "", "2015-12-31": "", "2015-09-30": "", "2015-06-30": "", "2015-03-31": "", "2014-12-31": "", "2014-09-30": "", "2014-06-30": "", "2014-03-31": "", "2013-12-31": "", "2013-09-30": "", "2013-06-30": "", "2013-03-31": "", "2012-12-31": "", "2012-09-30": "", "2012-06-30": "", "2012-03-31": "", "2011-12-31": "", "2011-09-30": "", "2011-06-30": "", "2011-03-31": "", "2010-12-31": "", "2010-09-30": "", "2010-06-30": "", "2010-03-31": "", "2009-12-31": "", "2009-09-30": "", "2009-06-30": "", "2009-03-31": "", "2008-12-31": "", "2008-09-30": "", "2008-06-30": "", "2008-03-31": "", "2007-12-31": "", "2007-09-30": "", "2007-06-30": "", "2007-03-31": "", "2006-12-31": "", "2006-09-30": "", "2006-06-30": "", "2006-03-31": "", "2005-12-31": "", "2005-09-30": "", "2005-06-30": "", "2005-03-31": ""}, "Income From Continuous Operations": {"2020-12-31": "671.00000", "2020-09-30": "569.00000", "2020-06-30": "392.00000", "2020-03-31": "381.00000", "2019-12-31": "666.00000", "2019-09-30": "657.00000", "2019-06-30": "722.00000", "2019-03-31": "677.00000", "2018-12-31": "702.00000", "2018-09-30": "702.00000", "2018-06-30": "710.00000", "2018-03-31": "552.00000", "2017-12-31": "3968.00000", "2017-09-30": "506.00000", "2017-06-30": "497.00000", "2017-03-31": "433.00000", "2016-12-31": "416.00000", "2016-09-30": "460.00000", "2016-06-30": "405.00000", "2016-03-31": "387.00000", "2015-12-31": "361.00000", "2015-09-30": "452.00000", "2015-06-30": "433.00000", "2015-03-31": "310.00000", "2014-12-31": "511.00000", "2014-09-30": "559.00000", "2014-06-30": "562.00000", "2014-03-31": "368.00000", "2013-12-31": "513.00000", "2013-09-30": "482.00000", "2013-06-30": "465.00000", "2013-03-31": "450.00000", "2012-12-31": "413.00000", "2012-09-30": "402.00000", "2012-06-30": "524.00000", "2012-03-31": "410.00000", "2011-12-31": "480.00000", "2011-09-30": "554.00000", "2011-06-30": "557.00000", "2011-03-31": "325.00000", "2010-12-31": "402.00000", "2010-09-30": "445.00000", "2010-06-30": "392.00000", "2010-03-31": "257.00000", "2009-12-31": "307.00000", "2009-09-30": "303.00000", "2009-06-30": "247.00000", "2009-03-31": "177.00000", "2008-12-31": "452.00000", "2008-09-30": "520.00000", "2008-06-30": "453.00000", "2008-03-31": "291.00000", "2007-12-31": "399.00000", "2007-09-30": "386.00000", "2007-06-30": "394.00000", "2007-03-31": "285.00000", "2006-12-31": "385.00000", "2006-09-30": "416.00000", "2006-06-30": "375.00000", "2006-03-31": "305.00000", "2005-12-31": "362.00000", "2005-09-30": "301.00000", "2005-06-30": "424.00000", "2005-03-31": "194.00000"}, "Income From Discontinued Operations": {"2020-12-31": "", "2020-09-30": "", "2020-06-30": "", "2020-03-31": "", "2019-12-31": "", "2019-09-30": "", "2019-06-30": "", "2019-03-31": "", "2018-12-31": "", "2018-09-30": "", "2018-06-30": "", "2018-03-31": "", "2017-12-31": "", "2017-09-30": "", "2017-06-30": "", "2017-03-31": "", "2016-12-31": "", "2016-09-30": "", "2016-06-30": "", "2016-03-31": "", "2015-12-31": "", "2015-09-30": "", "2015-06-30": "", "2015-03-31": "", "2014-12-31": "", "2014-09-30": "", "2014-06-30": "", "2014-03-31": "", "2013-12-31": "", "2013-09-30": "", "2013-06-30": "", "2013-03-31": "", "2012-12-31": "", "2012-09-30": "", "2012-06-30": "", "2012-03-31": "", "2011-12-31": "", "2011-09-30": "", "2011-06-30": "", "2011-03-31": "", "2010-12-31": "", "2010-09-30": "", "2010-06-30": "", "2010-03-31": "", "2009-12-31": "", "2009-09-30": "", "2009-06-30": "", "2009-03-31": "", "2008-12-31": "", "2008-09-30": "", "2008-06-30": "", "2008-03-31": "", "2007-12-31": "", "2007-09-30": "", "2007-06-30": "", "2007-03-31": "", "2006-12-31": "", "2006-09-30": "", "2006-06-30": "", "2006-03-31": "", "2005-12-31": "", "2005-09-30": "", "2005-06-30": "", "2005-03-31": ""}, "Net Income": {"2020-12-31": "671.00000", "2020-09-30": "567.00000", "2020-06-30": "392.00000", "2020-03-31": "380.00000", "2019-12-31": "665.00000", "2019-09-30": "656.00000", "2019-06-30": "720.00000", "2019-03-31": "676.00000", "2018-12-31": "700.00000", "2018-09-30": "700.00000", "2018-06-30": "709.00000", "2018-03-31": "551.00000", "2017-12-31": "3966.00000", "2017-09-30": "505.00000", "2017-06-30": "496.00000", "2017-03-31": "433.00000", "2016-12-31": "413.00000", "2016-09-30": "460.00000", "2016-06-30": "404.00000", "2016-03-31": "386.00000", "2015-12-31": "358.00000", "2015-09-30": "452.00000", "2015-06-30": "432.00000", "2015-03-31": "308.00000", "2014-12-31": "506.00000", "2014-09-30": "558.00000", "2014-06-30": "562.00000", "2014-03-31": "368.00000", "2013-12-31": "506.00000", "2013-09-30": "482.00000", "2013-06-30": "465.00000", "2013-03-31": "450.00000", "2012-12-31": "412.00000", "2012-09-30": "399.00000", "2012-06-30": "522.00000", "2012-03-31": "407.00000", "2011-12-31": "477.00000", "2011-09-30": "552.00000", "2011-06-30": "555.00000", "2011-03-31": "323.00000", "2010-12-31": "398.00000", "2010-09-30": "443.00000", "2010-06-30": "390.00000", "2010-03-31": "257.00000", "2009-12-31": "299.00000", "2009-09-30": "303.00000", "2009-06-30": "247.00000", "2009-03-31": "177.00000", "2008-12-31": "452.00000", "2008-09-30": "520.00000", "2008-06-30": "453.00000", "2008-03-31": "291.00000", "2007-12-31": "399.00000", "2007-09-30": "386.00000", "2007-06-30": "394.00000", "2007-03-31": "285.00000", "2006-12-31": "385.00000", "2006-09-30": "416.00000", "2006-06-30": "375.00000", "2006-03-31": "305.00000", "2005-12-31": "362.00000", "2005-09-30": "301.00000", "2005-06-30": "424.00000", "2005-03-31": "194.00000"}, "EBITDA": {"2020-12-31": "1271.00000", "2020-09-30": "1133.00000", "2020-06-30": "892.00000", "2020-03-31": "860.00000", "2019-12-31": "1247.00000", "2019-09-30": "1283.00000", "2019-06-30": "1349.00000", "2019-03-31": "1249.00000", "2018-12-31": "1360.00000", "2018-09-30": "1296.00000", "2018-06-30": "1300.00000", "2018-03-31": "1107.00000", "2017-12-31": "1266.00000", "2017-09-30": "1161.00000", "2017-06-30": "1137.00000", "2017-03-31": "1017.00000", "2016-12-31": "956.00000", "2016-09-30": "1079.00000", "2016-06-30": "1028.00000", "2016-03-31": "976.00000", "2015-12-31": "931.00000", "2015-09-30": "1098.00000", "2015-06-30": "1062.00000", "2015-03-31": "852.00000", "2014-12-31": "1132.00000", "2014-09-30": "1235.00000", "2014-06-30": "1259.00000", "2014-03-31": "905.00000", "2013-12-31": "1116.00000", "2013-09-30": "1080.00000", "2013-06-30": "1064.00000", "2013-03-31": "919.00000", "2012-12-31": "948.00000", "2012-09-30": "963.00000", "2012-06-30": "1164.00000", "2012-03-31": "971.00000", "2011-12-31": "1023.00000", "2011-09-30": "1156.00000", "2011-06-30": "1090.00000", "2011-03-31": "813.00000", "2010-12-31": "851.00000", "2010-09-30": "952.00000", "2010-06-30": "938.00000", "2010-03-31": "761.00000", "2009-12-31": "764.00000", "2009-09-30": "774.00000", "2009-06-30": "677.00000", "2009-03-31": "592.00000", "2008-12-31": "1022.00000", "2008-09-30": "1098.00000", "2008-06-30": "1001.00000", "2008-03-31": "778.00000", "2007-12-31": "885.00000", "2007-09-30": "878.00000", "2007-06-30": "886.00000", "2007-03-31": "722.00000", "2006-12-31": "804.00000", "2006-09-30": "903.00000", "2006-06-30": "864.00000", "2006-03-31": "736.00000", "2005-12-31": "790.00000", "2005-09-30": "726.00000", "2005-06-30": "788.00000", "2005-03-31": "600.00000"}, "EBIT": {"2020-12-31": "984.00000", "2020-09-30": "840.00000", "2020-06-30": "610.00000", "2020-03-31": "568.00000", "2019-12-31": "962.00000", "2019-09-30": "996.00000", "2019-06-30": "1065.00000", "2019-03-31": "966.00000", "2018-12-31": "1078.00000", "2018-09-30": "1020.00000", "2018-06-30": "1026.00000", "2018-03-31": "835.00000", "2017-12-31": "998.00000", "2017-09-30": "895.00000", "2017-06-30": "872.00000", "2017-03-31": "757.00000", "2016-12-31": "696.00000", "2016-09-30": "820.00000", "2016-06-30": "770.00000", "2016-03-31": "723.00000", "2015-12-31": "642.00000", "2015-09-30": "822.00000", "2015-06-30": "814.00000", "2015-03-31": "606.00000", "2014-12-31": "891.00000", "2014-09-30": "998.00000", "2014-06-30": "1019.00000", "2014-03-31": "667.00000", "2013-12-31": "881.00000", "2013-09-30": "849.00000", "2013-06-30": "836.00000", "2013-03-31": "691.00000", "2012-12-31": "714.00000", "2012-09-30": "731.00000", "2012-06-30": "934.00000", "2012-03-31": "745.00000", "2011-12-31": "800.00000", "2011-09-30": "938.00000", "2011-06-30": "875.00000", "2011-03-31": "600.00000", "2010-12-31": "642.00000", "2010-09-30": "746.00000", "2010-06-30": "733.00000", "2010-03-31": "555.00000", "2009-12-31": "549.00000", "2009-09-30": "562.00000", "2009-06-30": "468.00000", "2009-03-31": "383.00000", "2008-12-31": "813.00000", "2008-09-30": "894.00000", "2008-06-30": "799.00000", "2008-03-31": "578.00000", "2007-12-31": "686.00000", "2007-09-30": "681.00000", "2007-06-30": "690.00000", "2007-03-31": "528.00000", "2006-12-31": "614.00000", "2006-09-30": "715.00000", "2006-06-30": "677.00000", "2006-03-31": "551.00000", "2005-12-31": "594.00000", "2005-09-30": "528.00000", "2005-06-30": "592.00000", "2005-03-31": "403.00000"}, "Basic Shares Outstanding": {"2020-12-31": "255.10000", "2020-09-30": "254.60000", "2020-06-30": "255.40000", "2020-03-31": "257.30000", "2019-12-31": "263.30000", "2019-09-30": "262.10000", "2019-06-30": "264.80000", "2019-03-31": "267.10000", "2018-12-31": "277.70000", "2018-09-30": "275.50000", "2018-06-30": "281.30000", "2018-03-31": "283.50000", "2017-12-31": "287.90000", "2017-09-30": "287.10000", "2017-06-30": "289.00000", "2017-03-31": "290.30000", "2016-12-31": "293.90000", "2016-09-30": "292.70000", "2016-06-30": "294.70000", "2016-03-31": "297.20000", "2015-12-31": "301.90000", "2015-09-30": "300.10000", "2015-06-30": "302.90000", "2015-03-31": "306.80000", "2014-12-31": "309.40000", "2014-09-30": "309.40000", "2014-06-30": "309.50000", "2014-03-31": "309.50000", "2013-12-31": "311.90000", "2013-09-30": "310.40000", "2013-06-30": "314.10000", "2013-03-31": "314.50000", "2012-12-31": "320.90000", "2012-09-30": "317.70000", "2012-06-30": "322.70000", "2012-03-31": "328.30000", "2011-12-31": "345.50000", "2011-09-30": "343.20000", "2011-06-30": "351.00000", "2011-03-31": "355.20000", "2010-12-31": "366.50000", "2010-09-30": "366.30000", "2010-06-30": "369.70000", "2010-03-31": "369.50000", "2009-12-31": "367.10000", "2009-09-30": "366.80000", "2009-06-30": "366.80000", "2009-03-31": "366.20000", "2008-12-31": "372.30000", "2008-09-30": "372.50000", "2008-06-30": "375.40000", "2008-03-31": "375.70000", "2007-12-31": "389.60000", "2007-09-30": "389.00000", "2007-06-30": "393.70000", "2007-03-31": "394.20000", "2006-12-31": "406.00000", "2006-09-30": "402.00000", "2006-06-30": "413.50000", "2006-03-31": "412.40000", "2005-12-31": "404.20000", "2005-09-30": "404.30000", "2005-06-30": "403.20000", "2005-03-31": "401.80000"}, "Shares Outstanding": {"2020-12-31": "256.60000", "2020-09-30": "256.10000", "2020-06-30": "256.70000", "2020-03-31": "258.70000", "2019-12-31": "265.60000", "2019-09-30": "264.30000", "2019-06-30": "267.10000", "2019-03-31": "269.40000", "2018-12-31": "280.20000", "2018-09-30": "278.20000", "2018-06-30": "283.70000", "2018-03-31": "285.90000", "2017-12-31": "290.30000", "2017-09-30": "289.50000", "2017-06-30": "291.20000", "2017-03-31": "290.30000", "2016-12-31": "296.00000", "2016-09-30": "292.70000", "2016-06-30": "296.60000", "2016-03-31": "298.90000", "2015-12-31": "304.40000", "2015-09-30": "302.50000", "2015-06-30": "302.90000", "2015-03-31": "309.60000", "2014-12-31": "312.50000", "2014-09-30": "309.40000", "2014-06-30": "312.80000", "2014-03-31": "312.60000", "2013-12-31": "315.50000", "2013-09-30": "310.40000", "2013-06-30": "317.80000", "2013-03-31": "318.10000", "2012-12-31": "325.20000", "2012-09-30": "321.80000", "2012-06-30": "322.70000", "2012-03-31": "332.90000", "2011-12-31": "351.30000", "2011-09-30": "349.00000", "2011-06-30": "357.30000", "2011-03-31": "360.50000", "2010-12-31": "371.80000", "2010-09-30": "371.60000", "2010-06-30": "369.70000", "2010-03-31": "369.50000", "2009-12-31": "372.10000", "2009-09-30": "367.30000", "2009-06-30": "366.80000", "2009-03-31": "366.20000", "2008-12-31": "380.00000", "2008-09-30": "380.50000", "2008-06-30": "375.40000", "2008-03-31": "383.90000", "2007-12-31": "397.80000", "2007-09-30": "397.40000", "2007-06-30": "401.70000", "2007-03-31": "402.30000", "2006-12-31": "414.70000", "2006-09-30": "409.90000", "2006-06-30": "422.80000", "2006-03-31": "421.80000", "2005-12-31": "412.30000", "2005-09-30": "412.30000", "2005-06-30": "409.80000", "2005-03-31": "410.10000"}, "Basic EPS": {"2020-12-31": "2.64000", "2020-09-30": "2.23000", "2020-06-30": "1.53000", "2020-03-31": "1.48000", "2019-12-31": "2.57000", "2019-09-30": "2.50000", "2019-06-30": "2.72000", "2019-03-31": "2.53000", "2018-12-31": "2.58000", "2018-09-30": "2.54000", "2018-06-30": "2.52000", "2018-03-31": "1.94000", "2017-12-31": "13.79000", "2017-09-30": "1.76000", "2017-06-30": "1.72000", "2017-03-31": "1.49000", "2016-12-31": "1.43000", "2016-09-30": "1.56000", "2016-06-30": "1.37000", "2016-03-31": "1.30000", "2015-12-31": "1.19000", "2015-09-30": "1.50000", "2015-06-30": "1.43000", "2015-03-31": "1.01000", "2014-12-31": "1.65000", "2014-09-30": "1.80000", "2014-06-30": "1.81000", "2014-03-31": "1.18000", "2013-12-31": "1.65000", "2013-09-30": "1.55000", "2013-06-30": "1.47000", "2013-03-31": "1.43000", "2012-12-31": "1.30000", "2012-09-30": "1.26000", "2012-06-30": "1.62000", "2012-03-31": "1.24000", "2011-12-31": "1.42000", "2011-09-30": "1.61000", "2011-06-30": "1.58000", "2011-03-31": "0.91000", "2010-12-31": "1.10000", "2010-09-30": "1.21000", "2010-06-30": "1.06000", "2010-03-31": "0.69000", "2009-12-31": "0.82000", "2009-09-30": "0.82000", "2009-06-30": "0.67000", "2009-03-31": "0.48000", "2008-12-31": "1.22000", "2008-09-30": "1.39000", "2008-06-30": "1.20000", "2008-03-31": "0.77000", "2007-12-31": "1.02000", "2007-09-30": "0.99000", "2007-06-30": "1.00000", "2007-03-31": "0.72000", "2006-12-31": "0.94000", "2006-09-30": "1.04000", "2006-06-30": "0.91000", "2006-03-31": "0.74000", "2005-12-31": "0.90000", "2005-09-30": "0.74000", "2005-06-30": "1.05000", "2005-03-31": "0.48000"}, "EPS - Earnings Per Share": {"2020-12-31": "2.62000", "2020-09-30": "2.22000", "2020-06-30": "1.53000", "2020-03-31": "1.47000", "2019-12-31": "2.55000", "2019-09-30": "2.49000", "2019-06-30": "2.70000", "2019-03-31": "2.51000", "2018-12-31": "2.56000", "2018-09-30": "2.52000", "2018-06-30": "2.50000", "2018-03-31": "1.93000", "2017-12-31": "13.67000", "2017-09-30": "1.75000", "2017-06-30": "1.71000", "2017-03-31": "1.48000", "2016-12-31": "1.42000", "2016-09-30": "1.55000", "2016-06-30": "1.36000", "2016-03-31": "1.29000", "2015-12-31": "1.20000", "2015-09-30": "1.49000", "2015-06-30": "1.41000", "2015-03-31": "1.00000", "2014-12-31": "1.64000", "2014-09-30": "1.79000", "2014-06-30": "1.79000", "2014-03-31": "1.17000", "2013-12-31": "1.64000", "2013-09-30": "1.53000", "2013-06-30": "1.46000", "2013-03-31": "1.41000", "2012-12-31": "1.30000", "2012-09-30": "1.24000", "2012-06-30": "1.60000", "2012-03-31": "1.23000", "2011-12-31": "1.40000", "2011-09-30": "1.59000", "2011-06-30": "1.56000", "2011-03-31": "0.90000", "2010-12-31": "1.09000", "2010-09-30": "1.19000", "2010-06-30": "1.04000", "2010-03-31": "0.68000", "2009-12-31": "0.82000", "2009-09-30": "0.81000", "2009-06-30": "0.66000", "2009-03-31": "0.47000", "2008-12-31": "1.21000", "2008-09-30": "1.37000", "2008-06-30": "1.18000", "2008-03-31": "0.76000", "2007-12-31": "1.02000", "2007-09-30": "0.97000", "2007-06-30": "0.98000", "2007-03-31": "0.71000", "2006-12-31": "0.94000", "2006-09-30": "1.02000", "2006-06-30": "0.89000", "2006-03-31": "0.72000", "2005-12-31": "0.87000", "2005-09-30": "0.73000", "2005-06-30": "1.04000", "2005-03-31": "0.47000"}}, "balance sheet": {"Cash On Hand": {"2020-12-31": "1115.00000", "2019-12-31": "580.00000", "2018-12-31": "358.00000", "2017-12-31": "690.00000", "2016-12-31": "956.00000", "2015-12-31": "1101.00000", "2014-12-31": "973.00000", "2013-12-31": "1561.00000", "2012-12-31": "668.00000", "2011-12-31": "301.00000", "2010-12-31": "1110.00000", "2009-12-31": "1086.00000", "2008-12-31": "618.00000", "2007-12-31": "206.00000", "2006-12-31": "918.00000", "2005-12-31": "1257.00000"}, "Receivables": {"2020-12-31": "848.00000", "2019-12-31": "920.00000", "2018-12-31": "1009.00000", "2017-12-31": "955.00000", "2016-12-31": "945.00000", "2015-12-31": "946.00000", "2014-12-31": "1055.00000", "2013-12-31": "1024.00000", "2012-12-31": "1109.00000", "2011-12-31": "1022.00000", "2010-12-31": "807.00000", "2009-12-31": "766.00000", "2008-12-31": "870.00000", "2007-12-31": "942.00000", "2006-12-31": "992.00000", "2005-12-31": "931.00000"}, "Inventory": {"2020-12-31": "221.00000", "2019-12-31": "244.00000", "2018-12-31": "207.00000", "2017-12-31": "222.00000", "2016-12-31": "257.00000", "2015-12-31": "271.00000", "2014-12-31": "236.00000", "2013-12-31": "223.00000", "2012-12-31": "216.00000", "2011-12-31": "209.00000", "2010-12-31": "169.00000", "2009-12-31": "164.00000", "2008-12-31": "194.00000", "2007-12-31": "176.00000", "2006-12-31": "151.00000", "2005-12-31": "132.00000"}, "Pre-Paid Expenses": {"2020-12-31": "", "2019-12-31": "", "2018-12-31": "", "2017-12-31": "", "2016-12-31": "", "2015-12-31": "", "2014-12-31": "", "2013-12-31": "", "2012-12-31": "", "2011-12-31": "", "2010-12-31": "", "2009-12-31": "", "2008-12-31": "", "2007-12-31": "", "2006-12-31": "", "2005-12-31": ""}, "Other Current Assets": {"2020-12-31": "134.00000", "2019-12-31": "337.00000", "2018-12-31": "288.00000", "2017-12-31": "282.00000", "2016-12-31": "133.00000", "2015-12-31": "194.00000", "2014-12-31": "347.00000", "2013-12-31": "87.00000", "2012-12-31": "82.00000", "2011-12-31": "76.00000", "2010-12-31": "240.00000", "2009-12-31": "88.00000", "2008-12-31": "168.00000", "2007-12-31": "161.00000", "2006-12-31": "153.00000", "2005-12-31": "163.00000"}, "Total Current Assets": {"2020-12-31": "2318.00000", "2019-12-31": "2081.00000", "2018-12-31": "1862.00000", "2017-12-31": "2149.00000", "2016-12-31": "2291.00000", "2015-12-31": "2512.00000", "2014-12-31": "2778.00000", "2013-12-31": "3075.00000", "2012-12-31": "2242.00000", "2011-12-31": "1751.00000", "2010-12-31": "2471.00000", "2009-12-31": "2246.00000", "2008-12-31": "1999.00000", "2007-12-31": "1675.00000", "2006-12-31": "2400.00000", "2005-12-31": "2650.00000"}, "Property, Plant, And Equipment": {"2020-12-31": "31345.00000", "2019-12-31": "31614.00000", "2018-12-31": "31091.00000", "2017-12-31": "30330.00000", "2016-12-31": "29751.00000", "2015-12-31": "28992.00000", "2014-12-31": "27694.00000", "2013-12-31": "26645.00000", "2012-12-31": "25736.00000", "2011-12-31": "24469.00000", "2010-12-31": "23231.00000", "2009-12-31": "22643.00000", "2008-12-31": "22247.00000", "2007-12-31": "21583.00000", "2006-12-31": "21098.00000", "2005-12-31": "20735.00000"}, "Long-Term Investments": {"2020-12-31": "3590.00000", "2019-12-31": "3428.00000", "2018-12-31": "3109.00000", "2017-12-31": "2981.00000", "2016-12-31": "2777.00000", "2015-12-31": "2572.00000", "2014-12-31": "2679.00000", "2013-12-31": "2439.00000", "2012-12-31": "2300.00000", "2011-12-31": "2234.00000", "2010-12-31": "2193.00000", "2009-12-31": "2164.00000", "2008-12-31": "1779.00000", "2007-12-31": "1974.00000", "2006-12-31": "1755.00000", "2005-12-31": "1558.00000"}, "Goodwill And Intangible Assets": {"2020-12-31": "", "2019-12-31": "", "2018-12-31": "", "2017-12-31": "", "2016-12-31": "", "2015-12-31": "", "2014-12-31": "", "2013-12-31": "", "2012-12-31": "", "2011-12-31": "", "2010-12-31": "", "2009-12-31": "", "2008-12-31": "", "2007-12-31": "", "2006-12-31": "", "2005-12-31": ""}, "Other Long-Term Assets": {"2020-12-31": "709.00000", "2019-12-31": "800.00000", "2018-12-31": "177.00000", "2017-12-31": "251.00000", "2016-12-31": "73.00000", "2015-12-31": "63.00000", "2014-12-31": "49.00000", "2013-12-31": "324.00000", "2012-12-31": "64.00000", "2011-12-31": "84.00000", "2010-12-31": "304.00000", "2009-12-31": "316.00000", "2008-12-31": "272.00000", "2007-12-31": "912.00000", "2006-12-31": "775.00000", "2005-12-31": "916.00000"}, "Total Long-Term Assets": {"2020-12-31": "35644.00000", "2019-12-31": "35842.00000", "2018-12-31": "34377.00000", "2017-12-31": "33562.00000", "2016-12-31": "32601.00000", "2015-12-31": "31627.00000", "2014-12-31": "30422.00000", "2013-12-31": "29408.00000", "2012-12-31": "28100.00000", "2011-12-31": "26787.00000", "2010-12-31": "25728.00000", "2009-12-31": "25123.00000", "2008-12-31": "24298.00000", "2007-12-31": "24469.00000", "2006-12-31": "23628.00000", "2005-12-31": "23209.00000"}, "Total Assets": {"2020-12-31": "37962.00000", "2019-12-31": "37923.00000", "2018-12-31": "36239.00000", "2017-12-31": "35711.00000", "2016-12-31": "34892.00000", "2015-12-31": "34139.00000", "2014-12-31": "33200.00000", "2013-12-31": "32483.00000", "2012-12-31": "30342.00000", "2011-12-31": "28538.00000", "2010-12-31": "28199.00000", "2009-12-31": "27369.00000", "2008-12-31": "26297.00000", "2007-12-31": "26144.00000", "2006-12-31": "26028.00000", "2005-12-31": "25859.00000"}, "Total Current Liabilities": {"2020-12-31": "2160.00000", "2019-12-31": "2300.00000", "2018-12-31": "2591.00000", "2017-12-31": "2545.00000", "2016-12-31": "2339.00000", "2015-12-31": "2231.00000", "2014-12-31": "1780.00000", "2013-12-31": "2305.00000", "2012-12-31": "2081.00000", "2011-12-31": "1701.00000", "2010-12-31": "2082.00000", "2009-12-31": "1789.00000", "2008-12-31": "2105.00000", "2007-12-31": "1948.00000", "2006-12-31": "2093.00000", "2005-12-31": "1921.00000"}, "Long Term Debt": {"2020-12-31": "12102.00000", "2019-12-31": "11880.00000", "2018-12-31": "10560.00000", "2017-12-31": "9136.00000", "2016-12-31": "9562.00000", "2015-12-31": "9393.00000", "2014-12-31": "8883.00000", "2013-12-31": "8903.00000", "2012-12-31": "8432.00000", "2011-12-31": "7390.00000", "2010-12-31": "6567.00000", "2009-12-31": "6679.00000", "2008-12-31": "6183.00000", "2007-12-31": "5999.00000", "2006-12-31": "6109.00000", "2005-12-31": "6616.00000"}, "Other Non-Current Liabilities": {"2020-12-31": "1987.00000", "2019-12-31": "1744.00000", "2018-12-31": "1266.00000", "2017-12-31": "1347.00000", "2016-12-31": "1442.00000", "2015-12-31": "1385.00000", "2014-12-31": "1312.00000", "2013-12-31": "1444.00000", "2012-12-31": "2237.00000", "2011-12-31": "2050.00000", "2010-12-31": "1793.00000", "2009-12-31": "1801.00000", "2008-12-31": "2030.00000", "2007-12-31": "2039.00000", "2006-12-31": "1767.00000", "2005-12-31": "1415.00000"}, "Total Long Term Liabilities": {"2020-12-31": "21011.00000", "2019-12-31": "20439.00000", "2018-12-31": "18286.00000", "2017-12-31": "16807.00000", "2016-12-31": "20144.00000", "2015-12-31": "19720.00000", "2014-12-31": "19012.00000", "2013-12-31": "18889.00000", "2012-12-31": "18501.00000", "2011-12-31": "16926.00000", "2010-12-31": "15448.00000", "2009-12-31": "15227.00000", "2008-12-31": "14585.00000", "2007-12-31": "14469.00000", "2006-12-31": "14320.00000", "2005-12-31": "14662.00000"}, "Total Liabilities": {"2020-12-31": "23171.00000", "2019-12-31": "22739.00000", "2018-12-31": "20877.00000", "2017-12-31": "19352.00000", "2016-12-31": "22483.00000", "2015-12-31": "21951.00000", "2014-12-31": "20792.00000", "2013-12-31": "21194.00000", "2012-12-31": "20582.00000", "2011-12-31": "18627.00000", "2010-12-31": "17530.00000", "2009-12-31": "17016.00000", "2008-12-31": "16690.00000", "2007-12-31": "16417.00000", "2006-12-31": "16413.00000", "2005-12-31": "16583.00000"}, "Common Stock Net": {"2020-12-31": "254.00000", "2019-12-31": "259.00000", "2018-12-31": "269.00000", "2017-12-31": "285.00000", "2016-12-31": "292.00000", "2015-12-31": "299.00000", "2014-12-31": "310.00000", "2013-12-31": "310.00000", "2012-12-31": "315.00000", "2011-12-31": "332.00000", "2010-12-31": "358.00000", "2009-12-31": "370.00000", "2008-12-31": "368.00000", "2007-12-31": "380.00000", "2006-12-31": "398.00000", "2005-12-31": "431.00000"}, "Retained Earnings (Accumulated Deficit)": {"2020-12-31": "12883.00000", "2019-12-31": "13207.00000", "2018-12-31": "13440.00000", "2017-12-31": "14176.00000", "2016-12-31": "10425.00000", "2015-12-31": "10191.00000", "2014-12-31": "10348.00000", "2013-12-31": "9339.00000", "2012-12-31": "8643.00000", "2011-12-31": "8693.00000", "2010-12-31": "9224.00000", "2009-12-31": "9027.00000", "2008-12-31": "8501.00000", "2007-12-31": "8280.00000", "2006-12-31": "8283.00000", "2005-12-31": "7967.00000"}, "Comprehensive Income": {"2020-12-31": "-594.00000", "2019-12-31": "-491.00000", "2018-12-31": "-563.00000", "2017-12-31": "-356.00000", "2016-12-31": "-487.00000", "2015-12-31": "-445.00000", "2014-12-31": "-398.00000", "2013-12-31": "-381.00000", "2012-12-31": "-1109.00000", "2011-12-31": "-1026.00000", "2010-12-31": "-805.00000", "2009-12-31": "-853.00000", "2008-12-31": "-942.00000", "2007-12-31": "-399.00000", "2006-12-31": "-369.00000", "2005-12-31": "-77.00000"}, "Other Share Holders Equity": {"2020-12-31": "", "2019-12-31": "", "2018-12-31": "", "2017-12-31": "", "2016-12-31": "", "2015-12-31": "", "2014-12-31": "", "2013-12-31": "", "2012-12-31": "", "2011-12-31": "", "2010-12-31": "", "2009-12-31": "", "2008-12-31": "", "2007-12-31": "", "2006-12-31": "", "2005-12-31": "-17.00000"}, "Share Holder Equity": {"2020-12-31": "14791.00000", "2019-12-31": "15184.00000", "2018-12-31": "15362.00000", "2017-12-31": "16359.00000", "2016-12-31": "12409.00000", "2015-12-31": "12188.00000", "2014-12-31": "12408.00000", "2013-12-31": "11289.00000", "2012-12-31": "9760.00000", "2011-12-31": "9911.00000", "2010-12-31": "10669.00000", "2009-12-31": "10353.00000", "2008-12-31": "9607.00000", "2007-12-31": "9727.00000", "2006-12-31": "9615.00000", "2005-12-31": "9276.00000"}, "Total Liabilities And Share Holders Equity": {"2020-12-31": "37962.00000", "2019-12-31": "37923.00000", "2018-12-31": "36239.00000", "2017-12-31": "35711.00000", "2016-12-31": "34892.00000", "2015-12-31": "34139.00000", "2014-12-31": "33200.00000", "2013-12-31": "32483.00000", "2012-12-31": "30342.00000", "2011-12-31": "28538.00000", "2010-12-31": "28199.00000", "2009-12-31": "27369.00000", "2008-12-31": "26297.00000", "2007-12-31": "26144.00000", "2006-12-31": "26028.00000", "2005-12-31": "25859.00000"}}, "balance sheet, quarterly": {"Cash On Hand": {"2020-12-31": "1115.00000", "2020-09-30": "1359.00000", "2020-06-30": "1143.00000", "2020-03-31": "608.00000", "2019-12-31": "580.00000", "2019-09-30": "452.00000", "2019-06-30": "274.00000", "2019-03-31": "411.00000", "2018-12-31": "358.00000", "2018-09-30": "729.00000", "2018-06-30": "430.00000", "2018-03-31": "1072.00000", "2017-12-31": "690.00000", "2017-09-30": "724.00000", "2017-06-30": "642.00000", "2017-03-31": "955.00000", "2016-12-31": "956.00000", "2016-09-30": "984.00000", "2016-06-30": "866.00000", "2016-03-31": "589.00000", "2015-12-31": "1101.00000", "2015-09-30": "433.00000", "2015-06-30": "889.00000", "2015-03-31": "524.00000", "2014-12-31": "973.00000", "2014-09-30": "1432.00000", "2014-06-30": "1667.00000", "2014-03-31": "1532.00000", "2013-12-31": "1561.00000", "2013-09-30": "1004.00000", "2013-06-30": "587.00000", "2013-03-31": "687.00000", "2012-12-31": "668.00000", "2012-09-30": "708.00000", "2012-06-30": "371.00000", "2012-03-31": "831.00000", "2011-12-31": "301.00000", "2011-09-30": "394.00000", "2011-06-30": "906.00000", "2011-03-31": "488.00000", "2010-12-31": "1110.00000", "2010-09-30": "1358.00000", "2010-06-30": "1060.00000", "2010-03-31": "1386.00000", "2009-12-31": "1086.00000", "2009-09-30": "999.00000", "2009-06-30": "722.00000", "2009-03-31": "884.00000", "2008-12-31": "618.00000", "2008-09-30": "557.00000", "2008-06-30": "454.00000", "2008-03-31": "364.00000", "2007-12-31": "206.00000", "2007-09-30": "418.00000", "2007-06-30": "492.00000", "2007-03-31": "844.00000", "2006-12-31": "918.00000", "2006-09-30": "803.00000", "2006-06-30": "1535.00000", "2006-03-31": "1542.00000", "2005-12-31": "1257.00000", "2005-09-30": "1050.00000", "2005-06-30": "615.00000", "2005-03-31": "1119.00000"}, "Receivables": {"2020-12-31": "848.00000", "2020-09-30": "883.00000", "2020-06-30": "822.00000", "2020-03-31": "889.00000", "2019-12-31": "920.00000", "2019-09-30": "973.00000", "2019-06-30": "1039.00000", "2019-03-31": "1048.00000", "2018-12-31": "1009.00000", "2018-09-30": "1043.00000", "2018-06-30": "1035.00000", "2018-03-31": "973.00000", "2017-12-31": "955.00000", "2017-09-30": "973.00000", "2017-06-30": "926.00000", "2017-03-31": "998.00000", "2016-12-31": "945.00000", "2016-09-30": "960.00000", "2016-06-30": "985.00000", "2016-03-31": "961.00000", "2015-12-31": "946.00000", "2015-09-30": "1103.00000", "2015-06-30": "1055.00000", "2015-03-31": "1032.00000", "2014-12-31": "1055.00000", "2014-09-30": "1103.00000", "2014-06-30": "1122.00000", "2014-03-31": "1109.00000", "2013-12-31": "1024.00000", "2013-09-30": "1083.00000", "2013-06-30": "1072.00000", "2013-03-31": "1158.00000", "2012-12-31": "1109.00000", "2012-09-30": "1078.00000", "2012-06-30": "1086.00000", "2012-03-31": "1056.00000", "2011-12-31": "1022.00000", "2011-09-30": "1029.00000", "2011-06-30": "991.00000", "2011-03-31": "934.00000", "2010-12-31": "807.00000", "2010-09-30": "908.00000", "2010-06-30": "892.00000", "2010-03-31": "867.00000", "2009-12-31": "766.00000", "2009-09-30": "855.00000", "2009-06-30": "800.00000", "2009-03-31": "831.00000", "2008-12-31": "870.00000", "2008-09-30": "1076.00000", "2008-06-30": "1084.00000", "2008-03-31": "1125.00000", "2007-12-31": "942.00000", "2007-09-30": "1013.00000", "2007-06-30": "1001.00000", "2007-03-31": "991.00000", "2006-12-31": "992.00000", "2006-09-30": "1027.00000", "2006-06-30": "990.00000", "2006-03-31": "985.00000", "2005-12-31": "931.00000", "2005-09-30": "950.00000", "2005-06-30": "885.00000", "2005-03-31": "890.00000"}, "Inventory": {"2020-12-31": "221.00000", "2020-09-30": "247.00000", "2020-06-30": "257.00000", "2020-03-31": "265.00000", "2019-12-31": "244.00000", "2019-09-30": "266.00000", "2019-06-30": "256.00000", "2019-03-31": "228.00000", "2018-12-31": "207.00000", "2018-09-30": "267.00000", "2018-06-30": "260.00000", "2018-03-31": "245.00000", "2017-12-31": "222.00000", "2017-09-30": "245.00000", "2017-06-30": "289.00000", "2017-03-31": "281.00000", "2016-12-31": "257.00000", "2016-09-30": "301.00000", "2016-06-30": "306.00000", "2016-03-31": "315.00000", "2015-12-31": "271.00000", "2015-09-30": "288.00000", "2015-06-30": "277.00000", "2015-03-31": "268.00000", "2014-12-31": "236.00000", "2014-09-30": "249.00000", "2014-06-30": "251.00000", "2014-03-31": "240.00000", "2013-12-31": "223.00000", "2013-09-30": "224.00000", "2013-06-30": "228.00000", "2013-03-31": "246.00000", "2012-12-31": "216.00000", "2012-09-30": "236.00000", "2012-06-30": "242.00000", "2012-03-31": "228.00000", "2011-12-31": "209.00000", "2011-09-30": "212.00000", "2011-06-30": "201.00000", "2011-03-31": "190.00000", "2010-12-31": "169.00000", "2010-09-30": "179.00000", "2010-06-30": "179.00000", "2010-03-31": "180.00000", "2009-12-31": "164.00000", "2009-09-30": "172.00000", "2009-06-30": "188.00000", "2009-03-31": "191.00000", "2008-12-31": "194.00000", "2008-09-30": "210.00000", "2008-06-30": "203.00000", "2008-03-31": "194.00000", "2007-12-31": "176.00000", "2007-09-30": "173.00000", "2007-06-30": "174.00000", "2007-03-31": "161.00000", "2006-12-31": "151.00000", "2006-09-30": "158.00000", "2006-06-30": "146.00000", "2006-03-31": "143.00000", "2005-12-31": "132.00000", "2005-09-30": "137.00000", "2005-06-30": "125.00000", "2005-03-31": "114.00000"}, "Pre-Paid Expenses": {"2020-12-31": "", "2020-09-30": "", "2020-06-30": "", "2020-03-31": "", "2019-12-31": "", "2019-09-30": "", "2019-06-30": "", "2019-03-31": "", "2018-12-31": "", "2018-09-30": "", "2018-06-30": "", "2018-03-31": "", "2017-12-31": "", "2017-09-30": "", "2017-06-30": "", "2017-03-31": "", "2016-12-31": "", "2016-09-30": "", "2016-06-30": "", "2016-03-31": "", "2015-12-31": "", "2015-09-30": "", "2015-06-30": "", "2015-03-31": "", "2014-12-31": "", "2014-09-30": "", "2014-06-30": "", "2014-03-31": "", "2013-12-31": "", "2013-09-30": "", "2013-06-30": "", "2013-03-31": "", "2012-12-31": "", "2012-09-30": "", "2012-06-30": "", "2012-03-31": "", "2011-12-31": "", "2011-09-30": "", "2011-06-30": "", "2011-03-31": "", "2010-12-31": "", "2010-09-30": "", "2010-06-30": "", "2010-03-31": "", "2009-12-31": "", "2009-09-30": "", "2009-06-30": "", "2009-03-31": "", "2008-12-31": "", "2008-09-30": "", "2008-06-30": "", "2008-03-31": "", "2007-12-31": "", "2007-09-30": "", "2007-06-30": "", "2007-03-31": "", "2006-12-31": "", "2006-09-30": "", "2006-06-30": "", "2006-03-31": "", "2005-12-31": "", "2005-09-30": "", "2005-06-30": "", "2005-03-31": ""}, "Other Current Assets": {"2020-12-31": "134.00000", "2020-09-30": "90.00000", "2020-06-30": "128.00000", "2020-03-31": "240.00000", "2019-12-31": "337.00000", "2019-09-30": "325.00000", "2019-06-30": "345.00000", "2019-03-31": "235.00000", "2018-12-31": "288.00000", "2018-09-30": "70.00000", "2018-06-30": "179.00000", "2018-03-31": "189.00000", "2017-12-31": "282.00000", "2017-09-30": "57.00000", "2017-06-30": "79.00000", "2017-03-31": "93.00000", "2016-12-31": "133.00000", "2016-09-30": "72.00000", "2016-06-30": "82.00000", "2016-03-31": "101.00000", "2015-12-31": "194.00000", "2015-09-30": "55.00000", "2015-06-30": "67.00000", "2015-03-31": "173.00000", "2014-12-31": "347.00000", "2014-09-30": "50.00000", "2014-06-30": "65.00000", "2014-03-31": "70.00000", "2013-12-31": "87.00000", "2013-09-30": "34.00000", "2013-06-30": "54.00000", "2013-03-31": "65.00000", "2012-12-31": "82.00000", "2012-09-30": "33.00000", "2012-06-30": "52.00000", "2012-03-31": "71.00000", "2011-12-31": "76.00000", "2011-09-30": "30.00000", "2011-06-30": "54.00000", "2011-03-31": "72.00000", "2010-12-31": "240.00000", "2010-09-30": "35.00000", "2010-06-30": "49.00000", "2010-03-31": "68.00000", "2009-12-31": "88.00000", "2009-09-30": "55.00000", "2009-06-30": "90.00000", "2009-03-31": "127.00000", "2008-12-31": "168.00000", "2008-09-30": "67.00000", "2008-06-30": "116.00000", "2008-03-31": "123.00000", "2007-12-31": "161.00000", "2007-09-30": "59.00000", "2007-06-30": "83.00000", "2007-03-31": "106.00000", "2006-12-31": "153.00000", "2006-09-30": "52.00000", "2006-06-30": "64.00000", "2006-03-31": "107.00000", "2005-12-31": "163.00000", "2005-09-30": "124.00000", "2005-06-30": "169.00000", "2005-03-31": "256.00000"}, "Total Current Assets": {"2020-12-31": "2318.00000", "2020-09-30": "2579.00000", "2020-06-30": "2350.00000", "2020-03-31": "2002.00000", "2019-12-31": "2081.00000", "2019-09-30": "2016.00000", "2019-06-30": "1914.00000", "2019-03-31": "1922.00000", "2018-12-31": "1862.00000", "2018-09-30": "2109.00000", "2018-06-30": "1904.00000", "2018-03-31": "2479.00000", "2017-12-31": "2149.00000", "2017-09-30": "1999.00000", "2017-06-30": "1936.00000", "2017-03-31": "2327.00000", "2016-12-31": "2291.00000", "2016-09-30": "2317.00000", "2016-06-30": "2239.00000", "2016-03-31": "1966.00000", "2015-12-31": "2512.00000", "2015-09-30": "2002.00000", "2015-06-30": "2413.00000", "2015-03-31": "2115.00000", "2014-12-31": "2778.00000", "2014-09-30": "3012.00000", "2014-06-30": "3266.00000", "2014-03-31": "3130.00000", "2013-12-31": "3075.00000", "2013-09-30": "2494.00000", "2013-06-30": "2078.00000", "2013-03-31": "2323.00000", "2012-12-31": "2242.00000", "2012-09-30": "2199.00000", "2012-06-30": "1884.00000", "2012-03-31": "2332.00000", "2011-12-31": "1751.00000", "2011-09-30": "1825.00000", "2011-06-30": "2315.00000", "2011-03-31": "1832.00000", "2010-12-31": "2471.00000", "2010-09-30": "2633.00000", "2010-06-30": "2328.00000", "2010-03-31": "2646.00000", "2009-12-31": "2246.00000", "2009-09-30": "2233.00000", "2009-06-30": "1936.00000", "2009-03-31": "2194.00000", "2008-12-31": "1999.00000", "2008-09-30": "2082.00000", "2008-06-30": "2026.00000", "2008-03-31": "2036.00000", "2007-12-31": "1675.00000", "2007-09-30": "1851.00000", "2007-06-30": "1949.00000", "2007-03-31": "2287.00000", "2006-12-31": "2400.00000", "2006-09-30": "2216.00000", "2006-06-30": "2910.00000", "2006-03-31": "2944.00000", "2005-12-31": "2650.00000", "2005-09-30": "2436.00000", "2005-06-30": "1970.00000", "2005-03-31": "2595.00000"}, "Property, Plant, And Equipment": {"2020-12-31": "31345.00000", "2020-09-30": "31239.00000", "2020-06-30": "31217.00000", "2020-03-31": "31179.00000", "2019-12-31": "31614.00000", "2019-09-30": "31394.00000", "2019-06-30": "31201.00000", "2019-03-31": "31158.00000", "2018-12-31": "31091.00000", "2018-09-30": "30712.00000", "2018-06-30": "30540.00000", "2018-03-31": "30396.00000", "2017-12-31": "30330.00000", "2017-09-30": "30163.00000", "2017-06-30": "30033.00000", "2017-03-31": "29927.00000", "2016-12-31": "29751.00000", "2016-09-30": "29467.00000", "2016-06-30": "29387.00000", "2016-03-31": "29135.00000", "2015-12-31": "28992.00000", "2015-09-30": "28682.00000", "2015-06-30": "28075.00000", "2015-03-31": "27829.00000", "2014-12-31": "27694.00000", "2014-09-30": "27230.00000", "2014-06-30": "26927.00000", "2014-03-31": "26768.00000", "2013-12-31": "26645.00000", "2013-09-30": "26413.00000", "2013-06-30": "26098.00000", "2013-03-31": "25870.00000", "2012-12-31": "25736.00000", "2012-09-30": "25260.00000", "2012-06-30": "24968.00000", "2012-03-31": "24703.00000", "2011-12-31": "24469.00000", "2011-09-30": "23978.00000", "2011-06-30": "23671.00000", "2011-03-31": "23451.00000", "2010-12-31": "23231.00000", "2010-09-30": "22893.00000", "2010-06-30": "22786.00000", "2010-03-31": "22697.00000", "2009-12-31": "22643.00000", "2009-09-30": "22490.00000", "2009-06-30": "22375.00000", "2009-03-31": "22292.00000", "2008-12-31": "22247.00000", "2008-09-30": "22032.00000", "2008-06-30": "21824.00000", "2008-03-31": "21697.00000", "2007-12-31": "21583.00000", "2007-09-30": "21345.00000", "2007-06-30": "21245.00000", "2007-03-31": "21128.00000", "2006-12-31": "21098.00000", "2006-09-30": "20970.00000", "2006-06-30": "20886.00000", "2006-03-31": "20756.00000", "2005-12-31": "20735.00000", "2005-09-30": "20481.00000", "2005-06-30": "20471.00000", "2005-03-31": "20474.00000"}, "Long-Term Investments": {"2020-12-31": "3590.00000", "2020-09-30": "3566.00000", "2020-06-30": "3590.00000", "2020-03-31": "3470.00000", "2019-12-31": "3428.00000", "2019-09-30": "3376.00000", "2019-06-30": "3301.00000", "2019-03-31": "3198.00000", "2018-12-31": "3109.00000", "2018-09-30": "3109.00000", "2018-06-30": "3058.00000", "2018-03-31": "3020.00000", "2017-12-31": "2981.00000", "2017-09-30": "2888.00000", "2017-06-30": "2848.00000", "2017-03-31": "2809.00000", "2016-12-31": "2777.00000", "2016-09-30": "2779.00000", "2016-06-30": "2639.00000", "2016-03-31": "2617.00000", "2015-12-31": "2572.00000", "2015-09-30": "2740.00000", "2015-06-30": "2724.00000", "2015-03-31": "2701.00000", "2014-12-31": "2679.00000", "2014-09-30": "2610.00000", "2014-06-30": "2505.00000", "2014-03-31": "2466.00000", "2013-12-31": "2439.00000", "2013-09-30": "2395.00000", "2013-06-30": "2366.00000", "2013-03-31": "2341.00000", "2012-12-31": "2300.00000", "2012-09-30": "2315.00000", "2012-06-30": "2278.00000", "2012-03-31": "2263.00000", "2011-12-31": "2234.00000", "2011-09-30": "2240.00000", "2011-06-30": "2235.00000", "2011-03-31": "2199.00000", "2010-12-31": "2193.00000", "2010-09-30": "2307.00000", "2010-06-30": "2293.00000", "2010-03-31": "2166.00000", "2009-12-31": "2164.00000", "2009-09-30": "2067.00000", "2009-06-30": "2027.00000", "2009-03-31": "1806.00000", "2008-12-31": "1779.00000", "2008-09-30": "1827.00000", "2008-06-30": "1804.00000", "2008-03-31": "1937.00000", "2007-12-31": "1974.00000", "2007-09-30": "1934.00000", "2007-06-30": "1917.00000", "2007-03-31": "1827.00000", "2006-12-31": "1755.00000", "2006-09-30": "1779.00000", "2006-06-30": "1744.00000", "2006-03-31": "1623.00000", "2005-12-31": "1558.00000", "2005-09-30": "1608.00000", "2005-06-30": "1556.00000", "2005-03-31": "1525.00000"}, "Goodwill And Intangible Assets": {"2020-12-31": "", "2020-09-30": "", "2020-06-30": "", "2020-03-31": "", "2019-12-31": "", "2019-09-30": "", "2019-06-30": "", "2019-03-31": "", "2018-12-31": "", "2018-09-30": "", "2018-06-30": "", "2018-03-31": "", "2017-12-31": "", "2017-09-30": "", "2017-06-30": "", "2017-03-31": "", "2016-12-31": "", "2016-09-30": "", "2016-06-30": "", "2016-03-31": "", "2015-12-31": "", "2015-09-30": "", "2015-06-30": "", "2015-03-31": "", "2014-12-31": "", "2014-09-30": "", "2014-06-30": "", "2014-03-31": "", "2013-12-31": "", "2013-09-30": "", "2013-06-30": "", "2013-03-31": "", "2012-12-31": "", "2012-09-30": "", "2012-06-30": "", "2012-03-31": "", "2011-12-31": "", "2011-09-30": "", "2011-06-30": "", "2011-03-31": "", "2010-12-31": "", "2010-09-30": "", "2010-06-30": "", "2010-03-31": "", "2009-12-31": "", "2009-09-30": "", "2009-06-30": "", "2009-03-31": "", "2008-12-31": "", "2008-09-30": "", "2008-06-30": "", "2008-03-31": "", "2007-12-31": "", "2007-09-30": "", "2007-06-30": "", "2007-03-31": "", "2006-12-31": "", "2006-09-30": "", "2006-06-30": "", "2006-03-31": "", "2005-12-31": "", "2005-09-30": "", "2005-06-30": "", "2005-03-31": ""}, "Other Long-Term Assets": {"2020-12-31": "709.00000", "2020-09-30": "795.00000", "2020-06-30": "805.00000", "2020-03-31": "787.00000", "2019-12-31": "800.00000", "2019-09-30": "714.00000", "2019-06-30": "756.00000", "2019-03-31": "784.00000", "2018-12-31": "177.00000", "2018-09-30": "392.00000", "2018-06-30": "286.00000", "2018-03-31": "267.00000", "2017-12-31": "251.00000", "2017-09-30": "103.00000", "2017-06-30": "105.00000", "2017-03-31": "82.00000", "2016-12-31": "73.00000", "2016-09-30": "69.00000", "2016-06-30": "69.00000", "2016-03-31": "67.00000", "2015-12-31": "63.00000", "2015-09-30": "103.00000", "2015-06-30": "98.00000", "2015-03-31": "130.00000", "2014-12-31": "49.00000", "2014-09-30": "354.00000", "2014-06-30": "342.00000", "2014-03-31": "336.00000", "2013-12-31": "324.00000", "2013-09-30": "63.00000", "2013-06-30": "63.00000", "2013-03-31": "65.00000", "2012-12-31": "64.00000", "2012-09-30": "66.00000", "2012-06-30": "61.00000", "2012-03-31": "77.00000", "2011-12-31": "84.00000", "2011-09-30": "268.00000", "2011-06-30": "257.00000", "2011-03-31": "246.00000", "2010-12-31": "304.00000", "2010-09-30": "229.00000", "2010-06-30": "226.00000", "2010-03-31": "221.00000", "2009-12-31": "316.00000", "2009-09-30": "285.00000", "2009-06-30": "295.00000", "2009-03-31": "254.00000", "2008-12-31": "272.00000", "2008-09-30": "776.00000", "2008-06-30": "760.00000", "2008-03-31": "795.00000", "2007-12-31": "912.00000", "2007-09-30": "830.00000", "2007-06-30": "820.00000", "2007-03-31": "788.00000", "2006-12-31": "775.00000", "2006-09-30": "1013.00000", "2006-06-30": "1019.00000", "2006-03-31": "918.00000", "2005-12-31": "916.00000", "2005-09-30": "908.00000", "2005-06-30": "910.00000", "2005-03-31": "893.00000"}, "Total Long-Term Assets": {"2020-12-31": "35644.00000", "2020-09-30": "35600.00000", "2020-06-30": "35612.00000", "2020-03-31": "35436.00000", "2019-12-31": "35842.00000", "2019-09-30": "35484.00000", "2019-06-30": "35258.00000", "2019-03-31": "35140.00000", "2018-12-31": "34377.00000", "2018-09-30": "34213.00000", "2018-06-30": "33884.00000", "2018-03-31": "33683.00000", "2017-12-31": "33562.00000", "2017-09-30": "33154.00000", "2017-06-30": "32986.00000", "2017-03-31": "32818.00000", "2016-12-31": "32601.00000", "2016-09-30": "32315.00000", "2016-06-30": "32095.00000", "2016-03-31": "31819.00000", "2015-12-31": "31627.00000", "2015-09-30": "31525.00000", "2015-06-30": "30897.00000", "2015-03-31": "30660.00000", "2014-12-31": "30422.00000", "2014-09-30": "30194.00000", "2014-06-30": "29774.00000", "2014-03-31": "29570.00000", "2013-12-31": "29408.00000", "2013-09-30": "28871.00000", "2013-06-30": "28527.00000", "2013-03-31": "28276.00000", "2012-12-31": "28100.00000", "2012-09-30": "27641.00000", "2012-06-30": "27307.00000", "2012-03-31": "27043.00000", "2011-12-31": "26787.00000", "2011-09-30": "26486.00000", "2011-06-30": "26163.00000", "2011-03-31": "25896.00000", "2010-12-31": "25728.00000", "2010-09-30": "25429.00000", "2010-06-30": "25305.00000", "2010-03-31": "25084.00000", "2009-12-31": "25123.00000", "2009-09-30": "24842.00000", "2009-06-30": "24697.00000", "2009-03-31": "24352.00000", "2008-12-31": "24298.00000", "2008-09-30": "24635.00000", "2008-06-30": "24388.00000", "2008-03-31": "24429.00000", "2007-12-31": "24469.00000", "2007-09-30": "24109.00000", "2007-06-30": "23982.00000", "2007-03-31": "23743.00000", "2006-12-31": "23628.00000", "2006-09-30": "23762.00000", "2006-06-30": "23649.00000", "2006-03-31": "23297.00000", "2005-12-31": "23209.00000", "2005-09-30": "22997.00000", "2005-06-30": "22937.00000", "2005-03-31": "22892.00000"}, "Total Assets": {"2020-12-31": "37962.00000", "2020-09-30": "38179.00000", "2020-06-30": "37962.00000", "2020-03-31": "37438.00000", "2019-12-31": "37923.00000", "2019-09-30": "37500.00000", "2019-06-30": "37172.00000", "2019-03-31": "37062.00000", "2018-12-31": "36239.00000", "2018-09-30": "36322.00000", "2018-06-30": "35788.00000", "2018-03-31": "36162.00000", "2017-12-31": "35711.00000", "2017-09-30": "35153.00000", "2017-06-30": "34922.00000", "2017-03-31": "35145.00000", "2016-12-31": "34892.00000", "2016-09-30": "34632.00000", "2016-06-30": "34334.00000", "2016-03-31": "33785.00000", "2015-12-31": "34139.00000", "2015-09-30": "33527.00000", "2015-06-30": "33310.00000", "2015-03-31": "32775.00000", "2014-12-31": "33200.00000", "2014-09-30": "33206.00000", "2014-06-30": "33040.00000", "2014-03-31": "32700.00000", "2013-12-31": "32483.00000", "2013-09-30": "31365.00000", "2013-06-30": "30605.00000", "2013-03-31": "30599.00000", "2012-12-31": "30342.00000", "2012-09-30": "29840.00000", "2012-06-30": "29191.00000", "2012-03-31": "29375.00000", "2011-12-31": "28538.00000", "2011-09-30": "28311.00000", "2011-06-30": "28478.00000", "2011-03-31": "27728.00000", "2010-12-31": "28199.00000", "2010-09-30": "28062.00000", "2010-06-30": "27633.00000", "2010-03-31": "27730.00000", "2009-12-31": "27369.00000", "2009-09-30": "27075.00000", "2009-06-30": "26633.00000", "2009-03-31": "26546.00000", "2008-12-31": "26297.00000", "2008-09-30": "26717.00000", "2008-06-30": "26414.00000", "2008-03-31": "26465.00000", "2007-12-31": "26144.00000", "2007-09-30": "25960.00000", "2007-06-30": "25931.00000", "2007-03-31": "26030.00000", "2006-12-31": "26028.00000", "2006-09-30": "25978.00000", "2006-06-30": "26559.00000", "2006-03-31": "26241.00000", "2005-12-31": "25859.00000", "2005-09-30": "25433.00000", "2005-06-30": "24907.00000", "2005-03-31": "25487.00000"}, "Total Current Liabilities": {"2020-12-31": "2160.00000", "2020-09-30": "2005.00000", "2020-06-30": "1935.00000", "2020-03-31": "2236.00000", "2019-12-31": "2300.00000", "2019-09-30": "2761.00000", "2019-06-30": "2451.00000", "2019-03-31": "2885.00000", "2018-12-31": "2591.00000", "2018-09-30": "2441.00000", "2018-06-30": "2352.00000", "2018-03-31": "2388.00000", "2017-12-31": "2545.00000", "2017-09-30": "2413.00000", "2017-06-30": "2343.00000", "2017-03-31": "2443.00000", "2016-12-31": "2339.00000", "2016-09-30": "2232.00000", "2016-06-30": "2107.00000", "2016-03-31": "1831.00000", "2015-12-31": "2231.00000", "2015-09-30": "2367.00000", "2015-06-30": "2203.00000", "2015-03-31": "2103.00000", "2014-12-31": "1780.00000", "2014-09-30": "2082.00000", "2014-06-30": "2368.00000", "2014-03-31": "2321.00000", "2013-12-31": "2305.00000", "2013-09-30": "2332.00000", "2013-06-30": "1815.00000", "2013-03-31": "1904.00000", "2012-12-31": "2081.00000", "2012-09-30": "1824.00000", "2012-06-30": "1774.00000", "2012-03-31": "1932.00000", "2011-12-31": "1701.00000", "2011-09-30": "1936.00000", "2011-06-30": "1753.00000", "2011-03-31": "1567.00000", "2010-12-31": "2082.00000", "2010-09-30": "1955.00000", "2010-06-30": "1937.00000", "2010-03-31": "2193.00000", "2009-12-31": "1789.00000", "2009-09-30": "1866.00000", "2009-06-30": "1738.00000", "2009-03-31": "2018.00000", "2008-12-31": "2105.00000", "2008-09-30": "2303.00000", "2008-06-30": "2128.00000", "2008-03-31": "2227.00000", "2007-12-31": "1948.00000", "2007-09-30": "2022.00000", "2007-06-30": "1977.00000", "2007-03-31": "2149.00000", "2006-12-31": "2093.00000", "2006-09-30": "2189.00000", "2006-06-30": "2343.00000", "2006-03-31": "1961.00000", "2005-12-31": "1921.00000", "2005-09-30": "1982.00000", "2005-06-30": "1620.00000", "2005-03-31": "2177.00000"}, "Long Term Debt": {"2020-12-31": "12102.00000", "2020-09-30": "12634.00000", "2020-06-30": "12612.00000", "2020-03-31": "11807.00000", "2019-12-31": "11880.00000", "2019-09-30": "11085.00000", "2019-06-30": "11076.00000", "2019-03-31": "10569.00000", "2018-12-31": "10560.00000", "2018-09-30": "10635.00000", "2018-06-30": "9146.00000", "2018-03-31": "9637.00000", "2017-12-31": "9136.00000", "2017-09-30": "9280.00000", "2017-06-30": "9273.00000", "2017-03-31": "9569.00000", "2016-12-31": "9562.00000", "2016-09-30": "9555.00000", "2016-06-30": "9549.00000", "2016-03-31": "9398.00000", "2015-12-31": "9393.00000", "2015-09-30": "8896.00000", "2015-06-30": "8890.00000", "2015-03-31": "8429.00000", "2014-12-31": "8883.00000", "2014-09-30": "8919.00000", "2014-06-30": "8814.00000", "2014-03-31": "8909.00000", "2013-12-31": "8903.00000", "2013-09-30": "8499.00000", "2013-06-30": "8430.00000", "2013-03-31": "8438.00000", "2012-12-31": "8432.00000", "2012-09-30": "8428.00000", "2012-06-30": "7972.00000", "2012-03-31": "7985.00000", "2011-12-31": "7390.00000", "2011-09-30": "6782.00000", "2011-06-30": "6931.00000", "2011-03-31": "6554.00000", "2010-12-31": "6567.00000", "2010-09-30": "6574.00000", "2010-06-30": "6326.00000", "2010-03-31": "6379.00000", "2009-12-31": "6679.00000", "2009-09-30": "6685.00000", "2009-06-30": "6688.00000", "2009-03-31": "6467.00000", "2008-12-31": "6183.00000", "2008-09-30": "5983.00000", "2008-06-30": "6003.00000", "2008-03-31": "6217.00000", "2007-12-31": "5999.00000", "2007-09-30": "5764.00000", "2007-06-30": "5776.00000", "2007-03-31": "6000.00000", "2006-12-31": "6109.00000", "2006-09-30": "6141.00000", "2006-06-30": "6175.00000", "2006-03-31": "6550.00000", "2005-12-31": "6616.00000", "2005-09-30": "6645.00000", "2005-06-30": "6877.00000", "2005-03-31": "7125.00000"}, "Other Non-Current Liabilities": {"2020-12-31": "1987.00000", "2020-09-30": "1701.00000", "2020-06-30": "1680.00000", "2020-03-31": "1683.00000", "2019-12-31": "1744.00000", "2019-09-30": "1727.00000", "2019-06-30": "1738.00000", "2019-03-31": "1759.00000", "2018-12-31": "1266.00000", "2018-09-30": "1302.00000", "2018-06-30": "1317.00000", "2018-03-31": "1352.00000", "2017-12-31": "1347.00000", "2017-09-30": "1366.00000", "2017-06-30": "1385.00000", "2017-03-31": "1407.00000", "2016-12-31": "1442.00000", "2016-09-30": "1322.00000", "2016-06-30": "1358.00000", "2016-03-31": "1344.00000", "2015-12-31": "1385.00000", "2015-09-30": "1295.00000", "2015-06-30": "1322.00000", "2015-03-31": "1302.00000", "2014-12-31": "1312.00000", "2014-09-30": "1084.00000", "2014-06-30": "1122.00000", "2014-03-31": "1130.00000", "2013-12-31": "1444.00000", "2013-09-30": "2166.00000", "2013-06-30": "2198.00000", "2013-03-31": "2226.00000", "2012-12-31": "2237.00000", "2012-09-30": "2018.00000", "2012-06-30": "2028.00000", "2012-03-31": "2053.00000", "2011-12-31": "2050.00000", "2011-09-30": "1788.00000", "2011-06-30": "1795.00000", "2011-03-31": "1794.00000", "2010-12-31": "1793.00000", "2010-09-30": "1784.00000", "2010-06-30": "1791.00000", "2010-03-31": "1794.00000", "2009-12-31": "1801.00000", "2009-09-30": "1892.00000", "2009-06-30": "1902.00000", "2009-03-31": "1945.00000", "2008-12-31": "2030.00000", "2008-09-30": "1783.00000", "2008-06-30": "1812.00000", "2008-03-31": "1774.00000", "2007-12-31": "2039.00000", "2007-09-30": "1930.00000", "2007-06-30": "1947.00000", "2007-03-31": "1932.00000", "2006-12-31": "1767.00000", "2006-09-30": "1489.00000", "2006-06-30": "1497.00000", "2006-03-31": "1408.00000", "2005-12-31": "1415.00000", "2005-09-30": "1323.00000", "2005-06-30": "1298.00000", "2005-03-31": "1313.00000"}, "Total Long Term Liabilities": {"2020-12-31": "21011.00000", "2020-09-30": "21233.00000", "2020-06-30": "21166.00000", "2020-03-31": "20318.00000", "2019-12-31": "20439.00000", "2019-09-30": "19501.00000", "2019-06-30": "19410.00000", "2019-03-31": "18846.00000", "2018-12-31": "18286.00000", "2018-09-30": "18401.00000", "2018-06-30": "16877.00000", "2018-03-31": "17356.00000", "2017-12-31": "16807.00000", "2017-09-30": "20013.00000", "2017-06-30": "19917.00000", "2017-03-31": "20175.00000", "2016-12-31": "20144.00000", "2016-09-30": "20004.00000", "2016-06-30": "19954.00000", "2016-03-31": "19731.00000", "2015-12-31": "19720.00000", "2015-09-30": "19031.00000", "2015-06-30": "19030.00000", "2015-03-31": "18514.00000", "2014-12-31": "19012.00000", "2014-09-30": "18685.00000", "2014-06-30": "18595.00000", "2014-03-31": "18686.00000", "2013-12-31": "18889.00000", "2013-09-30": "18739.00000", "2013-06-30": "18602.00000", "2013-03-31": "18585.00000", "2012-12-31": "18501.00000", "2012-09-30": "18249.00000", "2012-06-30": "17639.00000", "2012-03-31": "17628.00000", "2011-12-31": "16926.00000", "2011-09-30": "16120.00000", "2011-06-30": "16098.00000", "2011-03-31": "15560.00000", "2010-12-31": "15448.00000", "2010-09-30": "15318.00000", "2010-06-30": "14935.00000", "2010-03-31": "14973.00000", "2009-12-31": "15227.00000", "2009-09-30": "15143.00000", "2009-06-30": "15036.00000", "2009-03-31": "14818.00000", "2008-12-31": "14585.00000", "2008-09-30": "14368.00000", "2008-06-30": "14294.00000", "2008-03-31": "14490.00000", "2007-12-31": "14469.00000", "2007-09-30": "14059.00000", "2007-06-30": "14042.00000", "2007-03-31": "14253.00000", "2006-12-31": "14320.00000", "2006-09-30": "14210.00000", "2006-06-30": "14265.00000", "2006-03-31": "14571.00000", "2005-12-31": "14662.00000", "2005-09-30": "14535.00000", "2005-06-30": "14666.00000", "2005-03-31": "15056.00000"}, "Total Liabilities": {"2020-12-31": "23171.00000", "2020-09-30": "23238.00000", "2020-06-30": "23101.00000", "2020-03-31": "22554.00000", "2019-12-31": "22739.00000", "2019-09-30": "22262.00000", "2019-06-30": "21861.00000", "2019-03-31": "21731.00000", "2018-12-31": "20877.00000", "2018-09-30": "20842.00000", "2018-06-30": "19229.00000", "2018-03-31": "19744.00000", "2017-12-31": "19352.00000", "2017-09-30": "22426.00000", "2017-06-30": "22260.00000", "2017-03-31": "22618.00000", "2016-12-31": "22483.00000", "2016-09-30": "22236.00000", "2016-06-30": "22061.00000", "2016-03-31": "21562.00000", "2015-12-31": "21951.00000", "2015-09-30": "21398.00000", "2015-06-30": "21233.00000", "2015-03-31": "20617.00000", "2014-12-31": "20792.00000", "2014-09-30": "20767.00000", "2014-06-30": "20963.00000", "2014-03-31": "21007.00000", "2013-12-31": "21194.00000", "2013-09-30": "21071.00000", "2013-06-30": "20417.00000", "2013-03-31": "20489.00000", "2012-12-31": "20582.00000", "2012-09-30": "20073.00000", "2012-06-30": "19413.00000", "2012-03-31": "19560.00000", "2011-12-31": "18627.00000", "2011-09-30": "18056.00000", "2011-06-30": "17851.00000", "2011-03-31": "17127.00000", "2010-12-31": "17530.00000", "2010-09-30": "17273.00000", "2010-06-30": "16872.00000", "2010-03-31": "17166.00000", "2009-12-31": "17016.00000", "2009-09-30": "17009.00000", "2009-06-30": "16774.00000", "2009-03-31": "16836.00000", "2008-12-31": "16690.00000", "2008-09-30": "16671.00000", "2008-06-30": "16422.00000", "2008-03-31": "16717.00000", "2007-12-31": "16417.00000", "2007-09-30": "16081.00000", "2007-06-30": "16019.00000", "2007-03-31": "16402.00000", "2006-12-31": "16413.00000", "2006-09-30": "16399.00000", "2006-06-30": "16608.00000", "2006-03-31": "16532.00000", "2005-12-31": "16583.00000", "2005-09-30": "16517.00000", "2005-06-30": "16286.00000", "2005-03-31": "17233.00000"}, "Common Stock Net": {"2020-12-31": "254.00000", "2020-09-30": "255.00000", "2020-06-30": "256.00000", "2020-03-31": "258.00000", "2019-12-31": "259.00000", "2019-09-30": "262.00000", "2019-06-30": "265.00000", "2019-03-31": "267.00000", "2018-12-31": "269.00000", "2018-09-30": "274.00000", "2018-06-30": "281.00000", "2018-03-31": "284.00000", "2017-12-31": "285.00000", "2017-09-30": "288.00000", "2017-06-30": "290.00000", "2017-03-31": "291.00000", "2016-12-31": "292.00000", "2016-09-30": "293.00000", "2016-06-30": "295.00000", "2016-03-31": "297.00000", "2015-12-31": "299.00000", "2015-09-30": "300.00000", "2015-06-30": "303.00000", "2015-03-31": "306.00000", "2014-12-31": "310.00000", "2014-09-30": "311.00000", "2014-06-30": "311.00000", "2014-03-31": "311.00000", "2013-12-31": "310.00000", "2013-09-30": "310.00000", "2013-06-30": "313.00000", "2013-03-31": "316.00000", "2012-12-31": "315.00000", "2012-09-30": "317.00000", "2012-06-30": "321.00000", "2012-03-31": "327.00000", "2011-12-31": "332.00000", "2011-09-30": "337.00000", "2011-06-30": "349.00000", "2011-03-31": "354.00000", "2010-12-31": "358.00000", "2010-09-30": "364.00000", "2010-06-30": "370.00000", "2010-03-31": "371.00000", "2009-12-31": "370.00000", "2009-09-30": "369.00000", "2009-06-30": "369.00000", "2009-03-31": "369.00000", "2008-12-31": "368.00000", "2008-09-30": "371.00000", "2008-06-30": "376.00000", "2008-03-31": "376.00000", "2007-12-31": "380.00000", "2007-09-30": "408.00000", "2007-06-30": "414.00000", "2007-03-31": "414.00000", "2006-12-31": "398.00000", "2006-09-30": "418.00000", "2006-06-30": "435.00000", "2006-03-31": "436.00000", "2005-12-31": "431.00000", "2005-09-30": "427.00000", "2005-06-30": "426.00000", "2005-03-31": "425.00000"}, "Retained Earnings (Accumulated Deficit)": {"2020-12-31": "12883.00000", "2020-09-30": "12911.00000", "2020-06-30": "12863.00000", "2020-03-31": "12902.00000", "2019-12-31": "13207.00000", "2019-09-30": "13310.00000", "2019-06-30": "13377.00000", "2019-03-31": "13411.00000", "2018-12-31": "13440.00000", "2018-09-30": "13645.00000", "2018-06-30": "14456.00000", "2018-03-31": "14327.00000", "2017-12-31": "14176.00000", "2017-09-30": "10665.00000", "2017-06-30": "10624.00000", "2017-03-31": "10493.00000", "2016-12-31": "10425.00000", "2016-09-30": "10367.00000", "2016-06-30": "10269.00000", "2016-03-31": "10221.00000", "2015-12-31": "10191.00000", "2015-09-30": "10079.00000", "2015-06-30": "10017.00000", "2015-03-31": "10087.00000", "2014-12-31": "10348.00000", "2014-09-30": "10156.00000", "2014-06-30": "9836.00000", "2014-03-31": "9490.00000", "2013-12-31": "9339.00000", "2013-09-30": "9045.00000", "2013-06-30": "8954.00000", "2013-03-31": "8904.00000", "2012-12-31": "8643.00000", "2012-09-30": "8512.00000", "2012-06-30": "8544.00000", "2012-03-31": "8581.00000", "2011-12-31": "8693.00000", "2011-09-30": "8759.00000", "2011-06-30": "9097.00000", "2011-03-31": "9094.00000", "2010-12-31": "9224.00000", "2010-09-30": "9339.00000", "2010-06-30": "9317.00000", "2010-03-31": "9156.00000", "2009-12-31": "9027.00000", "2009-09-30": "8848.00000", "2009-06-30": "8671.00000", "2009-03-31": "8551.00000", "2008-12-31": "8501.00000", "2008-09-30": "8375.00000", "2008-06-30": "8351.00000", "2008-03-31": "8210.00000", "2007-12-31": "8280.00000", "2007-09-30": "8373.00000", "2007-06-30": "8402.00000", "2007-03-31": "8236.00000", "2006-12-31": "8283.00000", "2006-09-30": "8028.00000", "2006-06-30": "8350.00000", "2006-03-31": "8158.00000", "2005-12-31": "7967.00000", "2005-09-30": "7671.00000", "2005-06-30": "7423.00000", "2005-03-31": "7043.00000"}, "Comprehensive Income": {"2020-12-31": "-594.00000", "2020-09-30": "-471.00000", "2020-06-30": "-475.00000", "2020-03-31": "-481.00000", "2019-12-31": "-491.00000", "2019-09-30": "-553.00000", "2019-06-30": "-557.00000", "2019-03-31": "-560.00000", "2018-12-31": "-563.00000", "2018-09-30": "-435.00000", "2018-06-30": "-441.00000", "2018-03-31": "-448.00000", "2017-12-31": "-356.00000", "2017-09-30": "-475.00000", "2017-06-30": "-480.00000", "2017-03-31": "-485.00000", "2016-12-31": "-487.00000", "2016-09-30": "-433.00000", "2016-06-30": "-437.00000", "2016-03-31": "-442.00000", "2015-12-31": "-445.00000", "2015-09-30": "-382.00000", "2015-06-30": "-389.00000", "2015-03-31": "-395.00000", "2014-12-31": "-398.00000", "2014-09-30": "-178.00000", "2014-06-30": "-183.00000", "2014-03-31": "-193.00000", "2013-12-31": "-381.00000", "2013-09-30": "-1040.00000", "2013-06-30": "-1063.00000", "2013-03-31": "-1086.00000", "2012-12-31": "-1109.00000", "2012-09-30": "-971.00000", "2012-06-30": "-991.00000", "2012-03-31": "-1010.00000", "2011-12-31": "-1026.00000", "2011-09-30": "-753.00000", "2011-06-30": "-770.00000", "2011-03-31": "-786.00000", "2010-12-31": "-805.00000", "2010-09-30": "-804.00000", "2010-06-30": "-820.00000", "2010-03-31": "-834.00000", "2009-12-31": "-853.00000", "2009-09-30": "-912.00000", "2009-06-30": "-922.00000", "2009-03-31": "-933.00000", "2008-12-31": "-942.00000", "2008-09-30": "-389.00000", "2008-06-30": "-392.00000", "2008-03-31": "-395.00000", "2007-12-31": "-399.00000", "2007-09-30": "-353.00000", "2007-06-30": "-357.00000", "2007-03-31": "-364.00000", "2006-12-31": "-369.00000", "2006-09-30": "-87.00000", "2006-06-30": "-89.00000", "2006-03-31": "-85.00000", "2005-12-31": "-77.00000", "2005-09-30": "-33.00000", "2005-06-30": "-25.00000", "2005-03-31": "-2.00000"}, "Other Share Holders Equity": {"2020-12-31": "", "2020-09-30": "", "2020-06-30": "", "2020-03-31": "", "2019-12-31": "", "2019-09-30": "", "2019-06-30": "", "2019-03-31": "", "2018-12-31": "", "2018-09-30": "", "2018-06-30": "", "2018-03-31": "", "2017-12-31": "", "2017-09-30": "", "2017-06-30": "", "2017-03-31": "", "2016-12-31": "", "2016-09-30": "", "2016-06-30": "", "2016-03-31": "", "2015-12-31": "", "2015-09-30": "", "2015-06-30": "", "2015-03-31": "", "2014-12-31": "", "2014-09-30": "", "2014-06-30": "", "2014-03-31": "", "2013-12-31": "", "2013-09-30": "", "2013-06-30": "", "2013-03-31": "", "2012-12-31": "", "2012-09-30": "", "2012-06-30": "", "2012-03-31": "", "2011-12-31": "", "2011-09-30": "", "2011-06-30": "", "2011-03-31": "", "2010-12-31": "", "2010-09-30": "", "2010-06-30": "", "2010-03-31": "", "2009-12-31": "", "2009-09-30": "", "2009-06-30": "", "2009-03-31": "", "2008-12-31": "", "2008-09-30": "", "2008-06-30": "", "2008-03-31": "", "2007-12-31": "", "2007-09-30": "", "2007-06-30": "", "2007-03-31": "", "2006-12-31": "", "2006-09-30": "", "2006-06-30": "", "2006-03-31": "", "2005-12-31": "-17.00000", "2005-09-30": "-19.00000", "2005-06-30": "-23.00000", "2005-03-31": "-25.00000"}, "Share Holder Equity": {"2020-12-31": "14791.00000", "2020-09-30": "14941.00000", "2020-06-30": "14861.00000", "2020-03-31": "14884.00000", "2019-12-31": "15184.00000", "2019-09-30": "15238.00000", "2019-06-30": "15311.00000", "2019-03-31": "15331.00000", "2018-12-31": "15362.00000", "2018-09-30": "15480.00000", "2018-06-30": "16559.00000", "2018-03-31": "16418.00000", "2017-12-31": "16359.00000", "2017-09-30": "12727.00000", "2017-06-30": "12662.00000", "2017-03-31": "12527.00000", "2016-12-31": "12409.00000", "2016-09-30": "12396.00000", "2016-06-30": "12273.00000", "2016-03-31": "12223.00000", "2015-12-31": "12188.00000", "2015-09-30": "12129.00000", "2015-06-30": "12077.00000", "2015-03-31": "12158.00000", "2014-12-31": "12408.00000", "2014-09-30": "12439.00000", "2014-06-30": "12077.00000", "2014-03-31": "11693.00000", "2013-12-31": "11289.00000", "2013-09-30": "10294.00000", "2013-06-30": "10188.00000", "2013-03-31": "10110.00000", "2012-12-31": "9760.00000", "2012-09-30": "9767.00000", "2012-06-30": "9778.00000", "2012-03-31": "9815.00000", "2011-12-31": "9911.00000", "2011-09-30": "10255.00000", "2011-06-30": "10627.00000", "2011-03-31": "10601.00000", "2010-12-31": "10669.00000", "2010-09-30": "10789.00000", "2010-06-30": "10761.00000", "2010-03-31": "10564.00000", "2009-12-31": "10353.00000", "2009-09-30": "10066.00000", "2009-06-30": "9859.00000", "2009-03-31": "9710.00000", "2008-12-31": "9607.00000", "2008-09-30": "10046.00000", "2008-06-30": "9992.00000", "2008-03-31": "9748.00000", "2007-12-31": "9727.00000", "2007-09-30": "9879.00000", "2007-06-30": "9912.00000", "2007-03-31": "9628.00000", "2006-12-31": "9615.00000", "2006-09-30": "9579.00000", "2006-06-30": "9951.00000", "2006-03-31": "9709.00000", "2005-12-31": "9276.00000", "2005-09-30": "8916.00000", "2005-06-30": "8621.00000", "2005-03-31": "8254.00000"}, "Total Liabilities And Share Holders Equity": {"2020-12-31": "37962.00000", "2020-09-30": "38179.00000", "2020-06-30": "37962.00000", "2020-03-31": "37438.00000", "2019-12-31": "37923.00000", "2019-09-30": "37500.00000", "2019-06-30": "37172.00000", "2019-03-31": "37062.00000", "2018-12-31": "36239.00000", "2018-09-30": "36322.00000", "2018-06-30": "35788.00000", "2018-03-31": "36162.00000", "2017-12-31": "35711.00000", "2017-09-30": "35153.00000", "2017-06-30": "34922.00000", "2017-03-31": "35145.00000", "2016-12-31": "34892.00000", "2016-09-30": "34632.00000", "2016-06-30": "34334.00000", "2016-03-31": "33785.00000", "2015-12-31": "34139.00000", "2015-09-30": "33527.00000", "2015-06-30": "33310.00000", "2015-03-31": "32775.00000", "2014-12-31": "33200.00000", "2014-09-30": "33206.00000", "2014-06-30": "33040.00000", "2014-03-31": "32700.00000", "2013-12-31": "32483.00000", "2013-09-30": "31365.00000", "2013-06-30": "30605.00000", "2013-03-31": "30599.00000", "2012-12-31": "30342.00000", "2012-09-30": "29840.00000", "2012-06-30": "29191.00000", "2012-03-31": "29375.00000", "2011-12-31": "28538.00000", "2011-09-30": "28311.00000", "2011-06-30": "28478.00000", "2011-03-31": "27728.00000", "2010-12-31": "28199.00000", "2010-09-30": "28062.00000", "2010-06-30": "27633.00000", "2010-03-31": "27730.00000", "2009-12-31": "27369.00000", "2009-09-30": "27075.00000", "2009-06-30": "26633.00000", "2009-03-31": "26546.00000", "2008-12-31": "26297.00000", "2008-09-30": "26717.00000", "2008-06-30": "26414.00000", "2008-03-31": "26465.00000", "2007-12-31": "26144.00000", "2007-09-30": "25960.00000", "2007-06-30": "25931.00000", "2007-03-31": "26030.00000", "2006-12-31": "26028.00000", "2006-09-30": "25978.00000", "2006-06-30": "26559.00000", "2006-03-31": "26241.00000", "2005-12-31": "25859.00000", "2005-09-30": "25433.00000", "2005-06-30": "24907.00000", "2005-03-31": "25487.00000"}}, "cash flow statement": {"Net Income/Loss": {"2020-12-31": "2013.00000", "2019-12-31": "2722.00000", "2018-12-31": "2666.00000", "2017-12-31": "5404.00000", "2016-12-31": "1668.00000", "2015-12-31": "1556.00000", "2014-12-31": "2000.00000", "2013-12-31": "1910.00000", "2012-12-31": "1749.00000", "2011-12-31": "1916.00000", "2010-12-31": "1496.00000", "2009-12-31": "1034.00000", "2008-12-31": "1716.00000", "2007-12-31": "1464.00000", "2006-12-31": "1481.00000", "2005-12-31": "1281.00000"}, "Total Depreciation And Amortization - Cash Flow": {"2020-12-31": "1154.00000", "2019-12-31": "1139.00000", "2018-12-31": "1104.00000", "2017-12-31": "1059.00000", "2016-12-31": "1030.00000", "2015-12-31": "1059.00000", "2014-12-31": "956.00000", "2013-12-31": "922.00000", "2012-12-31": "922.00000", "2011-12-31": "869.00000", "2010-12-31": "826.00000", "2009-12-31": "845.00000", "2008-12-31": "815.00000", "2007-12-31": "786.00000", "2006-12-31": "750.00000", "2005-12-31": "787.00000"}, "Other Non-Cash Items": {"2020-12-31": "587.00000", "2019-12-31": "288.00000", "2018-12-31": "2.00000", "2017-12-31": "-2951.00000", "2016-12-31": "181.00000", "2015-12-31": "290.00000", "2014-12-31": "281.00000", "2013-12-31": "158.00000", "2012-12-31": "360.00000", "2011-12-31": "495.00000", "2010-12-31": "270.00000", "2009-12-31": "320.00000", "2008-12-31": "261.00000", "2007-12-31": "74.00000", "2006-12-31": "-62.00000", "2005-12-31": "29.00000"}, "Total Non-Cash Items": {"2020-12-31": "1741.00000", "2019-12-31": "1427.00000", "2018-12-31": "1106.00000", "2017-12-31": "-1892.00000", "2016-12-31": "1211.00000", "2015-12-31": "1349.00000", "2014-12-31": "1237.00000", "2013-12-31": "1080.00000", "2012-12-31": "1282.00000", "2011-12-31": "1364.00000", "2010-12-31": "1096.00000", "2009-12-31": "1165.00000", "2008-12-31": "1076.00000", "2007-12-31": "860.00000", "2006-12-31": "688.00000", "2005-12-31": "816.00000"}, "Change In Accounts Receivable": {"2020-12-31": "71.00000", "2019-12-31": "87.00000", "2018-12-31": "-70.00000", "2017-12-31": "-41.00000", "2016-12-31": "23.00000", "2015-12-31": "109.00000", "2014-12-31": "-31.00000", "2013-12-31": "85.00000", "2012-12-31": "-64.00000", "2011-12-31": "-215.00000", "2010-12-31": "-41.00000", "2009-12-31": "63.00000", "2008-12-31": "269.00000", "2007-12-31": "30.00000", "2006-12-31": "-60.00000", "2005-12-31": "-94.00000"}, "Change In Inventories": {"2020-12-31": "23.00000", "2019-12-31": "-37.00000", "2018-12-31": "15.00000", "2017-12-31": "35.00000", "2016-12-31": "42.00000", "2015-12-31": "-35.00000", "2014-12-31": "-13.00000", "2013-12-31": "-7.00000", "2012-12-31": "-7.00000", "2011-12-31": "-40.00000", "2010-12-31": "-5.00000", "2009-12-31": "30.00000", "2008-12-31": "-18.00000", "2007-12-31": "-25.00000", "2006-12-31": "-19.00000", "2005-12-31": "-28.00000"}, "Change In Accounts Payable": {"2020-12-31": "", "2019-12-31": "", "2018-12-31": "", "2017-12-31": "", "2016-12-31": "", "2015-12-31": "", "2014-12-31": "", "2013-12-31": "", "2012-12-31": "", "2011-12-31": "", "2010-12-31": "", "2009-12-31": "", "2008-12-31": "", "2007-12-31": "", "2006-12-31": "", "2005-12-31": ""}, "Change In Assets/Liabilities": {"2020-12-31": "-211.00000", "2019-12-31": "-307.00000", "2018-12-31": "9.00000", "2017-12-31": "-253.00000", "2016-12-31": "90.00000", "2015-12-31": "-71.00000", "2014-12-31": "-278.00000", "2013-12-31": "10.00000", "2012-12-31": "105.00000", "2011-12-31": "202.00000", "2010-12-31": "168.00000", "2009-12-31": "-432.00000", "2008-12-31": "-328.00000", "2007-12-31": "4.00000", "2006-12-31": "116.00000", "2005-12-31": "130.00000"}, "Total Change In Assets/Liabilities": {"2020-12-31": "-117.00000", "2019-12-31": "-257.00000", "2018-12-31": "-46.00000", "2017-12-31": "-259.00000", "2016-12-31": "155.00000", "2015-12-31": "3.00000", "2014-12-31": "-322.00000", "2013-12-31": "88.00000", "2012-12-31": "34.00000", "2011-12-31": "-53.00000", "2010-12-31": "122.00000", "2009-12-31": "-339.00000", "2008-12-31": "-77.00000", "2007-12-31": "9.00000", "2006-12-31": "37.00000", "2005-12-31": "8.00000"}, "Cash Flow From Operating Activities": {"2020-12-31": "3637.00000", "2019-12-31": "3892.00000", "2018-12-31": "3726.00000", "2017-12-31": "3253.00000", "2016-12-31": "3034.00000", "2015-12-31": "2908.00000", "2014-12-31": "2915.00000", "2013-12-31": "3078.00000", "2012-12-31": "3065.00000", "2011-12-31": "3227.00000", "2010-12-31": "2714.00000", "2009-12-31": "1860.00000", "2008-12-31": "2715.00000", "2007-12-31": "2333.00000", "2006-12-31": "2206.00000", "2005-12-31": "2105.00000"}, "Net Change In Property, Plant, And Equipment": {"2020-12-31": "-1161.00000", "2019-12-31": "-1642.00000", "2018-12-31": "-1747.00000", "2017-12-31": "-1521.00000", "2016-12-31": "-1757.00000", "2015-12-31": "-2322.00000", "2014-12-31": "-2004.00000", "2013-12-31": "-1827.00000", "2012-12-31": "-2049.00000", "2011-12-31": "-2076.00000", "2010-12-31": "-1373.00000", "2009-12-31": "-1215.00000", "2008-12-31": "-1449.00000", "2007-12-31": "-1217.00000", "2006-12-31": "-1059.00000", "2005-12-31": "-915.00000"}, "Net Change In Intangible Assets": {"2020-12-31": "", "2019-12-31": "", "2018-12-31": "", "2017-12-31": "", "2016-12-31": "", "2015-12-31": "", "2014-12-31": "", "2013-12-31": "", "2012-12-31": "", "2011-12-31": "", "2010-12-31": "", "2009-12-31": "", "2008-12-31": "", "2007-12-31": "", "2006-12-31": "", "2005-12-31": ""}, "Net Acquisitions/Divestitures": {"2020-12-31": "", "2019-12-31": "", "2018-12-31": "", "2017-12-31": "", "2016-12-31": "", "2015-12-31": "", "2014-12-31": "", "2013-12-31": "", "2012-12-31": "", "2011-12-31": "", "2010-12-31": "", "2009-12-31": "", "2008-12-31": "", "2007-12-31": "", "2006-12-31": "", "2005-12-31": ""}, "Net Change In Short-term Investments": {"2020-12-31": "-13.00000", "2019-12-31": "-18.00000", "2018-12-31": "-10.00000", "2017-12-31": "-7.00000", "2016-12-31": "-123.00000", "2015-12-31": "-5.00000", "2014-12-31": "-104.00000", "2013-12-31": "-130.00000", "2012-12-31": "-23.00000", "2011-12-31": "-135.00000", "2010-12-31": "-504.00000", "2009-12-31": "-266.00000", "2008-12-31": "-86.00000", "2007-12-31": "-635.00000", "2006-12-31": "-1804.00000", "2005-12-31": "-1822.00000"}, "Net Change In Long-Term Investments": {"2020-12-31": "", "2019-12-31": "", "2018-12-31": "", "2017-12-31": "", "2016-12-31": "", "2015-12-31": "", "2014-12-31": "", "2013-12-31": "", "2012-12-31": "", "2011-12-31": "", "2010-12-31": "", "2009-12-31": "", "2008-12-31": "", "2007-12-31": "", "2006-12-31": "", "2005-12-31": ""}, "Net Change In Investments - Total": {"2020-12-31": "-13.00000", "2019-12-31": "-18.00000", "2018-12-31": "-10.00000", "2017-12-31": "-7.00000", "2016-12-31": "-123.00000", "2015-12-31": "-5.00000", "2014-12-31": "-104.00000", "2013-12-31": "-130.00000", "2012-12-31": "-23.00000", "2011-12-31": "-135.00000", "2010-12-31": "-504.00000", "2009-12-31": "-266.00000", "2008-12-31": "-86.00000", "2007-12-31": "-635.00000", "2006-12-31": "-1804.00000", "2005-12-31": "-1822.00000"}, "Investing Activities - Other": {"2020-12-31": "-1.00000", "2019-12-31": "-104.00000", "2018-12-31": "99.00000", "2017-12-31": "47.00000", "2016-12-31": "48.00000", "2015-12-31": "240.00000", "2014-12-31": "106.00000", "2013-12-31": "63.00000", "2012-12-31": "78.00000", "2011-12-31": "439.00000", "2010-12-31": "421.00000", "2009-12-31": "30.00000", "2008-12-31": "307.00000", "2007-12-31": "827.00000", "2006-12-31": "2179.00000", "2005-12-31": "910.00000"}, "Cash Flow From Investing Activities": {"2020-12-31": "-1175.00000", "2019-12-31": "-1764.00000", "2018-12-31": "-1658.00000", "2017-12-31": "-1481.00000", "2016-12-31": "-1832.00000", "2015-12-31": "-2087.00000", "2014-12-31": "-2002.00000", "2013-12-31": "-1894.00000", "2012-12-31": "-1994.00000", "2011-12-31": "-1772.00000", "2010-12-31": "-1456.00000", "2009-12-31": "-1451.00000", "2008-12-31": "-1228.00000", "2007-12-31": "-1025.00000", "2006-12-31": "-684.00000", "2005-12-31": "-1827.00000"}, "Net Long-Term Debt": {"2020-12-31": "403.00000", "2019-12-31": "1004.00000", "2018-12-31": "1273.00000", "2017-12-31": "-412.00000", "2016-12-31": "94.00000", "2015-12-31": "1083.00000", "2014-12-31": "-445.00000", "2013-12-31": "739.00000", "2012-12-31": "1129.00000", "2011-12-31": "501.00000", "2010-12-31": "-139.00000", "2009-12-31": "403.00000", "2008-12-31": "280.00000", "2007-12-31": "-239.00000", "2006-12-31": "-339.00000", "2005-12-31": "-456.00000"}, "Net Current Debt": {"2020-12-31": "", "2019-12-31": "", "2018-12-31": "", "2017-12-31": "", "2016-12-31": "", "2015-12-31": "", "2014-12-31": "", "2013-12-31": "", "2012-12-31": "", "2011-12-31": "", "2010-12-31": "", "2009-12-31": "", "2008-12-31": "", "2007-12-31": "", "2006-12-31": "", "2005-12-31": ""}, "Debt Issuance/Retirement Net - Total": {"2020-12-31": "403.00000", "2019-12-31": "1004.00000", "2018-12-31": "1273.00000", "2017-12-31": "-412.00000", "2016-12-31": "94.00000", "2015-12-31": "1083.00000", "2014-12-31": "-445.00000", "2013-12-31": "739.00000", "2012-12-31": "1129.00000", "2011-12-31": "501.00000", "2010-12-31": "-139.00000", "2009-12-31": "403.00000", "2008-12-31": "280.00000", "2007-12-31": "-239.00000", "2006-12-31": "-339.00000", "2005-12-31": "-456.00000"}, "Net Common Equity Issued/Repurchased": {"2020-12-31": "-1370.00000", "2019-12-31": "-2072.00000", "2018-12-31": "-2741.00000", "2017-12-31": "-923.00000", "2016-12-31": "-746.00000", "2015-12-31": "-1063.00000", "2014-12-31": "-251.00000", "2013-12-31": "-496.00000", "2012-12-31": "-1199.00000", "2011-12-31": "-1931.00000", "2010-12-31": "-774.00000", "2009-12-31": "66.00000", "2008-12-31": "-899.00000", "2007-12-31": "-1013.00000", "2006-12-31": "-667.00000", "2005-12-31": "194.00000"}, "Net Total Equity Issued/Repurchased": {"2020-12-31": "-1370.00000", "2019-12-31": "-2072.00000", "2018-12-31": "-2741.00000", "2017-12-31": "-923.00000", "2016-12-31": "-746.00000", "2015-12-31": "-1063.00000", "2014-12-31": "-251.00000", "2013-12-31": "-496.00000", "2012-12-31": "-1199.00000", "2011-12-31": "-1931.00000", "2010-12-31": "-774.00000", "2009-12-31": "66.00000", "2008-12-31": "-899.00000", "2007-12-31": "-1013.00000", "2006-12-31": "-667.00000", "2005-12-31": "194.00000"}, "Total Common And Preferred Stock Dividends Paid": {"2020-12-31": "-960.00000", "2019-12-31": "-949.00000", "2018-12-31": "-844.00000", "2017-12-31": "-703.00000", "2016-12-31": "-695.00000", "2015-12-31": "-713.00000", "2014-12-31": "-687.00000", "2013-12-31": "-637.00000", "2012-12-31": "-624.00000", "2011-12-31": "-576.00000", "2010-12-31": "-514.00000", "2009-12-31": "-500.00000", "2008-12-31": "-456.00000", "2007-12-31": "-377.00000", "2006-12-31": "-278.00000", "2005-12-31": "-194.00000"}, "Financial Activities - Other": {"2020-12-31": "", "2019-12-31": "23.00000", "2018-12-31": "", "2017-12-31": "", "2016-12-31": "", "2015-12-31": "", "2014-12-31": "", "2013-12-31": "", "2012-12-31": "", "2011-12-31": "", "2010-12-31": "", "2009-12-31": "", "2008-12-31": "", "2007-12-31": "", "2006-12-31": "", "2005-12-31": ""}, "Cash Flow From Financial Activities": {"2020-12-31": "-1927.00000", "2019-12-31": "-1994.00000", "2018-12-31": "-2312.00000", "2017-12-31": "-2038.00000", "2016-12-31": "-1347.00000", "2015-12-31": "-693.00000", "2014-12-31": "-1383.00000", "2013-12-31": "-394.00000", "2012-12-31": "-694.00000", "2011-12-31": "-2006.00000", "2010-12-31": "-1427.00000", "2009-12-31": "-31.00000", "2008-12-31": "-1075.00000", "2007-12-31": "-1629.00000", "2006-12-31": "-1284.00000", "2005-12-31": "-456.00000"}, "Net Cash Flow": {"2020-12-31": "535.00000", "2019-12-31": "134.00000", "2018-12-31": "-244.00000", "2017-12-31": "-266.00000", "2016-12-31": "-145.00000", "2015-12-31": "128.00000", "2014-12-31": "-470.00000", "2013-12-31": "790.00000", "2012-12-31": "377.00000", "2011-12-31": "-551.00000", "2010-12-31": "-169.00000", "2009-12-31": "378.00000", "2008-12-31": "412.00000", "2007-12-31": "-321.00000", "2006-12-31": "238.00000", "2005-12-31": "-178.00000"}, "Stock-Based Compensation": {"2020-12-31": "", "2019-12-31": "", "2018-12-31": "", "2017-12-31": "", "2016-12-31": "", "2015-12-31": "", "2014-12-31": "", "2013-12-31": "", "2012-12-31": "", "2011-12-31": "", "2010-12-31": "", "2009-12-31": "", "2008-12-31": "", "2007-12-31": "", "2006-12-31": "", "2005-12-31": ""}, "Common Stock Dividends Paid": {"2020-12-31": "-960.00000", "2019-12-31": "-949.00000", "2018-12-31": "-844.00000", "2017-12-31": "-703.00000", "2016-12-31": "-695.00000", "2015-12-31": "-713.00000", "2014-12-31": "-687.00000", "2013-12-31": "-637.00000", "2012-12-31": "-624.00000", "2011-12-31": "-576.00000", "2010-12-31": "-514.00000", "2009-12-31": "-500.00000", "2008-12-31": "-456.00000", "2007-12-31": "-377.00000", "2006-12-31": "-278.00000", "2005-12-31": "-194.00000"}}, "cash flow statement, quarterly": {"Net Income/Loss": {"2020-12-31": 671, "2020-09-30": 569, "2020-06-30": 392, "2020-03-31": "381.00000", "2019-12-31": 666, "2019-09-30": 657, "2019-06-30": 722, "2019-03-31": "677.00000", "2018-12-31": 702, "2018-09-30": 702, "2018-06-30": 710, "2018-03-31": "552.00000", "2017-12-31": 3968, "2017-09-30": 506, "2017-06-30": 497, "2017-03-31": "433.00000", "2016-12-31": 416, "2016-09-30": 460, "2016-06-30": 405, "2016-03-31": "387.00000", "2015-12-31": 361, "2015-09-30": 452, "2015-06-30": 433, "2015-03-31": "310.00000", "2014-12-31": 511, "2014-09-30": 559, "2014-06-30": 562, "2014-03-31": "368.00000", "2013-12-31": 513, "2013-09-30": 482, "2013-06-30": 465, "2013-03-31": "450.00000", "2012-12-31": 413, "2012-09-30": 402, "2012-06-30": 524, "2012-03-31": "410.00000", "2011-12-31": 480, "2011-09-30": 554, "2011-06-30": 557, "2011-03-31": "325.00000", "2010-12-31": 402, "2010-09-30": 445, "2010-06-30": 392, "2010-03-31": "257.00000", "2009-12-31": 307, "2009-09-30": 303, "2009-06-30": 247, "2009-03-31": "177.00000", "2008-12-31": 452, "2008-09-30": 520, "2008-06-30": 453, "2008-03-31": "291.00000", "2007-12-31": 399, "2007-09-30": 386, "2007-06-30": 394, "2007-03-31": "285.00000", "2006-12-31": 385, "2006-09-30": 416, "2006-06-30": 375, "2006-03-31": "305.00000", "2005-12-31": 362, "2005-09-30": 301, "2005-06-30": 424, "2005-03-31": "194.00000"}, "Total Depreciation And Amortization - Cash Flow": {"2020-12-31": 287, "2020-09-30": 293, "2020-06-30": 282, "2020-03-31": "292.00000", "2019-12-31": 285, "2019-09-30": 287, "2019-06-30": 284, "2019-03-31": "283.00000", "2018-12-31": 282, "2018-09-30": 276, "2018-06-30": 274, "2018-03-31": "272.00000", "2017-12-31": 268, "2017-09-30": 266, "2017-06-30": 265, "2017-03-31": "260.00000", "2016-12-31": 260, "2016-09-30": 259, "2016-06-30": 258, "2016-03-31": "253.00000", "2015-12-31": 289, "2015-09-30": 276, "2015-06-30": 248, "2015-03-31": "246.00000", "2014-12-31": 241, "2014-09-30": 237, "2014-06-30": 240, "2014-03-31": "238.00000", "2013-12-31": 235, "2013-09-30": 231, "2013-06-30": 228, "2013-03-31": "228.00000", "2012-12-31": 234, "2012-09-30": 232, "2012-06-30": 230, "2012-03-31": "226.00000", "2011-12-31": 223, "2011-09-30": 218, "2011-06-30": 215, "2011-03-31": "213.00000", "2010-12-31": 209, "2010-09-30": 206, "2010-06-30": 205, "2010-03-31": "206.00000", "2009-12-31": 215, "2009-09-30": 212, "2009-06-30": 209, "2009-03-31": "209.00000", "2008-12-31": 209, "2008-09-30": 204, "2008-06-30": 202, "2008-03-31": "200.00000", "2007-12-31": 199, "2007-09-30": 197, "2007-06-30": 196, "2007-03-31": "194.00000", "2006-12-31": 190, "2006-09-30": 188, "2006-06-30": 187, "2006-03-31": "185.00000", "2005-12-31": 196, "2005-09-30": 198, "2005-06-30": 196, "2005-03-31": "197.00000"}, "Other Non-Cash Items": {"2020-12-31": 39, "2020-09-30": 118, "2020-06-30": 42, "2020-03-31": "388.00000", "2019-12-31": 67, "2019-09-30": 95, "2019-06-30": 87, "2019-03-31": "39.00000", "2018-12-31": -110, "2018-09-30": 37, "2018-06-30": 38, "2018-03-31": "37.00000", "2017-12-31": -3108, "2017-09-30": 63, "2017-06-30": 47, "2017-03-31": "47.00000", "2016-12-31": 42, "2016-09-30": 45, "2016-06-30": 52, "2016-03-31": "42.00000", "2015-12-31": 254, "2015-09-30": 19, "2015-06-30": 10, "2015-03-31": "7.00000", "2014-12-31": 273, "2014-09-30": -6, "2014-06-30": 24, "2014-03-31": "-10.00000", "2013-12-31": 43, "2013-09-30": 71, "2013-06-30": 69, "2013-03-31": "-25.00000", "2012-12-31": 85, "2012-09-30": 139, "2012-06-30": 49, "2012-03-31": "87.00000", "2011-12-31": 111, "2011-09-30": 141, "2011-06-30": 131, "2011-03-31": "112.00000", "2010-12-31": 136, "2010-09-30": 91, "2010-06-30": 4, "2010-03-31": "39.00000", "2009-12-31": 160, "2009-09-30": 89, "2009-06-30": 57, "2009-03-31": "14.00000", "2008-12-31": 104, "2008-09-30": 116, "2008-06-30": 21, "2008-03-31": "20.00000", "2007-12-31": 91, "2007-09-30": 19, "2007-06-30": -27, "2007-03-31": "-9.00000", "2006-12-31": 20, "2006-09-30": -23, "2006-06-30": -39, "2006-03-31": "-20.00000", "2005-12-31": 76, "2005-09-30": 34, "2005-06-30": -92, "2005-03-31": "11.00000"}, "Total Non-Cash Items": {"2020-12-31": 326, "2020-09-30": 411, "2020-06-30": 324, "2020-03-31": "680.00000", "2019-12-31": 352, "2019-09-30": 382, "2019-06-30": 371, "2019-03-31": "322.00000", "2018-12-31": 172, "2018-09-30": 313, "2018-06-30": 312, "2018-03-31": "309.00000", "2017-12-31": -2840, "2017-09-30": 329, "2017-06-30": 312, "2017-03-31": "307.00000", "2016-12-31": 302, "2016-09-30": 304, "2016-06-30": 310, "2016-03-31": "295.00000", "2015-12-31": 543, "2015-09-30": 295, "2015-06-30": 258, "2015-03-31": "253.00000", "2014-12-31": 514, "2014-09-30": 231, "2014-06-30": 264, "2014-03-31": "228.00000", "2013-12-31": 278, "2013-09-30": 302, "2013-06-30": 297, "2013-03-31": "203.00000", "2012-12-31": 319, "2012-09-30": 371, "2012-06-30": 279, "2012-03-31": "313.00000", "2011-12-31": 334, "2011-09-30": 359, "2011-06-30": 346, "2011-03-31": "325.00000", "2010-12-31": 345, "2010-09-30": 297, "2010-06-30": 209, "2010-03-31": "245.00000", "2009-12-31": 375, "2009-09-30": 301, "2009-06-30": 266, "2009-03-31": "223.00000", "2008-12-31": 313, "2008-09-30": 320, "2008-06-30": 223, "2008-03-31": "220.00000", "2007-12-31": 290, "2007-09-30": 216, "2007-06-30": 169, "2007-03-31": "185.00000", "2006-12-31": 210, "2006-09-30": 165, "2006-06-30": 148, "2006-03-31": "165.00000", "2005-12-31": 272, "2005-09-30": 232, "2005-06-30": 104, "2005-03-31": "208.00000"}, "Change In Accounts Receivable": {"2020-12-31": 35, "2020-09-30": -62, "2020-06-30": 66, "2020-03-31": "32.00000", "2019-12-31": 53, "2019-09-30": 64, "2019-06-30": 9, "2019-03-31": "-39.00000", "2018-12-31": 32, "2018-09-30": -10, "2018-06-30": -66, "2018-03-31": "-26.00000", "2017-12-31": 18, "2017-09-30": -47, "2017-06-30": 41, "2017-03-31": "-53.00000", "2016-12-31": 15, "2016-09-30": 25, "2016-06-30": -2, "2016-03-31": "-15.00000", "2015-12-31": 157, "2015-09-30": -48, "2015-06-30": -23, "2015-03-31": "23.00000", "2014-12-31": 48, "2014-09-30": 19, "2014-06-30": -13, "2014-03-31": "-85.00000", "2013-12-31": 59, "2013-09-30": -11, "2013-06-30": 86, "2013-03-31": "-49.00000", "2012-12-31": -8, "2012-09-30": 8, "2012-06-30": -30, "2012-03-31": "-34.00000", "2011-12-31": 7, "2011-09-30": -38, "2011-06-30": -57, "2011-03-31": "-127.00000", "2010-12-31": 101, "2010-09-30": -16, "2010-06-30": -25, "2010-03-31": "-101.00000", "2009-12-31": 89, "2009-09-30": -55, "2009-06-30": -10, "2009-03-31": "39.00000", "2008-12-31": 206, "2008-09-30": 8, "2008-06-30": 92, "2008-03-31": "-37.00000", "2007-12-31": 51, "2007-09-30": -12, "2007-06-30": -10, "2007-03-31": "1.00000", "2006-12-31": 36, "2006-09-30": -37, "2006-06-30": -5, "2006-03-31": "-54.00000", "2005-12-31": 18, "2005-09-30": -64, "2005-06-30": 4, "2005-03-31": "-52.00000"}, "Change In Inventories": {"2020-12-31": 26, "2020-09-30": 10, "2020-06-30": 8, "2020-03-31": "-21.00000", "2019-12-31": 22, "2019-09-30": -10, "2019-06-30": -28, "2019-03-31": "-21.00000", "2018-12-31": 60, "2018-09-30": -7, "2018-06-30": -15, "2018-03-31": "-23.00000", "2017-12-31": 23, "2017-09-30": 44, "2017-06-30": -8, "2017-03-31": "-24.00000", "2016-12-31": 72, "2016-09-30": 5, "2016-06-30": 9, "2016-03-31": "-44.00000", "2015-12-31": 17, "2015-09-30": -11, "2015-06-30": -9, "2015-03-31": "-32.00000", "2014-12-31": 13, "2014-09-30": 2, "2014-06-30": -11, "2014-03-31": "-17.00000", "2013-12-31": 1, "2013-09-30": 4, "2013-06-30": 18, "2013-03-31": "-30.00000", "2012-12-31": 20, "2012-09-30": 6, "2012-06-30": -14, "2012-03-31": "-19.00000", "2011-12-31": 3, "2011-09-30": -11, "2011-06-30": -11, "2011-03-31": "-21.00000", "2010-12-31": 10, "2010-09-30": 0, "2010-06-30": 1, "2010-03-31": "-16.00000", "2009-12-31": 8, "2009-09-30": 16, "2009-06-30": 3, "2009-03-31": "3.00000", "2008-12-31": 16, "2008-09-30": -7, "2008-06-30": -9, "2008-03-31": "-18.00000", "2007-12-31": -3, "2007-09-30": 2, "2007-06-30": -14, "2007-03-31": "-10.00000", "2006-12-31": 7, "2006-09-30": -12, "2006-06-30": -3, "2006-03-31": "-11.00000", "2005-12-31": 5, "2005-09-30": -12, "2005-06-30": -11, "2005-03-31": "-10.00000"}, "Change In Accounts Payable": {"2020-12-31": 0, "2020-09-30": 0, "2020-06-30": 0, "2020-03-31": "", "2019-12-31": 0, "2019-09-30": 0, "2019-06-30": 0, "2019-03-31": "", "2018-12-31": 0, "2018-09-30": 0, "2018-06-30": 0, "2018-03-31": "", "2017-12-31": 0, "2017-09-30": 0, "2017-06-30": 0, "2017-03-31": "", "2016-12-31": 0, "2016-09-30": 0, "2016-06-30": 0, "2016-03-31": "", "2015-12-31": 0, "2015-09-30": 0, "2015-06-30": 0, "2015-03-31": "", "2014-12-31": 0, "2014-09-30": 0, "2014-06-30": 0, "2014-03-31": "", "2013-12-31": 0, "2013-09-30": 0, "2013-06-30": 0, "2013-03-31": "", "2012-12-31": 0, "2012-09-30": 0, "2012-06-30": 0, "2012-03-31": "", "2011-12-31": 0, "2011-09-30": 0, "2011-06-30": 0, "2011-03-31": "", "2010-12-31": 0, "2010-09-30": 0, "2010-06-30": 0, "2010-03-31": "", "2009-12-31": 0, "2009-09-30": 0, "2009-06-30": 0, "2009-03-31": "", "2008-12-31": 0, "2008-09-30": 0, "2008-06-30": 0, "2008-03-31": "", "2007-12-31": 0, "2007-09-30": 0, "2007-06-30": 0, "2007-03-31": "", "2006-12-31": 0, "2006-09-30": 0, "2006-06-30": 0, "2006-03-31": "", "2005-12-31": 0, "2005-09-30": 0, "2005-06-30": 0, "2005-03-31": ""}, "Change In Assets/Liabilities": {"2020-12-31": -188, "2020-09-30": 81, "2020-06-30": 13, "2020-03-31": "-117.00000", "2019-12-31": -198, "2019-09-30": -48, "2019-06-30": -3, "2019-03-31": "-58.00000", "2018-12-31": -124, "2018-09-30": 60, "2018-06-30": 69, "2018-03-31": "4.00000", "2017-12-31": -381, "2017-09-30": 57, "2017-06-30": -112, "2017-03-31": "183.00000", "2016-12-31": -83, "2016-09-30": 86, "2016-06-30": -169, "2016-03-31": "256.00000", "2015-12-31": -378, "2015-09-30": 19, "2015-06-30": 211, "2015-03-31": "77.00000", "2014-12-31": -517, "2014-09-30": 98, "2014-06-30": 47, "2014-03-31": "94.00000", "2013-12-31": -177, "2013-09-30": 121, "2013-06-30": -83, "2013-03-31": "149.00000", "2012-12-31": -155, "2012-09-30": 26, "2012-06-30": -131, "2012-03-31": "365.00000", "2011-12-31": -361, "2011-09-30": 200, "2011-06-30": 213, "2011-03-31": "150.00000", "2010-12-31": -272, "2010-09-30": 20, "2010-06-30": 47, "2010-03-31": "373.00000", "2009-12-31": -294, "2009-09-30": 167, "2009-06-30": -217, "2009-03-31": "-88.00000", "2008-12-31": -347, "2008-09-30": 176, "2008-06-30": -305, "2008-03-31": "148.00000", "2007-12-31": -215, "2007-09-30": 82, "2007-06-30": 12, "2007-03-31": "125.00000", "2006-12-31": -149, "2006-09-30": 87, "2006-06-30": 73, "2006-03-31": "105.00000", "2005-12-31": -154, "2005-09-30": 285, "2005-06-30": -69, "2005-03-31": "68.00000"}, "Total Change In Assets/Liabilities": {"2020-12-31": -127, "2020-09-30": 29, "2020-06-30": 87, "2020-03-31": "-106.00000", "2019-12-31": -123, "2019-09-30": 6, "2019-06-30": -22, "2019-03-31": "-118.00000", "2018-12-31": -32, "2018-09-30": 43, "2018-06-30": -12, "2018-03-31": "-45.00000", "2017-12-31": -340, "2017-09-30": 54, "2017-06-30": -79, "2017-03-31": "106.00000", "2016-12-31": 4, "2016-09-30": 116, "2016-06-30": -162, "2016-03-31": "197.00000", "2015-12-31": -204, "2015-09-30": -40, "2015-06-30": 179, "2015-03-31": "68.00000", "2014-12-31": -456, "2014-09-30": 119, "2014-06-30": 23, "2014-03-31": "-8.00000", "2013-12-31": -117, "2013-09-30": 114, "2013-06-30": 21, "2013-03-31": "70.00000", "2012-12-31": -143, "2012-09-30": 40, "2012-06-30": -175, "2012-03-31": "312.00000", "2011-12-31": -351, "2011-09-30": 151, "2011-06-30": 145, "2011-03-31": "2.00000", "2010-12-31": -161, "2010-09-30": 4, "2010-06-30": 23, "2010-03-31": "256.00000", "2009-12-31": -197, "2009-09-30": 128, "2009-06-30": -224, "2009-03-31": "-46.00000", "2008-12-31": -125, "2008-09-30": 177, "2008-06-30": -222, "2008-03-31": "93.00000", "2007-12-31": -167, "2007-09-30": 72, "2007-06-30": -12, "2007-03-31": "116.00000", "2006-12-31": -106, "2006-09-30": 38, "2006-06-30": 65, "2006-03-31": "40.00000", "2005-12-31": -131, "2005-09-30": 209, "2005-06-30": -76, "2005-03-31": "6.00000"}, "Cash Flow From Operating Activities": {"2020-12-31": 870, "2020-09-30": 1009, "2020-06-30": 803, "2020-03-31": "955.00000", "2019-12-31": 895, "2019-09-30": 1045, "2019-06-30": 1071, "2019-03-31": "881.00000", "2018-12-31": 842, "2018-09-30": 1058, "2018-06-30": 1010, "2018-03-31": "816.00000", "2017-12-31": 788, "2017-09-30": 889, "2017-06-30": 730, "2017-03-31": "846.00000", "2016-12-31": 722, "2016-09-30": 880, "2016-06-30": 553, "2016-03-31": "879.00000", "2015-12-31": 700, "2015-09-30": 707, "2015-06-30": 870, "2015-03-31": "631.00000", "2014-12-31": 569, "2014-09-30": 909, "2014-06-30": 849, "2014-03-31": "588.00000", "2013-12-31": 674, "2013-09-30": 898, "2013-06-30": 783, "2013-03-31": "723.00000", "2012-12-31": 589, "2012-09-30": 813, "2012-06-30": 628, "2012-03-31": "1035.00000", "2011-12-31": 463, "2011-09-30": 1064, "2011-06-30": 1048, "2011-03-31": "652.00000", "2010-12-31": 586, "2010-09-30": 746, "2010-06-30": 624, "2010-03-31": "758.00000", "2009-12-31": 485, "2009-09-30": 732, "2009-06-30": 289, "2009-03-31": "354.00000", "2008-12-31": 640, "2008-09-30": 1017, "2008-06-30": 454, "2008-03-31": "604.00000", "2007-12-31": 522, "2007-09-30": 674, "2007-06-30": 551, "2007-03-31": "586.00000", "2006-12-31": 489, "2006-09-30": 619, "2006-06-30": 588, "2006-03-31": "510.00000", "2005-12-31": 503, "2005-09-30": 742, "2005-06-30": 452, "2005-03-31": "408.00000"}, "Net Change In Property, Plant, And Equipment": {"2020-12-31": -399, "2020-09-30": -285, "2020-06-30": -269, "2020-03-31": "-208.00000", "2019-12-31": -430, "2019-09-30": -447, "2019-06-30": -450, "2019-03-31": "-315.00000", "2018-12-31": -514, "2018-09-30": -445, "2018-06-30": -418, "2018-03-31": "-370.00000", "2017-12-31": -343, "2017-09-30": -355, "2017-06-30": -420, "2017-03-31": "-403.00000", "2016-12-31": -540, "2016-09-30": -325, "2016-06-30": -506, "2016-03-31": "-386.00000", "2015-12-31": -588, "2015-09-30": -880, "2015-06-30": -478, "2015-03-31": "-376.00000", "2014-12-31": -694, "2014-09-30": -545, "2014-06-30": -406, "2014-03-31": "-359.00000", "2013-12-31": -466, "2013-09-30": -545, "2013-06-30": -456, "2013-03-31": "-360.00000", "2012-12-31": -574, "2012-09-30": -522, "2012-06-30": -494, "2012-03-31": "-459.00000", "2011-12-31": -713, "2011-09-30": -495, "2011-06-30": -435, "2011-03-31": "-433.00000", "2010-12-31": -547, "2010-09-30": -278, "2010-06-30": -292, "2010-03-31": "-256.00000", "2009-12-31": -357, "2009-09-30": -319, "2009-06-30": -297, "2009-03-31": "-242.00000", "2008-12-31": -419, "2008-09-30": -420, "2008-06-30": -309, "2008-03-31": "-301.00000", "2007-12-31": -427, "2007-09-30": -284, "2007-06-30": -306, "2007-03-31": "-200.00000", "2006-12-31": -283, "2006-09-30": -275, "2006-06-30": -297, "2006-03-31": "-204.00000", "2005-12-31": -392, "2005-09-30": -201, "2005-06-30": -182, "2005-03-31": "-140.00000"}, "Net Change In Intangible Assets": {"2020-12-31": 0, "2020-09-30": 0, "2020-06-30": 0, "2020-03-31": "", "2019-12-31": 0, "2019-09-30": 0, "2019-06-30": 0, "2019-03-31": "", "2018-12-31": 0, "2018-09-30": 0, "2018-06-30": 0, "2018-03-31": "", "2017-12-31": 0, "2017-09-30": 0, "2017-06-30": 0, "2017-03-31": "", "2016-12-31": 0, "2016-09-30": 0, "2016-06-30": 0, "2016-03-31": "", "2015-12-31": 0, "2015-09-30": 0, "2015-06-30": 0, "2015-03-31": "", "2014-12-31": 0, "2014-09-30": 0, "2014-06-30": 0, "2014-03-31": "", "2013-12-31": 0, "2013-09-30": 0, "2013-06-30": 0, "2013-03-31": "", "2012-12-31": 0, "2012-09-30": 0, "2012-06-30": 0, "2012-03-31": "", "2011-12-31": 0, "2011-09-30": 0, "2011-06-30": 0, "2011-03-31": "", "2010-12-31": 0, "2010-09-30": 0, "2010-06-30": 0, "2010-03-31": "", "2009-12-31": 0, "2009-09-30": 0, "2009-06-30": 0, "2009-03-31": "", "2008-12-31": 0, "2008-09-30": 0, "2008-06-30": 0, "2008-03-31": "", "2007-12-31": 0, "2007-09-30": 0, "2007-06-30": 0, "2007-03-31": "", "2006-12-31": 0, "2006-09-30": 0, "2006-06-30": 0, "2006-03-31": "", "2005-12-31": 0, "2005-09-30": 0, "2005-06-30": 0, "2005-03-31": ""}, "Net Acquisitions/Divestitures": {"2020-12-31": 0, "2020-09-30": 0, "2020-06-30": 0, "2020-03-31": "", "2019-12-31": 0, "2019-09-30": 0, "2019-06-30": 0, "2019-03-31": "", "2018-12-31": 0, "2018-09-30": 0, "2018-06-30": 0, "2018-03-31": "", "2017-12-31": 0, "2017-09-30": 0, "2017-06-30": 0, "2017-03-31": "", "2016-12-31": 0, "2016-09-30": 0, "2016-06-30": 0, "2016-03-31": "", "2015-12-31": 0, "2015-09-30": 0, "2015-06-30": 0, "2015-03-31": "", "2014-12-31": 0, "2014-09-30": 0, "2014-06-30": 0, "2014-03-31": "", "2013-12-31": 0, "2013-09-30": 0, "2013-06-30": 0, "2013-03-31": "", "2012-12-31": 0, "2012-09-30": 0, "2012-06-30": 0, "2012-03-31": "", "2011-12-31": 0, "2011-09-30": 0, "2011-06-30": 0, "2011-03-31": "", "2010-12-31": 0, "2010-09-30": 0, "2010-06-30": 0, "2010-03-31": "", "2009-12-31": 0, "2009-09-30": 0, "2009-06-30": 0, "2009-03-31": "", "2008-12-31": 0, "2008-09-30": 0, "2008-06-30": 0, "2008-03-31": "", "2007-12-31": 0, "2007-09-30": 0, "2007-06-30": 0, "2007-03-31": "", "2006-12-31": 0, "2006-09-30": 0, "2006-06-30": 0, "2006-03-31": "", "2005-12-31": 0, "2005-09-30": 0, "2005-06-30": 0, "2005-03-31": ""}, "Net Change In Short-term Investments": {"2020-12-31": -7, "2020-09-30": -1, "2020-06-30": -5, "2020-03-31": "0.00000", "2019-12-31": -6, "2019-09-30": 0, "2019-06-30": -10, "2019-03-31": "-2.00000", "2018-12-31": -6, "2018-09-30": -4, "2018-06-30": 2, "2018-03-31": "-2.00000", "2017-12-31": -3, "2017-09-30": 0, "2017-06-30": -2, "2017-03-31": "-2.00000", "2016-12-31": -4, "2016-09-30": -96, "2016-06-30": 0, "2016-03-31": "-23.00000", "2015-12-31": 0, "2015-09-30": -2, "2015-06-30": 0, "2015-03-31": "-3.00000", "2014-12-31": -100, "2014-09-30": -1, "2014-06-30": 0, "2014-03-31": "-3.00000", "2013-12-31": -101, "2013-09-30": -22, "2013-06-30": -2, "2013-03-31": "-5.00000", "2012-12-31": -9, "2012-09-30": -2, "2012-06-30": -8, "2012-03-31": "-4.00000", "2011-12-31": -47, "2011-09-30": -21, "2011-06-30": -63, "2011-03-31": "-4.00000", "2010-12-31": -63, "2010-09-30": -181, "2010-06-30": -105, "2010-03-31": "-155.00000", "2009-12-31": -147, "2009-09-30": 0, "2009-06-30": -119, "2009-03-31": "", "2008-12-31": -52, "2008-09-30": 0, "2008-06-30": -34, "2008-03-31": "", "2007-12-31": -67, "2007-09-30": -123, "2007-06-30": -156, "2007-03-31": "-289.00000", "2006-12-31": -300, "2006-09-30": -154, "2006-06-30": -996, "2006-03-31": "-354.00000", "2005-12-31": -590, "2005-09-30": -805, "2005-06-30": -124, "2005-03-31": "-303.00000"}, "Net Change In Long-Term Investments": {"2020-12-31": 0, "2020-09-30": 0, "2020-06-30": 0, "2020-03-31": "", "2019-12-31": 0, "2019-09-30": 0, "2019-06-30": 0, "2019-03-31": "", "2018-12-31": 0, "2018-09-30": 4, "2018-06-30": -4, "2018-03-31": "", "2017-12-31": 0, "2017-09-30": 0, "2017-06-30": 0, "2017-03-31": "", "2016-12-31": 0, "2016-09-30": 0, "2016-06-30": 0, "2016-03-31": "", "2015-12-31": 0, "2015-09-30": 0, "2015-06-30": 0, "2015-03-31": "", "2014-12-31": 0, "2014-09-30": 0, "2014-06-30": 0, "2014-03-31": "", "2013-12-31": 0, "2013-09-30": 0, "2013-06-30": 0, "2013-03-31": "", "2012-12-31": 0, "2012-09-30": 0, "2012-06-30": 0, "2012-03-31": "", "2011-12-31": 0, "2011-09-30": 0, "2011-06-30": 0, "2011-03-31": "", "2010-12-31": 0, "2010-09-30": 0, "2010-06-30": 0, "2010-03-31": "", "2009-12-31": 0, "2009-09-30": 0, "2009-06-30": 0, "2009-03-31": "", "2008-12-31": 0, "2008-09-30": 0, "2008-06-30": 0, "2008-03-31": "", "2007-12-31": 0, "2007-09-30": 0, "2007-06-30": 0, "2007-03-31": "", "2006-12-31": 0, "2006-09-30": 0, "2006-06-30": 0, "2006-03-31": "", "2005-12-31": 0, "2005-09-30": 0, "2005-06-30": 0, "2005-03-31": ""}, "Net Change In Investments - Total": {"2020-12-31": -7, "2020-09-30": -1, "2020-06-30": -5, "2020-03-31": "", "2019-12-31": -6, "2019-09-30": 0, "2019-06-30": -10, "2019-03-31": "-2.00000", "2018-12-31": -6, "2018-09-30": 0, "2018-06-30": -2, "2018-03-31": "-2.00000", "2017-12-31": -3, "2017-09-30": 0, "2017-06-30": -2, "2017-03-31": "-2.00000", "2016-12-31": -4, "2016-09-30": -96, "2016-06-30": 0, "2016-03-31": "-23.00000", "2015-12-31": 0, "2015-09-30": -2, "2015-06-30": 0, "2015-03-31": "-3.00000", "2014-12-31": -100, "2014-09-30": -1, "2014-06-30": 0, "2014-03-31": "-3.00000", "2013-12-31": -101, "2013-09-30": -22, "2013-06-30": -2, "2013-03-31": "-5.00000", "2012-12-31": -9, "2012-09-30": -2, "2012-06-30": -8, "2012-03-31": "-4.00000", "2011-12-31": -47, "2011-09-30": -21, "2011-06-30": -63, "2011-03-31": "-4.00000", "2010-12-31": -63, "2010-09-30": -181, "2010-06-30": -105, "2010-03-31": "-155.00000", "2009-12-31": -147, "2009-09-30": 0, "2009-06-30": -119, "2009-03-31": "", "2008-12-31": -52, "2008-09-30": 0, "2008-06-30": -34, "2008-03-31": "", "2007-12-31": -67, "2007-09-30": -123, "2007-06-30": -156, "2007-03-31": "-289.00000", "2006-12-31": -300, "2006-09-30": -154, "2006-06-30": -996, "2006-03-31": "-354.00000", "2005-12-31": -590, "2005-09-30": -805, "2005-06-30": -124, "2005-03-31": "-303.00000"}, "Investing Activities - Other": {"2020-12-31": 49, "2020-09-30": 8, "2020-06-30": -33, "2020-03-31": "-25.00000", "2019-12-31": -5, "2019-09-30": -24, "2019-06-30": -42, "2019-03-31": "-33.00000", "2018-12-31": 3, "2018-09-30": 90, "2018-06-30": 5, "2018-03-31": "1.00000", "2017-12-31": 39, "2017-09-30": 5, "2017-06-30": 2, "2017-03-31": "1.00000", "2016-12-31": 42, "2016-09-30": 3, "2016-06-30": 2, "2016-03-31": "1.00000", "2015-12-31": 208, "2015-09-30": 27, "2015-06-30": 4, "2015-03-31": "1.00000", "2014-12-31": 46, "2014-09-30": -61, "2014-06-30": 13, "2014-03-31": "108.00000", "2013-12-31": 42, "2013-09-30": 5, "2013-06-30": 17, "2013-03-31": "-1.00000", "2012-12-31": 41, "2012-09-30": 4, "2012-06-30": 6, "2012-03-31": "27.00000", "2011-12-31": 193, "2011-09-30": 112, "2011-06-30": 79, "2011-03-31": "55.00000", "2010-12-31": 160, "2010-09-30": 184, "2010-06-30": 26, "2010-03-31": "51.00000", "2009-12-31": 20, "2009-09-30": 1, "2009-06-30": 11, "2009-03-31": "-2.00000", "2008-12-31": 53, "2008-09-30": 3, "2008-06-30": 197, "2008-03-31": "54.00000", "2007-12-31": 69, "2007-09-30": 192, "2007-06-30": 333, "2007-03-31": "233.00000", "2006-12-31": 440, "2006-09-30": 862, "2006-06-30": 610, "2006-03-31": "267.00000", "2005-12-31": 357, "2005-09-30": 189, "2005-06-30": 148, "2005-03-31": "216.00000"}, "Cash Flow From Investing Activities": {"2020-12-31": -357, "2020-09-30": -278, "2020-06-30": -307, "2020-03-31": "-233.00000", "2019-12-31": -441, "2019-09-30": -471, "2019-06-30": -502, "2019-03-31": "-350.00000", "2018-12-31": -517, "2018-09-30": -355, "2018-06-30": -415, "2018-03-31": "-371.00000", "2017-12-31": -307, "2017-09-30": -350, "2017-06-30": -420, "2017-03-31": "-404.00000", "2016-12-31": -502, "2016-09-30": -418, "2016-06-30": -504, "2016-03-31": "-408.00000", "2015-12-31": -380, "2015-09-30": -855, "2015-06-30": -474, "2015-03-31": "-378.00000", "2014-12-31": -748, "2014-09-30": -607, "2014-06-30": -393, "2014-03-31": "-254.00000", "2013-12-31": -525, "2013-09-30": -562, "2013-06-30": -441, "2013-03-31": "-366.00000", "2012-12-31": -542, "2012-09-30": -520, "2012-06-30": -496, "2012-03-31": "-436.00000", "2011-12-31": -567, "2011-09-30": -404, "2011-06-30": -419, "2011-03-31": "-382.00000", "2010-12-31": -450, "2010-09-30": -275, "2010-06-30": -371, "2010-03-31": "-360.00000", "2009-12-31": -484, "2009-09-30": -318, "2009-06-30": -405, "2009-03-31": "-244.00000", "2008-12-31": -418, "2008-09-30": -417, "2008-06-30": -146, "2008-03-31": "-247.00000", "2007-12-31": -425, "2007-09-30": -215, "2007-06-30": -129, "2007-03-31": "-256.00000", "2006-12-31": -143, "2006-09-30": 433, "2006-06-30": -683, "2006-03-31": "-291.00000", "2005-12-31": -625, "2005-09-30": -817, "2005-06-30": -158, "2005-03-31": "-227.00000"}, "Net Long-Term Debt": {"2020-12-31": -56, "2020-09-30": -11, "2020-06-30": 470, "2020-03-31": "", "2019-12-31": 350, "2019-09-30": 350, "2019-06-30": 54, "2019-03-31": "250.00000", "2018-12-31": 0, "2018-09-30": 1480, "2018-06-30": -650, "2018-03-31": "443.00000", "2017-12-31": -55, "2017-09-30": -5, "2017-06-30": -252, "2017-03-31": "-100.00000", "2016-12-31": 100, "2016-09-30": 0, "2016-06-30": 594, "2016-03-31": "-600.00000", "2015-12-31": 591, "2015-09-30": 100, "2015-06-30": 493, "2015-03-31": "-101.00000", "2014-12-31": 100, "2014-09-30": -332, "2014-06-30": -113, "2014-03-31": "-100.00000", "2013-12-31": 495, "2013-09-30": 460, "2013-06-30": -13, "2013-03-31": "-203.00000", "2012-12-31": 196, "2012-09-30": 473, "2012-06-30": -18, "2012-03-31": "478.00000", "2011-12-31": 697, "2011-09-30": -154, "2011-06-30": 366, "2011-03-31": "-408.00000", "2010-12-31": 88, "2010-09-30": 241, "2010-06-30": -340, "2010-03-31": "-128.00000", "2009-12-31": 88, "2009-09-30": -21, "2009-06-30": 61, "2009-03-31": "275.00000", "2008-12-31": 181, "2008-09-30": -19, "2008-06-30": 3, "2008-03-31": "115.00000", "2007-12-31": 215, "2007-09-30": -21, "2007-06-30": -369, "2007-03-31": "-64.00000", "2006-12-31": -27, "2006-09-30": -241, "2006-06-30": -39, "2006-03-31": "-32.00000", "2005-12-31": 75, "2005-09-30": -36, "2005-06-30": -689, "2005-03-31": "194.00000"}, "Net Current Debt": {"2020-12-31": 0, "2020-09-30": 0, "2020-06-30": 0, "2020-03-31": "", "2019-12-31": 0, "2019-09-30": 0, "2019-06-30": 0, "2019-03-31": "", "2018-12-31": 0, "2018-09-30": 0, "2018-06-30": 0, "2018-03-31": "", "2017-12-31": 0, "2017-09-30": 0, "2017-06-30": 0, "2017-03-31": "", "2016-12-31": 0, "2016-09-30": 0, "2016-06-30": 0, "2016-03-31": "", "2015-12-31": 0, "2015-09-30": 0, "2015-06-30": 0, "2015-03-31": "", "2014-12-31": 0, "2014-09-30": 0, "2014-06-30": 0, "2014-03-31": "", "2013-12-31": 0, "2013-09-30": 0, "2013-06-30": 0, "2013-03-31": "", "2012-12-31": 0, "2012-09-30": 0, "2012-06-30": 0, "2012-03-31": "", "2011-12-31": 0, "2011-09-30": 0, "2011-06-30": 0, "2011-03-31": "", "2010-12-31": 0, "2010-09-30": 0, "2010-06-30": 0, "2010-03-31": "", "2009-12-31": 0, "2009-09-30": 0, "2009-06-30": 0, "2009-03-31": "", "2008-12-31": 0, "2008-09-30": 0, "2008-06-30": 0, "2008-03-31": "", "2007-12-31": 0, "2007-09-30": 0, "2007-06-30": 0, "2007-03-31": "", "2006-12-31": 0, "2006-09-30": 0, "2006-06-30": 0, "2006-03-31": "", "2005-12-31": 0, "2005-09-30": 0, "2005-06-30": 0, "2005-03-31": ""}, "Debt Issuance/Retirement Net - Total": {"2020-12-31": -56, "2020-09-30": -11, "2020-06-30": 470, "2020-03-31": "", "2019-12-31": 350, "2019-09-30": 350, "2019-06-30": 54, "2019-03-31": "250.00000", "2018-12-31": 0, "2018-09-30": 1480, "2018-06-30": -650, "2018-03-31": "443.00000", "2017-12-31": -55, "2017-09-30": -5, "2017-06-30": -252, "2017-03-31": "-100.00000", "2016-12-31": 100, "2016-09-30": 0, "2016-06-30": 594, "2016-03-31": "-600.00000", "2015-12-31": 591, "2015-09-30": 100, "2015-06-30": 493, "2015-03-31": "-101.00000", "2014-12-31": 100, "2014-09-30": -332, "2014-06-30": -113, "2014-03-31": "-100.00000", "2013-12-31": 495, "2013-09-30": 460, "2013-06-30": -13, "2013-03-31": "-203.00000", "2012-12-31": 196, "2012-09-30": 473, "2012-06-30": -18, "2012-03-31": "478.00000", "2011-12-31": 697, "2011-09-30": -154, "2011-06-30": 366, "2011-03-31": "-408.00000", "2010-12-31": 88, "2010-09-30": 241, "2010-06-30": -340, "2010-03-31": "-128.00000", "2009-12-31": 88, "2009-09-30": -21, "2009-06-30": 61, "2009-03-31": "275.00000", "2008-12-31": 181, "2008-09-30": -19, "2008-06-30": 3, "2008-03-31": "115.00000", "2007-12-31": 215, "2007-09-30": -21, "2007-06-30": -369, "2007-03-31": "-64.00000", "2006-12-31": -27, "2006-09-30": -241, "2006-06-30": -39, "2006-03-31": "-32.00000", "2005-12-31": 75, "2005-09-30": -36, "2005-06-30": -689, "2005-03-31": "194.00000"}, "Net Common Equity Issued/Repurchased": {"2020-12-31": -463, "2020-09-30": -264, "2020-06-30": -191, "2020-03-31": "-452.00000", "2019-12-31": -543, "2019-09-30": -497, "2019-06-30": -534, "2019-03-31": "-498.00000", "2018-12-31": -479, "2018-09-30": -1577, "2018-06-30": -384, "2018-03-31": "-301.00000", "2017-12-31": -286, "2017-09-30": -277, "2017-06-30": -194, "2017-03-31": "-166.00000", "2016-12-31": -176, "2016-09-30": -171, "2016-06-30": -192, "2016-03-31": "-207.00000", "2015-12-31": -67, "2015-09-30": -231, "2015-06-30": -345, "2015-03-31": "-420.00000", "2014-12-31": -204, "2014-09-30": -29, "2014-06-30": -30, "2014-03-31": "12.00000", "2013-12-31": -24, "2013-09-30": -238, "2013-06-30": -256, "2013-03-31": "22.00000", "2012-12-31": -126, "2012-09-30": -270, "2012-06-30": -434, "2012-03-31": "-369.00000", "2011-12-31": -415, "2011-09-30": -793, "2011-06-30": -412, "2011-03-31": "-311.00000", "2010-12-31": -396, "2010-09-30": -306, "2010-06-30": -93, "2010-03-31": "21.00000", "2009-12-31": 34, "2009-09-30": 8, "2009-06-30": 18, "2009-03-31": "6.00000", "2008-12-31": -224, "2008-09-30": -358, "2008-06-30": -112, "2008-03-31": "-205.00000", "2007-12-31": -410, "2007-09-30": -330, "2007-06-30": -38, "2007-03-31": "-235.00000", "2006-12-31": 9, "2006-09-30": -724, "2006-06-30": -68, "2006-03-31": "116.00000", "2005-12-31": 80, "2005-09-30": 42, "2005-06-30": 6, "2005-03-31": "66.00000"}, "Net Total Equity Issued/Repurchased": {"2020-12-31": -463, "2020-09-30": -264, "2020-06-30": -191, "2020-03-31": "-452.00000", "2019-12-31": -543, "2019-09-30": -497, "2019-06-30": -534, "2019-03-31": "-498.00000", "2018-12-31": -479, "2018-09-30": -1577, "2018-06-30": -384, "2018-03-31": "-301.00000", "2017-12-31": -286, "2017-09-30": -277, "2017-06-30": -194, "2017-03-31": "-166.00000", "2016-12-31": -176, "2016-09-30": -171, "2016-06-30": -192, "2016-03-31": "-207.00000", "2015-12-31": -67, "2015-09-30": -231, "2015-06-30": -345, "2015-03-31": "-420.00000", "2014-12-31": -204, "2014-09-30": -29, "2014-06-30": -30, "2014-03-31": "12.00000", "2013-12-31": -24, "2013-09-30": -238, "2013-06-30": -256, "2013-03-31": "22.00000", "2012-12-31": -126, "2012-09-30": -270, "2012-06-30": -434, "2012-03-31": "-369.00000", "2011-12-31": -415, "2011-09-30": -793, "2011-06-30": -412, "2011-03-31": "-311.00000", "2010-12-31": -396, "2010-09-30": -306, "2010-06-30": -93, "2010-03-31": "21.00000", "2009-12-31": 34, "2009-09-30": 8, "2009-06-30": 18, "2009-03-31": "6.00000", "2008-12-31": -224, "2008-09-30": -358, "2008-06-30": -112, "2008-03-31": "-205.00000", "2007-12-31": -410, "2007-09-30": -330, "2007-06-30": -38, "2007-03-31": "-235.00000", "2006-12-31": 9, "2006-09-30": -724, "2006-06-30": -68, "2006-03-31": "116.00000", "2005-12-31": 80, "2005-09-30": 42, "2005-06-30": 6, "2005-03-31": "66.00000"}, "Total Common And Preferred Stock Dividends Paid": {"2020-12-31": -238, "2020-09-30": -240, "2020-06-30": -240, "2020-03-31": "-242.00000", "2019-12-31": -244, "2019-09-30": -247, "2019-06-30": -228, "2019-03-31": "-230.00000", "2018-12-31": -217, "2018-09-30": -219, "2018-06-30": -203, "2018-03-31": "-205.00000", "2017-12-31": -174, "2017-09-30": -175, "2017-06-30": -177, "2017-03-31": "-177.00000", "2016-12-31": -172, "2016-09-30": -173, "2016-06-30": -174, "2016-03-31": "-176.00000", "2015-12-31": -176, "2015-09-30": -177, "2015-06-30": -179, "2015-03-31": "-181.00000", "2014-12-31": -176, "2014-09-30": -176, "2014-06-30": -168, "2014-03-31": "-167.00000", "2013-12-31": -161, "2013-09-30": -161, "2013-06-30": -158, "2013-03-31": "-157.00000", "2012-12-31": -157, "2012-09-30": -159, "2012-06-30": -153, "2012-03-31": "-155.00000", "2011-12-31": -144, "2011-09-30": -149, "2011-06-30": -141, "2011-03-31": "-142.00000", "2010-12-31": -130, "2010-09-30": -132, "2010-06-30": -126, "2010-03-31": "-126.00000", "2009-12-31": -126, "2009-09-30": -124, "2009-06-30": -125, "2009-03-31": "-125.00000", "2008-12-31": -118, "2008-09-30": -120, "2008-06-30": -109, "2008-03-31": "-109.00000", "2007-12-31": -101, "2007-09-30": -102, "2007-06-30": -86, "2007-03-31": "-88.00000", "2006-12-31": -71, "2006-09-30": -74, "2006-06-30": -67, "2006-03-31": "-66.00000", "2005-12-31": -53, "2005-09-30": -53, "2005-06-30": -44, "2005-03-31": "-44.00000"}, "Financial Activities - Other": {"2020-12-31": 0, "2020-09-30": 0, "2020-06-30": 0, "2020-03-31": "", "2019-12-31": 23, "2019-09-30": 0, "2019-06-30": 0, "2019-03-31": "", "2018-12-31": 0, "2018-09-30": 0, "2018-06-30": 0, "2018-03-31": "", "2017-12-31": 0, "2017-09-30": 0, "2017-06-30": 0, "2017-03-31": "", "2016-12-31": 0, "2016-09-30": 0, "2016-06-30": 0, "2016-03-31": "", "2015-12-31": 0, "2015-09-30": 0, "2015-06-30": 0, "2015-03-31": "", "2014-12-31": 0, "2014-09-30": 0, "2014-06-30": 0, "2014-03-31": "", "2013-12-31": 0, "2013-09-30": 0, "2013-06-30": 0, "2013-03-31": "", "2012-12-31": 0, "2012-09-30": 0, "2012-06-30": 0, "2012-03-31": "", "2011-12-31": 0, "2011-09-30": 0, "2011-06-30": 0, "2011-03-31": "", "2010-12-31": 0, "2010-09-30": 0, "2010-06-30": 0, "2010-03-31": "", "2009-12-31": 0, "2009-09-30": 0, "2009-06-30": 0, "2009-03-31": "", "2008-12-31": 0, "2008-09-30": 0, "2008-06-30": 0, "2008-03-31": "", "2007-12-31": 0, "2007-09-30": 0, "2007-06-30": 0, "2007-03-31": "", "2006-12-31": 0, "2006-09-30": 0, "2006-06-30": 0, "2006-03-31": "", "2005-12-31": 0, "2005-09-30": 0, "2005-06-30": 0, "2005-03-31": ""}, "Cash Flow From Financial Activities": {"2020-12-31": -757, "2020-09-30": -515, "2020-06-30": 39, "2020-03-31": "-694.00000", "2019-12-31": -414, "2019-09-30": -394, "2019-06-30": -708, "2019-03-31": "-478.00000", "2018-12-31": -696, "2018-09-30": -316, "2018-06-30": -1237, "2018-03-31": "-63.00000", "2017-12-31": -515, "2017-09-30": -457, "2017-06-30": -623, "2017-03-31": "-443.00000", "2016-12-31": -248, "2016-09-30": -344, "2016-06-30": 228, "2016-03-31": "-983.00000", "2015-12-31": 348, "2015-09-30": -308, "2015-06-30": -31, "2015-03-31": "-702.00000", "2014-12-31": -280, "2014-09-30": -537, "2014-06-30": -311, "2014-03-31": "-255.00000", "2013-12-31": 310, "2013-09-30": 61, "2013-06-30": -427, "2013-03-31": "-338.00000", "2012-12-31": -87, "2012-09-30": 44, "2012-06-30": -605, "2012-03-31": "-46.00000", "2011-12-31": 138, "2011-09-30": -1096, "2011-06-30": -187, "2011-03-31": "-861.00000", "2010-12-31": -438, "2010-09-30": -197, "2010-06-30": -559, "2010-03-31": "-233.00000", "2009-12-31": -4, "2009-09-30": -137, "2009-06-30": -46, "2009-03-31": "156.00000", "2008-12-31": -161, "2008-09-30": -497, "2008-06-30": -218, "2008-03-31": "-199.00000", "2007-12-31": -296, "2007-09-30": -453, "2007-06-30": -493, "2007-03-31": "-387.00000", "2006-12-31": -89, "2006-09-30": -1039, "2006-06-30": -174, "2006-03-31": "18.00000", "2005-12-31": 102, "2005-09-30": -47, "2005-06-30": -727, "2005-03-31": "216.00000"}, "Net Cash Flow": {"2020-12-31": -244, "2020-09-30": 216, "2020-06-30": 535, "2020-03-31": "28.00000", "2019-12-31": 40, "2019-09-30": 180, "2019-06-30": -139, "2019-03-31": "53.00000", "2018-12-31": -371, "2018-09-30": 387, "2018-06-30": -642, "2018-03-31": "382.00000", "2017-12-31": -34, "2017-09-30": 82, "2017-06-30": -313, "2017-03-31": "-1.00000", "2016-12-31": -28, "2016-09-30": 118, "2016-06-30": 277, "2016-03-31": "-512.00000", "2015-12-31": 668, "2015-09-30": -456, "2015-06-30": 365, "2015-03-31": "-449.00000", "2014-12-31": -459, "2014-09-30": -235, "2014-06-30": 145, "2014-03-31": "79.00000", "2013-12-31": 459, "2013-09-30": 397, "2013-06-30": -85, "2013-03-31": "19.00000", "2012-12-31": -40, "2012-09-30": 337, "2012-06-30": -473, "2012-03-31": "553.00000", "2011-12-31": 34, "2011-09-30": -436, "2011-06-30": 442, "2011-03-31": "-591.00000", "2010-12-31": -302, "2010-09-30": 274, "2010-06-30": -306, "2010-03-31": "165.00000", "2009-12-31": -3, "2009-09-30": 277, "2009-06-30": -162, "2009-03-31": "266.00000", "2008-12-31": 61, "2008-09-30": 103, "2008-06-30": 90, "2008-03-31": "158.00000", "2007-12-31": -199, "2007-09-30": 6, "2007-06-30": -71, "2007-03-31": "-57.00000", "2006-12-31": 257, "2006-09-30": 13, "2006-06-30": -269, "2006-03-31": "237.00000", "2005-12-31": -20, "2005-09-30": -122, "2005-06-30": -433, "2005-03-31": "397.00000"}, "Stock-Based Compensation": {"2020-12-31": 0, "2020-09-30": 0, "2020-06-30": 0, "2020-03-31": "", "2019-12-31": 0, "2019-09-30": 0, "2019-06-30": 0, "2019-03-31": "", "2018-12-31": 0, "2018-09-30": 0, "2018-06-30": 0, "2018-03-31": "", "2017-12-31": 0, "2017-09-30": 0, "2017-06-30": 0, "2017-03-31": "", "2016-12-31": 0, "2016-09-30": 0, "2016-06-30": 0, "2016-03-31": "", "2015-12-31": 0, "2015-09-30": 0, "2015-06-30": 0, "2015-03-31": "", "2014-12-31": 0, "2014-09-30": 0, "2014-06-30": 0, "2014-03-31": "", "2013-12-31": 0, "2013-09-30": 0, "2013-06-30": 0, "2013-03-31": "", "2012-12-31": 0, "2012-09-30": 0, "2012-06-30": 0, "2012-03-31": "", "2011-12-31": 0, "2011-09-30": 0, "2011-06-30": 0, "2011-03-31": "", "2010-12-31": 0, "2010-09-30": 0, "2010-06-30": 0, "2010-03-31": "", "2009-12-31": 0, "2009-09-30": 0, "2009-06-30": 0, "2009-03-31": "", "2008-12-31": 0, "2008-09-30": 0, "2008-06-30": 0, "2008-03-31": "", "2007-12-31": 0, "2007-09-30": 0, "2007-06-30": 0, "2007-03-31": "", "2006-12-31": 0, "2006-09-30": 0, "2006-06-30": 0, "2006-03-31": "", "2005-12-31": 0, "2005-09-30": 0, "2005-06-30": 0, "2005-03-31": ""}, "Common Stock Dividends Paid": {"2020-12-31": -238, "2020-09-30": -240, "2020-06-30": -240, "2020-03-31": "-242.00000", "2019-12-31": -244, "2019-09-30": -247, "2019-06-30": -228, "2019-03-31": "-230.00000", "2018-12-31": -217, "2018-09-30": -219, "2018-06-30": -203, "2018-03-31": "-205.00000", "2017-12-31": -174, "2017-09-30": -175, "2017-06-30": -177, "2017-03-31": "-177.00000", "2016-12-31": -172, "2016-09-30": -173, "2016-06-30": -174, "2016-03-31": "-176.00000", "2015-12-31": -176, "2015-09-30": -177, "2015-06-30": -179, "2015-03-31": "-181.00000", "2014-12-31": -176, "2014-09-30": -176, "2014-06-30": -168, "2014-03-31": "-167.00000", "2013-12-31": -161, "2013-09-30": -161, "2013-06-30": -158, "2013-03-31": "-157.00000", "2012-12-31": -157, "2012-09-30": -159, "2012-06-30": -153, "2012-03-31": "-155.00000", "2011-12-31": -144, "2011-09-30": -149, "2011-06-30": -141, "2011-03-31": "-142.00000", "2010-12-31": -130, "2010-09-30": -132, "2010-06-30": -126, "2010-03-31": "-126.00000", "2009-12-31": -126, "2009-09-30": -124, "2009-06-30": -125, "2009-03-31": "-125.00000", "2008-12-31": -118, "2008-09-30": -120, "2008-06-30": -109, "2008-03-31": "-109.00000", "2007-12-31": -101, "2007-09-30": -102, "2007-06-30": -86, "2007-03-31": "-88.00000", "2006-12-31": -71, "2006-09-30": -74, "2006-06-30": -67, "2006-03-31": "-66.00000", "2005-12-31": -53, "2005-09-30": -53, "2005-06-30": -44, "2005-03-31": "-44.00000"}}, "financial ratios": {"Current Ratio": {"2020-12-31": "1.07310", "2019-12-31": "0.90480", "2018-12-31": "0.71860", "2017-12-31": "0.84440", "2016-12-31": "0.97950", "2015-12-31": "1.12600", "2014-12-31": "1.56070", "2013-12-31": "1.33410", "2012-12-31": "1.07740", "2011-12-31": "1.02940", "2010-12-31": "1.18680", "2009-12-31": "1.25550", "2008-12-31": "0.94960", "2007-12-31": "0.85990", "2006-12-31": "1.14670", "2005-12-31": "1.37950"}, "Long-term Debt / Capital": {"2020-12-31": "0.45000", "2019-12-31": "0.43900", "2018-12-31": "0.40740", "2017-12-31": "0.35830", "2016-12-31": "0.43520", "2015-12-31": "0.43520", "2014-12-31": "0.41720", "2013-12-31": "0.44090", "2012-12-31": "0.46350", "2011-12-31": "0.42710", "2010-12-31": "0.38100", "2009-12-31": "0.39210", "2008-12-31": "0.39160", "2007-12-31": "0.38150", "2006-12-31": "0.38850", "2005-12-31": "0.41630"}, "Debt/Equity Ratio": {"2020-12-31": "0.85730", "2019-12-31": "0.80320", "2018-12-31": "0.72550", "2017-12-31": "0.60130", "2016-12-31": "0.82300", "2015-12-31": "0.82810", "2014-12-31": "0.72410", "2013-12-31": "0.83690", "2012-12-31": "0.88950", "2011-12-31": "0.76080", "2010-12-31": "0.65840", "2009-12-31": "0.69090", "2008-12-31": "0.69400", "2007-12-31": "0.65470", "2006-12-31": "0.68640", "2005-12-31": "0.74710"}, "Gross Margin": {"2020-12-31": "70.63030", "2019-12-31": "69.74150", "2018-12-31": "69.69800", "2017-12-31": "71.61410", "2016-12-31": "69.20510", "2015-12-31": "65.16030", "2014-12-31": "63.85930", "2013-12-31": "63.80610", "2012-12-31": "63.40580", "2011-12-31": "63.09520", "2010-12-31": "65.18500", "2009-12-31": "65.25290", "2008-12-31": "61.64530", "2007-12-31": "71.16200", "2006-12-31": "71.58500", "2005-12-31": "72.22940"}, "Operating Margin": {"2020-12-31": "30.66710", "2019-12-31": "35.31340", "2018-12-31": "34.55230", "2017-12-31": "33.38070", "2016-12-31": "30.43080", "2015-12-31": "27.43790", "2014-12-31": "30.75530", "2013-12-31": "28.96400", "2012-12-31": "28.29710", "2011-12-31": "28.75940", "2010-12-31": "28.12110", "2009-12-31": "24.62040", "2008-12-31": "28.92790", "2007-12-31": "27.40670", "2006-12-31": "27.18190", "2005-12-31": "24.82700"}, "EBIT Margin": {"2020-12-31": "30.66710", "2019-12-31": "35.31340", "2018-12-31": "34.55230", "2017-12-31": "33.38070", "2016-12-31": "30.43080", "2015-12-31": "27.43790", "2014-12-31": "30.75530", "2013-12-31": "28.96400", "2012-12-31": "28.29710", "2011-12-31": "28.75940", "2010-12-31": "28.12110", "2009-12-31": "24.62040", "2008-12-31": "28.92790", "2007-12-31": "27.40670", "2006-12-31": "27.18190", "2005-12-31": "24.82700"}, "EBITDA Margin": {"2020-12-31": "42.45580", "2019-12-31": "45.39660", "2018-12-31": "44.18750", "2017-12-31": "43.41770", "2016-12-31": "40.84750", "2015-12-31": "37.51310", "2014-12-31": "38.97970", "2013-12-31": "37.16320", "2012-12-31": "36.64860", "2011-12-31": "36.53780", "2010-12-31": "36.80120", "2009-12-31": "35.22400", "2008-12-31": "36.57260", "2007-12-31": "35.74000", "2006-12-31": "35.15470", "2005-12-31": "34.05650"}, "Pre-Tax Profit Margin": {"2020-12-31": "25.84530", "2019-12-31": "30.90480", "2018-12-31": "30.27580", "2017-12-31": "29.64650", "2016-12-31": "26.11250", "2015-12-31": "23.23280", "2014-12-31": "26.96150", "2013-12-31": "26.36730", "2012-12-31": "24.98190", "2011-12-31": "26.11890", "2010-12-31": "24.87390", "2009-12-31": "20.35390", "2008-12-31": "25.79500", "2007-12-31": "23.71710", "2006-12-31": "23.70580", "2005-12-31": "19.90150"}, "Net Profit Margin": {"2020-12-31": "20.53330", "2019-12-31": "24.05280", "2018-12-31": "23.21520", "2017-12-31": "51.18000", "2016-12-31": "16.81840", "2015-12-31": "14.74650", "2014-12-31": "17.15420", "2013-12-31": "16.92310", "2012-12-31": "15.76090", "2011-12-31": "17.06950", "2010-12-31": "15.63680", "2009-12-31": "12.87490", "2008-12-31": "16.09610", "2007-12-31": "15.52160", "2006-12-31": "15.74360", "2005-12-31": "15.02290"}, "Asset Turnover": {"2020-12-31": "0.25790", "2019-12-31": "0.29790", "2018-12-31": "0.31620", "2017-12-31": "0.29550", "2016-12-31": "0.28340", "2015-12-31": "0.30790", "2014-12-31": "0.35010", "2013-12-31": "0.34620", "2012-12-31": "0.36390", "2011-12-31": "0.39150", "2010-12-31": "0.33750", "2009-12-31": "0.29120", "2008-12-31": "0.40540", "2007-12-31": "0.36080", "2006-12-31": "0.36140", "2005-12-31": "0.32970"}, "Inventory Turnover Ratio": {"2020-12-31": "13.00910", "2019-12-31": "14.00820", "2018-12-31": "16.77300", "2017-12-31": "13.49100", "2016-12-31": "11.84830", "2015-12-31": "13.51290", "2014-12-31": "17.80090", "2013-12-31": "18.25110", "2012-12-31": "18.70370", "2011-12-31": "19.72730", "2010-12-31": "19.60360", "2009-12-31": "16.88420", "2008-12-31": "21.07730", "2007-12-31": "15.45460", "2006-12-31": "17.70200", "2005-12-31": "17.93940"}, "Receiveable Turnover": {"2020-12-31": "11.54360", "2019-12-31": "12.27830", "2018-12-31": "11.35580", "2017-12-31": "11.04820", "2016-12-31": "10.46350", "2015-12-31": "11.11100", "2014-12-31": "11.01800", "2013-12-31": "10.98150", "2012-12-31": "9.95490", "2011-12-31": "10.93150", "2010-12-31": "11.79180", "2009-12-31": "10.40340", "2008-12-31": "12.25400", "2007-12-31": "10.01270", "2006-12-31": "9.48290", "2005-12-31": "9.15900"}, "Days Sales In Receivables": {"2020-12-31": "31.61920", "2019-12-31": "29.72730", "2018-12-31": "32.14220", "2017-12-31": "33.03720", "2016-12-31": "34.88320", "2015-12-31": "32.85040", "2014-12-31": "33.12760", "2013-12-31": "33.23790", "2012-12-31": "36.66530", "2011-12-31": "33.38970", "2010-12-31": "30.95370", "2009-12-31": "35.08470", "2008-12-31": "29.78610", "2007-12-31": "36.45360", "2006-12-31": "38.49050", "2005-12-31": "39.85170"}, "ROE - Return On Equity": {"2020-12-31": "13.60960", "2019-12-31": "17.92680", "2018-12-31": "17.35450", "2017-12-31": "33.03380", "2016-12-31": "13.44190", "2015-12-31": "12.76670", "2014-12-31": "16.11860", "2013-12-31": "16.91910", "2012-12-31": "17.92010", "2011-12-31": "19.33210", "2010-12-31": "14.02190", "2009-12-31": "9.98740", "2008-12-31": "17.86200", "2007-12-31": "15.05090", "2006-12-31": "15.40300", "2005-12-31": "13.80980"}, "Return On Tangible Equity": {"2020-12-31": "13.60960", "2019-12-31": "17.92680", "2018-12-31": "17.35450", "2017-12-31": "33.03380", "2016-12-31": "13.44190", "2015-12-31": "12.76670", "2014-12-31": "16.11860", "2013-12-31": "16.91910", "2012-12-31": "17.92010", "2011-12-31": "19.33210", "2010-12-31": "14.02190", "2009-12-31": "9.98740", "2008-12-31": "17.86200", "2007-12-31": "15.05090", "2006-12-31": "15.40300", "2005-12-31": "13.80980"}, "ROA - Return On Assets": {"2020-12-31": "5.30270", "2019-12-31": "7.17770", "2018-12-31": "7.35670", "2017-12-31": "15.13260", "2016-12-31": "4.78050", "2015-12-31": "4.55780", "2014-12-31": "6.02410", "2013-12-31": "5.88000", "2012-12-31": "5.76430", "2011-12-31": "6.71390", "2010-12-31": "5.30520", "2009-12-31": "3.77800", "2008-12-31": "6.52550", "2007-12-31": "5.59980", "2006-12-31": "5.69000", "2005-12-31": "4.95380"}, "ROI - Return On Investment": {"2020-12-31": "7.48520", "2019-12-31": "10.05760", "2018-12-31": "10.28470", "2017-12-31": "21.19630", "2016-12-31": "7.59180", "2015-12-31": "7.21000", "2014-12-31": "9.39360", "2013-12-31": "9.45920", "2012-12-31": "9.61410", "2011-12-31": "11.07450", "2010-12-31": "8.67950", "2009-12-31": "6.07090", "2008-12-31": "10.86760", "2007-12-31": "9.30940", "2006-12-31": "9.41870", "2005-12-31": "8.06070"}, "Book Value Per Share": {"2020-12-31": "58.67230", "2019-12-31": "58.87440", "2018-12-31": "57.30000", "2017-12-31": "57.57030", "2016-12-31": "42.72810", "2015-12-31": "40.92750", "2014-12-31": "40.25440", "2013-12-31": "36.54840", "2012-12-31": "31.07940", "2011-12-31": "29.99830", "2010-12-31": "29.85480", "2009-12-31": "28.05540", "2008-12-31": "26.23190", "2007-12-31": "25.64470", "2006-12-31": "24.19360", "2005-12-31": "22.63070"}, "Operating Cash Flow Per Share": {"2020-12-31": -0.4798, "2019-12-31": 1.356, "2018-12-31": 2.0919, "2017-12-31": 0.9557, "2016-12-31": 0.6968, "2015-12-31": 0.2252, "2014-12-31": -0.4279, "2013-12-31": 0.3309, "2012-12-31": 0.2391, "2011-12-31": 1.8863, "2010-12-31": 2.3009, "2009-12-31": -2.146, "2008-12-31": 1.2799, "2007-12-31": 0.5453, "2006-12-31": 0.214, "2005-12-31": 5.1055}, "Free Cash Flow Per Share": {"2020-12-31": 1.1779, "2019-12-31": 1.4086, "2018-12-31": 1.0966, "2017-12-31": 1.652, "2016-12-31": 2.3891, "2015-12-31": -0.9901, "2014-12-31": -1.0499, "2013-12-31": 0.8409, "2012-12-31": -0.1522, "2011-12-31": -0.3304, "2010-12-31": 1.8734, "2009-12-31": -1.5982, "2008-12-31": 0.5262, "2007-12-31": 0.0395, "2006-12-31": -0.1203, "2005-12-31": 2.8862}}, "financial ratios, quarterly": {"Current Ratio": {"2020-12-31": "1.07310", "2020-09-30": "1.28630", "2020-06-30": "1.21450", "2020-03-31": "0.89530", "2019-12-31": "0.90480", "2019-09-30": "0.73020", "2019-06-30": "0.78090", "2019-03-31": "0.66620", "2018-12-31": "0.71860", "2018-09-30": "0.86400", "2018-06-30": "0.80950", "2018-03-31": "1.03810", "2017-12-31": "0.84440", "2017-09-30": "0.82840", "2017-06-30": "0.82630", "2017-03-31": "0.95250", "2016-12-31": "0.97950", "2016-09-30": "1.03810", "2016-06-30": "1.06260", "2016-03-31": "1.07370", "2015-12-31": "1.12600", "2015-09-30": "0.84580", "2015-06-30": "1.09530", "2015-03-31": "1.00570", "2014-12-31": "1.56070", "2014-09-30": "1.44670", "2014-06-30": "1.37920", "2014-03-31": "1.34860", "2013-12-31": "1.33410", "2013-09-30": "1.06950", "2013-06-30": "1.14490", "2013-03-31": "1.22010", "2012-12-31": "1.07740", "2012-09-30": "1.20560", "2012-06-30": "1.06200", "2012-03-31": "1.20700", "2011-12-31": "1.02940", "2011-09-30": "0.94270", "2011-06-30": "1.32060", "2011-03-31": "1.16910", "2010-12-31": "1.18680", "2010-09-30": "1.34680", "2010-06-30": "1.20190", "2010-03-31": "1.20660", "2009-12-31": "1.25550", "2009-09-30": "1.19670", "2009-06-30": "1.11390", "2009-03-31": "1.08720", "2008-12-31": "0.94960", "2008-09-30": "0.90400", "2008-06-30": "0.95210", "2008-03-31": "0.91420", "2007-12-31": "0.85990", "2007-09-30": "0.91540", "2007-06-30": "0.98580", "2007-03-31": "1.06420", "2006-12-31": "1.14670", "2006-09-30": "1.01230", "2006-06-30": "1.24200", "2006-03-31": "1.50130", "2005-12-31": "1.37950", "2005-09-30": "1.22910", "2005-06-30": "1.21600", "2005-03-31": "1.19200"}, "Long-term Debt / Capital": {"2020-12-31": "0.45000", "2020-09-30": "0.45820", "2020-06-30": "0.45910", "2020-03-31": "0.44240", "2019-12-31": "0.43900", "2019-09-30": "0.42110", "2019-06-30": "0.41980", "2019-03-31": "0.40810", "2018-12-31": "0.40740", "2018-09-30": "0.40720", "2018-06-30": "0.35580", "2018-03-31": "0.36990", "2017-12-31": "0.35830", "2017-09-30": "0.42170", "2017-06-30": "0.42270", "2017-03-31": "0.43310", "2016-12-31": "0.43520", "2016-09-30": "0.43530", "2016-06-30": "0.43760", "2016-03-31": "0.43470", "2015-12-31": "0.43520", "2015-09-30": "0.42310", "2015-06-30": "0.42400", "2015-03-31": "0.40940", "2014-12-31": "0.41720", "2014-09-30": "0.41760", "2014-06-30": "0.42190", "2014-03-31": "0.43240", "2013-12-31": "0.44090", "2013-09-30": "0.45220", "2013-06-30": "0.45280", "2013-03-31": "0.45490", "2012-12-31": "0.46350", "2012-09-30": "0.46320", "2012-06-30": "0.44910", "2012-03-31": "0.44860", "2011-12-31": "0.42710", "2011-09-30": "0.39810", "2011-06-30": "0.39470", "2011-03-31": "0.38200", "2010-12-31": "0.38100", "2010-09-30": "0.37860", "2010-06-30": "0.37020", "2010-03-31": "0.37650", "2009-12-31": "0.39210", "2009-09-30": "0.39910", "2009-06-30": "0.40420", "2009-03-31": "0.39980", "2008-12-31": "0.39160", "2008-09-30": "0.37330", "2008-06-30": "0.37530", "2008-03-31": "0.38940", "2007-12-31": "0.38150", "2007-09-30": "0.36850", "2007-06-30": "0.36820", "2007-03-31": "0.38390", "2006-12-31": "0.38850", "2006-09-30": "0.39060", "2006-06-30": "0.38290", "2006-03-31": "0.40290", "2005-12-31": "0.41630", "2005-09-30": "0.42700", "2005-06-30": "0.44370", "2005-03-31": "0.46330"}, "Debt/Equity Ratio": {"2020-12-31": "0.85730", "2020-09-30": "0.85150", "2020-06-30": "0.85440", "2020-03-31": "0.82010", "2019-12-31": "0.80320", "2019-09-30": "0.77670", "2019-06-30": "0.74960", "2019-03-31": "0.74390", "2018-12-31": "0.72550", "2018-09-30": "0.71930", "2018-06-30": "0.58250", "2018-03-31": "0.62660", "2017-12-31": "0.60130", "2017-09-30": "0.77630", "2017-06-30": "0.77970", "2017-03-31": "0.80780", "2016-12-31": "0.82300", "2016-09-30": "0.81520", "2016-06-30": "0.82290", "2016-03-31": "0.77710", "2015-12-31": "0.82810", "2015-09-30": "0.78290", "2015-06-30": "0.77750", "2015-03-31": "0.73450", "2014-12-31": "0.72410", "2014-09-30": "0.71720", "2014-06-30": "0.76570", "2014-03-31": "0.80000", "2013-12-31": "0.83690", "2013-09-30": "0.86900", "2013-06-30": "0.83210", "2013-03-31": "0.83930", "2012-12-31": "0.88950", "2012-09-30": "0.86820", "2012-06-30": "0.81810", "2012-03-31": "0.81680", "2011-12-31": "0.76080", "2011-09-30": "0.66670", "2011-06-30": "0.65740", "2011-03-31": "0.62420", "2010-12-31": "0.65840", "2010-09-30": "0.64280", "2010-06-30": "0.62160", "2010-03-31": "0.66520", "2009-12-31": "0.69090", "2009-09-30": "0.70190", "2009-06-30": "0.71830", "2009-03-31": "0.71420", "2008-12-31": "0.69400", "2008-09-30": "0.64410", "2008-06-30": "0.64940", "2008-03-31": "0.66610", "2007-12-31": "0.65470", "2007-09-30": "0.62220", "2007-06-30": "0.62190", "2007-03-31": "0.67850", "2006-12-31": "0.68640", "2006-09-30": "0.69160", "2006-06-30": "0.68990", "2006-03-31": "0.71050", "2005-12-31": "0.74710", "2005-09-30": "0.78040", "2005-06-30": "0.81100", "2005-03-31": "0.93070"}, "Gross Margin": {"2020-12-31": "72.21140", "2020-09-30": "68.27610", "2020-06-30": "70.88730", "2020-03-31": "71.12380", "2019-12-31": "69.77700", "2019-09-30": "69.13060", "2019-06-30": "70.46150", "2019-03-31": "69.57750", "2018-12-31": "73.06630", "2018-09-30": "68.57820", "2018-06-30": "69.18570", "2018-03-31": "67.86900", "2017-12-31": "74.74710", "2017-09-30": "72.32210", "2017-06-30": "70.34510", "2017-03-31": "68.93200", "2016-12-31": "67.55020", "2016-09-30": "70.08720", "2016-06-30": "69.03020", "2016-03-31": "70.16530", "2015-12-31": "64.77360", "2015-09-30": "66.31040", "2015-06-30": "65.79430", "2015-03-31": "63.65410", "2014-12-31": "64.28570", "2014-09-30": "64.90240", "2014-06-30": "64.82580", "2014-03-31": "61.13800", "2013-12-31": "65.08160", "2013-09-30": "64.23510", "2013-06-30": "63.81160", "2013-03-31": "62.01610", "2012-12-31": "62.33230", "2012-09-30": "62.56960", "2012-06-30": "65.65760", "2012-03-31": "62.92580", "2011-12-31": "62.74580", "2011-09-30": "65.45520", "2011-06-30": "63.74740", "2011-03-31": "60.15270", "2010-12-31": "63.04350", "2010-09-30": "66.36810", "2010-06-30": "66.13170", "2010-03-31": "65.14750", "2009-12-31": "48.71800", "2009-09-30": "73.63060", "2009-06-30": "66.02050", "2009-03-31": "73.54610", "2008-12-31": "39.00880", "2008-09-30": "69.14310", "2008-06-30": "67.77580", "2008-03-31": "68.84000", "2007-12-31": "69.47840", "2007-09-30": "71.10070", "2007-06-30": "72.28760", "2007-03-31": "71.87360", "2006-12-31": "89.21950", "2006-09-30": "66.19310", "2006-06-30": "65.42640", "2006-03-31": "65.82720", "2005-12-31": "88.96770", "2005-09-30": "65.61490", "2005-06-30": "68.47730", "2005-03-31": "64.35490"}, "Operating Margin": {"2020-12-31": "38.24330", "2020-09-30": "33.51960", "2020-06-30": "29.25660", "2020-03-31": "21.63810", "2019-12-31": "35.76210", "2019-09-30": "35.05810", "2019-06-30": "36.41030", "2019-03-31": "34.01410", "2018-12-31": "37.22380", "2018-09-30": "34.61150", "2018-06-30": "35.40370", "2018-03-31": "30.73240", "2017-12-31": "37.39230", "2017-09-30": "33.52060", "2017-06-30": "33.06790", "2017-03-31": "29.39810", "2016-12-31": "27.95180", "2016-09-30": "32.48810", "2016-06-30": "31.37730", "2016-03-31": "29.87600", "2015-12-31": "25.49640", "2015-09-30": "30.29860", "2015-06-30": "30.00370", "2015-03-31": "23.60730", "2014-12-31": "31.04530", "2014-09-30": "33.01360", "2014-06-30": "33.49770", "2014-03-31": "24.80480", "2013-12-31": "30.57970", "2013-09-30": "30.06370", "2013-06-30": "29.83580", "2013-03-31": "25.23740", "2012-12-31": "26.60210", "2012-09-30": "27.14450", "2012-06-30": "32.49830", "2012-03-31": "26.71210", "2011-12-31": "28.60210", "2011-09-30": "32.46800", "2011-06-30": "30.53040", "2011-03-31": "22.90080", "2010-12-31": "26.83950", "2010-09-30": "30.37460", "2010-06-30": "30.16460", "2010-03-31": "24.79890", "2009-12-31": "26.06840", "2009-09-30": "27.24190", "2009-06-30": "25.20190", "2009-03-31": "19.71180", "2008-12-31": "32.49400", "2008-09-30": "30.89150", "2008-06-30": "28.89690", "2008-03-31": "23.12000", "2007-12-31": "27.95440", "2007-09-30": "28.94180", "2007-06-30": "29.01600", "2007-03-31": "23.49800", "2006-12-31": "26.47690", "2006-09-30": "29.87880", "2006-06-30": "28.30270", "2006-03-31": "23.92530", "2005-12-31": "26.31810", "2005-09-30": "24.50120", "2005-06-30": "27.48380", "2005-03-31": "20.55070"}, "EBIT Margin": {"2020-12-31": "38.24330", "2020-09-30": "33.51960", "2020-06-30": "29.25660", "2020-03-31": "21.63810", "2019-12-31": "35.76210", "2019-09-30": "35.05810", "2019-06-30": "36.41030", "2019-03-31": "34.01410", "2018-12-31": "37.22380", "2018-09-30": "34.61150", "2018-06-30": "35.40370", "2018-03-31": "30.73240", "2017-12-31": "37.39230", "2017-09-30": "33.52060", "2017-06-30": "33.06790", "2017-03-31": "29.39810", "2016-12-31": "27.95180", "2016-09-30": "32.48810", "2016-06-30": "31.37730", "2016-03-31": "29.87600", "2015-12-31": "25.49640", "2015-09-30": "30.29860", "2015-06-30": "30.00370", "2015-03-31": "23.60730", "2014-12-31": "31.04530", "2014-09-30": "33.01360", "2014-06-30": "33.49770", "2014-03-31": "24.80480", "2013-12-31": "30.57970", "2013-09-30": "30.06370", "2013-06-30": "29.83580", "2013-03-31": "25.23740", "2012-12-31": "26.60210", "2012-09-30": "27.14450", "2012-06-30": "32.49830", "2012-03-31": "26.71210", "2011-12-31": "28.60210", "2011-09-30": "32.46800", "2011-06-30": "30.53040", "2011-03-31": "22.90080", "2010-12-31": "26.83950", "2010-09-30": "30.37460", "2010-06-30": "30.16460", "2010-03-31": "24.79890", "2009-12-31": "26.06840", "2009-09-30": "27.24190", "2009-06-30": "25.20190", "2009-03-31": "19.71180", "2008-12-31": "32.49400", "2008-09-30": "30.89150", "2008-06-30": "28.89690", "2008-03-31": "23.12000", "2007-12-31": "27.95440", "2007-09-30": "28.94180", "2007-06-30": "29.01600", "2007-03-31": "23.49800", "2006-12-31": "26.47690", "2006-09-30": "29.87880", "2006-06-30": "28.30270", "2006-03-31": "23.92530", "2005-12-31": "26.31810", "2005-09-30": "24.50120", "2005-06-30": "27.48380", "2005-03-31": "20.55070"}, "EBITDA Margin": {"2020-12-31": "", "2020-09-30": "", "2020-06-30": "", "2020-03-31": "", "2019-12-31": "", "2019-09-30": "", "2019-06-30": "", "2019-03-31": "", "2018-12-31": "", "2018-09-30": "", "2018-06-30": "", "2018-03-31": "", "2017-12-31": "", "2017-09-30": "", "2017-06-30": "", "2017-03-31": "", "2016-12-31": "", "2016-09-30": "", "2016-06-30": "", "2016-03-31": "", "2015-12-31": "", "2015-09-30": "", "2015-06-30": "", "2015-03-31": "", "2014-12-31": "", "2014-09-30": "", "2014-06-30": "", "2014-03-31": "", "2013-12-31": "", "2013-09-30": "", "2013-06-30": "", "2013-03-31": "", "2012-12-31": "", "2012-09-30": "", "2012-06-30": "", "2012-03-31": "", "2011-12-31": "", "2011-09-30": "", "2011-06-30": "", "2011-03-31": "", "2010-12-31": "", "2010-09-30": "", "2010-06-30": "", "2010-03-31": "", "2009-12-31": "", "2009-09-30": "", "2009-06-30": "", "2009-03-31": "", "2008-12-31": "", "2008-09-30": "", "2008-06-30": "", "2008-03-31": "", "2007-12-31": "", "2007-09-30": "", "2007-06-30": "", "2007-03-31": "", "2006-12-31": "", "2006-09-30": "", "2006-06-30": "", "2006-03-31": "", "2005-12-31": "", "2005-09-30": "", "2005-06-30": "", "2005-03-31": ""}, "Pre-Tax Profit Margin": {"2020-12-31": "33.69610", "2020-09-30": "28.89070", "2020-06-30": "24.12470", "2020-03-31": "16.60950", "2019-12-31": "30.78070", "2019-09-30": "30.55260", "2019-06-30": "31.93160", "2019-03-31": "30.31690", "2018-12-31": "32.11330", "2018-09-30": "30.81100", "2018-06-30": "31.88410", "2018-03-31": "26.02140", "2017-12-31": "33.45820", "2017-09-30": "29.96260", "2017-06-30": "29.57910", "2017-03-31": "25.43690", "2016-12-31": "25.74300", "2016-09-30": "27.93190", "2016-06-30": "25.91690", "2016-03-31": "24.79340", "2015-12-31": "20.81020", "2015-09-30": "26.68630", "2015-06-30": "25.76480", "2015-03-31": "19.28320", "2014-12-31": "27.52610", "2014-09-30": "29.50710", "2014-06-30": "29.52010", "2014-03-31": "20.60250", "2013-12-31": "27.17810", "2013-09-30": "26.48730", "2013-06-30": "26.30260", "2013-03-31": "25.45650", "2012-12-31": "23.13710", "2012-09-30": "23.76530", "2012-06-30": "29.33190", "2012-03-31": "23.44930", "2011-12-31": "25.84910", "2011-09-30": "30.59880", "2011-06-30": "27.77390", "2011-03-31": "19.65650", "2010-12-31": "23.49500", "2010-09-30": "29.07170", "2010-06-30": "26.13170", "2010-03-31": "20.37530", "2009-12-31": "22.17470", "2009-09-30": "23.31560", "2009-06-30": "21.05550", "2009-03-31": "14.56510", "2008-12-31": "28.73700", "2008-09-30": "28.40360", "2008-06-30": "26.51000", "2008-03-31": "19.04000", "2007-12-31": "24.93890", "2007-09-30": "25.71190", "2007-06-30": "25.23130", "2007-03-31": "18.69160", "2006-12-31": "23.24280", "2006-09-30": "26.57750", "2006-06-30": "24.62370", "2006-03-31": "20.23450", "2005-12-31": "22.33050", "2005-09-30": "20.46400", "2005-06-30": "22.05200", "2005-03-31": "14.12550"}, "Net Profit Margin": {"2020-12-31": "26.07850", "2020-09-30": "22.62570", "2020-06-30": "18.80100", "2020-03-31": "14.47620", "2019-12-31": "24.72120", "2019-09-30": "23.09050", "2019-06-30": "24.61540", "2019-03-31": "23.80280", "2018-12-31": "24.17130", "2018-09-30": "23.75300", "2018-06-30": "24.46520", "2018-03-31": "20.27970", "2017-12-31": "148.59500", "2017-09-30": "18.91390", "2017-06-30": "18.80930", "2017-03-31": "16.81550", "2016-12-31": "16.58640", "2016-09-30": "18.22500", "2016-06-30": "16.46290", "2016-03-31": "15.95040", "2015-12-31": "14.21760", "2015-09-30": "16.66050", "2015-06-30": "15.92330", "2015-03-31": "11.99840", "2014-12-31": "17.63070", "2014-09-30": "18.45850", "2014-06-30": "18.47470", "2014-03-31": "13.68540", "2013-12-31": "17.56340", "2013-09-30": "17.06800", "2013-06-30": "16.59530", "2013-03-31": "16.43540", "2012-12-31": "15.35020", "2012-09-30": "14.81620", "2012-06-30": "18.16280", "2012-03-31": "14.59300", "2011-12-31": "17.05400", "2011-09-30": "19.10700", "2011-06-30": "19.36500", "2011-03-31": "12.32820", "2010-12-31": "16.63880", "2010-09-30": "18.03750", "2010-06-30": "16.04940", "2010-03-31": "11.48350", "2009-12-31": "14.19750", "2009-09-30": "14.68740", "2009-06-30": "13.30100", "2009-03-31": "9.10960", "2008-12-31": "18.06560", "2008-09-30": "17.96820", "2008-06-30": "16.38340", "2008-03-31": "11.64000", "2007-12-31": "16.25920", "2007-09-30": "16.40460", "2007-06-30": "16.56850", "2007-03-31": "12.68360", "2006-12-31": "16.60200", "2006-09-30": "17.38400", "2006-06-30": "15.67730", "2006-03-31": "13.24360", "2005-12-31": "16.03900", "2005-09-30": "13.96750", "2005-06-30": "19.68430", "2005-03-31": "9.89290"}, "Asset Turnover": {"2020-12-31": "0.06780", "2020-09-30": "0.06560", "2020-06-30": "0.05490", "2020-03-31": "0.07010", "2019-12-31": "0.07090", "2019-09-30": "0.07580", "2019-06-30": "0.07870", "2019-03-31": "0.07660", "2018-12-31": "0.07990", "2018-09-30": "0.08110", "2018-06-30": "0.08100", "2018-03-31": "0.07510", "2017-12-31": "0.07470", "2017-09-30": "0.07600", "2017-06-30": "0.07550", "2017-03-31": "0.07330", "2016-12-31": "0.07140", "2016-09-30": "0.07290", "2016-06-30": "0.07150", "2016-03-31": "0.07160", "2015-12-31": "0.07380", "2015-09-30": "0.08090", "2015-06-30": "0.08140", "2015-03-31": "0.07830", "2014-12-31": "0.08640", "2014-09-30": "0.09100", "2014-06-30": "0.09210", "2014-03-31": "0.08220", "2013-12-31": "0.08870", "2013-09-30": "0.09000", "2013-06-30": "0.09160", "2013-03-31": "0.08950", "2012-12-31": "0.08850", "2012-09-30": "0.09020", "2012-06-30": "0.09850", "2012-03-31": "0.09490", "2011-12-31": "0.09800", "2011-09-30": "0.10200", "2011-06-30": "0.10060", "2011-03-31": "0.09450", "2010-12-31": "0.08480", "2010-09-30": "0.08750", "2010-06-30": "0.08790", "2010-03-31": "0.08070", "2009-12-31": "0.07690", "2009-09-30": "0.07620", "2009-06-30": "0.06970", "2009-03-31": "0.07320", "2008-12-31": "0.09510", "2008-09-30": "0.10830", "2008-06-30": "0.10470", "2008-03-31": "0.09450", "2007-12-31": "0.09390", "2007-09-30": "0.09060", "2007-06-30": "0.09170", "2007-03-31": "0.08630", "2006-12-31": "0.08910", "2006-09-30": "0.09210", "2006-06-30": "0.09010", "2006-03-31": "0.08780", "2005-12-31": "0.08730", "2005-09-30": "0.08470", "2005-06-30": "0.08650", "2005-03-31": "0.07690"}, "Inventory Turnover Ratio": {"2020-12-31": "3.23530", "2020-09-30": "3.21860", "2020-06-30": "2.36190", "2020-03-31": "2.86040", "2019-12-31": "3.33200", "2019-09-30": "3.29700", "2019-06-30": "3.37500", "2019-03-31": "3.78950", "2018-12-31": "3.76810", "2018-09-30": "3.46820", "2018-06-30": "3.43460", "2018-03-31": "3.56330", "2017-12-31": "3.03600", "2017-09-30": "3.01630", "2017-06-30": "2.70590", "2017-03-31": "2.84700", "2016-12-31": "3.14400", "2016-09-30": "2.50830", "2016-06-30": "2.48370", "2016-03-31": "2.29210", "2015-12-31": "3.27310", "2015-09-30": "3.17360", "2015-06-30": "3.35020", "2015-03-31": "3.48130", "2014-12-31": "4.34320", "2014-09-30": "4.26100", "2014-06-30": "4.26290", "2014-03-31": "4.35420", "2013-12-31": "4.51120", "2013-09-30": "4.50890", "2013-06-30": "4.44740", "2013-03-31": "4.22760", "2012-12-31": "4.68060", "2012-09-30": "4.27120", "2012-06-30": "4.07850", "2012-03-31": "4.53510", "2011-12-31": "4.98560", "2011-09-30": "4.70750", "2011-06-30": "5.16920", "2011-03-31": "5.49470", "2010-12-31": "5.23080", "2010-09-30": "4.61450", "2010-06-30": "4.59780", "2010-03-31": "4.33330", "2009-12-31": "6.58540", "2009-09-30": "3.16280", "2009-06-30": "3.35640", "2009-03-31": "2.69110", "2008-12-31": "7.86600", "2008-09-30": "4.25240", "2008-06-30": "4.38920", "2008-03-31": "4.01550", "2007-12-31": "4.25570", "2007-09-30": "3.93060", "2007-06-30": "3.78740", "2007-03-31": "3.92550", "2006-12-31": "1.65560", "2006-09-30": "5.12030", "2006-06-30": "5.66440", "2006-03-31": "5.50350", "2005-12-31": "1.88640", "2005-09-30": "5.40880", "2005-06-30": "5.43200", "2005-03-31": "6.13160"}, "Receiveable Turnover": {"2020-12-31": "3.03420", "2020-09-30": "2.83810", "2020-06-30": "2.53650", "2020-03-31": "2.95280", "2019-12-31": "2.92390", "2019-09-30": "2.91980", "2019-06-30": "2.81520", "2019-03-31": "2.70990", "2018-12-31": "2.87020", "2018-09-30": "2.82550", "2018-06-30": "2.80000", "2018-03-31": "2.79240", "2017-12-31": "2.79480", "2017-09-30": "2.74410", "2017-06-30": "2.84770", "2017-03-31": "2.58020", "2016-12-31": "2.63490", "2016-09-30": "2.62920", "2016-06-30": "2.49140", "2016-03-31": "2.51820", "2015-12-31": "2.66170", "2015-09-30": "2.45970", "2015-06-30": "2.57160", "2015-03-31": "2.48740", "2014-12-31": "2.72040", "2014-09-30": "2.74070", "2014-06-30": "2.71120", "2014-03-31": "2.42470", "2013-12-31": "2.81350", "2013-09-30": "2.60760", "2013-06-30": "2.61380", "2013-03-31": "2.36440", "2012-12-31": "2.42020", "2012-09-30": "2.49810", "2012-06-30": "2.64640", "2012-03-31": "2.64110", "2011-12-31": "2.73680", "2011-09-30": "2.80760", "2011-06-30": "2.89200", "2011-03-31": "2.80510", "2010-12-31": "2.96410", "2010-09-30": "2.70480", "2010-06-30": "2.72420", "2010-03-31": "2.58130", "2009-12-31": "2.74930", "2009-09-30": "2.41290", "2009-06-30": "2.32130", "2009-03-31": "2.33810", "2008-12-31": "2.87590", "2008-09-30": "2.68960", "2008-06-30": "2.55070", "2008-03-31": "2.22220", "2007-12-31": "2.60510", "2007-09-30": "2.32280", "2007-06-30": "2.37560", "2007-03-31": "2.26740", "2006-12-31": "2.33770", "2006-09-30": "2.33010", "2006-06-30": "2.41620", "2006-03-31": "2.33810", "2005-12-31": "2.42430", "2005-09-30": "2.26840", "2005-06-30": "2.43390", "2005-03-31": "2.20340"}, "Days Sales In Receivables": {"2020-12-31": "29.66190", "2020-09-30": "31.71190", "2020-06-30": "35.48200", "2020-03-31": "30.48000", "2019-12-31": "30.78070", "2019-09-30": "30.82370", "2019-06-30": "31.96920", "2019-03-31": "33.21130", "2018-12-31": "31.35700", "2018-09-30": "31.85270", "2018-06-30": "32.14290", "2018-03-31": "32.23040", "2017-12-31": "32.20310", "2017-09-30": "32.79780", "2017-06-30": "31.60410", "2017-03-31": "34.88160", "2016-12-31": "34.15660", "2016-09-30": "34.23140", "2016-06-30": "36.12470", "2016-03-31": "35.73970", "2015-12-31": "33.81260", "2015-09-30": "36.59050", "2015-06-30": "34.99820", "2015-03-31": "36.18230", "2014-12-31": "33.08360", "2014-09-30": "32.83820", "2014-06-30": "33.19530", "2014-03-31": "37.11790", "2013-12-31": "31.98890", "2013-09-30": "34.51490", "2013-06-30": "34.43260", "2013-03-31": "38.06430", "2012-12-31": "37.18700", "2012-09-30": "36.02670", "2012-06-30": "34.00840", "2012-03-31": "34.07670", "2011-12-31": "32.88520", "2011-09-30": "32.05610", "2011-06-30": "31.12000", "2011-03-31": "32.08400", "2010-12-31": "30.36370", "2010-09-30": "33.27360", "2010-06-30": "33.03700", "2010-03-31": "34.86600", "2009-12-31": "32.73500", "2009-09-30": "37.30010", "2009-06-30": "38.77220", "2009-03-31": "38.49200", "2008-12-31": "31.29500", "2008-09-30": "33.46230", "2008-06-30": "35.28390", "2008-03-31": "40.50000", "2007-12-31": "34.54770", "2007-09-30": "38.74630", "2007-06-30": "37.88480", "2007-03-31": "39.69290", "2006-12-31": "38.49940", "2006-09-30": "38.62520", "2006-06-30": "37.24920", "2006-03-31": "38.49330", "2005-12-31": "37.12450", "2005-09-30": "39.67520", "2005-06-30": "36.97770", "2005-03-31": "40.84650"}, "ROE - Return On Equity": {"2020-12-31": "4.53650", "2020-09-30": "3.80830", "2020-06-30": "2.63780", "2020-03-31": "2.55980", "2019-12-31": "4.38620", "2019-09-30": "4.31160", "2019-06-30": "4.71560", "2019-03-31": "4.41590", "2018-12-31": "4.56970", "2018-09-30": "4.53490", "2018-06-30": "4.28770", "2018-03-31": "3.36220", "2017-12-31": "24.25580", "2017-09-30": "3.97580", "2017-06-30": "3.92510", "2017-03-31": "3.45650", "2016-12-31": "3.35240", "2016-09-30": "3.71090", "2016-06-30": "3.29990", "2016-03-31": "3.16620", "2015-12-31": "2.96190", "2015-09-30": "3.72660", "2015-06-30": "3.58530", "2015-03-31": "2.54980", "2014-12-31": "4.11830", "2014-09-30": "4.49390", "2014-06-30": "4.65350", "2014-03-31": "3.14720", "2013-12-31": "4.54420", "2013-09-30": "4.68230", "2013-06-30": "4.56420", "2013-03-31": "4.45100", "2012-12-31": "4.23160", "2012-09-30": "4.11590", "2012-06-30": "5.35900", "2012-03-31": "4.17730", "2011-12-31": "4.84310", "2011-09-30": "5.40220", "2011-06-30": "5.24140", "2011-03-31": "3.06570", "2010-12-31": "3.76790", "2010-09-30": "4.12460", "2010-06-30": "3.64280", "2010-03-31": "2.43280", "2009-12-31": "2.96530", "2009-09-30": "3.01010", "2009-06-30": "2.50530", "2009-03-31": "1.82290", "2008-12-31": "4.70490", "2008-09-30": "5.17620", "2008-06-30": "4.53360", "2008-03-31": "2.98520", "2007-12-31": "4.10200", "2007-09-30": "3.90730", "2007-06-30": "3.97500", "2007-03-31": "2.96010", "2006-12-31": "4.00420", "2006-09-30": "4.34280", "2006-06-30": "3.76850", "2006-03-31": "3.14140", "2005-12-31": "3.90250", "2005-09-30": "3.37600", "2005-06-30": "4.91820", "2005-03-31": "2.35040"}, "Return On Tangible Equity": {"2020-12-31": "4.53650", "2020-09-30": "3.80830", "2020-06-30": "2.63780", "2020-03-31": "2.55980", "2019-12-31": "4.38620", "2019-09-30": "4.31160", "2019-06-30": "4.71560", "2019-03-31": "4.41590", "2018-12-31": "4.56970", "2018-09-30": "4.53490", "2018-06-30": "4.28770", "2018-03-31": "3.36220", "2017-12-31": "24.25580", "2017-09-30": "3.97580", "2017-06-30": "3.92510", "2017-03-31": "3.45650", "2016-12-31": "3.35240", "2016-09-30": "3.71090", "2016-06-30": "3.29990", "2016-03-31": "3.16620", "2015-12-31": "2.96190", "2015-09-30": "3.72660", "2015-06-30": "3.58530", "2015-03-31": "2.54980", "2014-12-31": "4.11830", "2014-09-30": "4.49390", "2014-06-30": "4.65350", "2014-03-31": "3.14720", "2013-12-31": "4.54420", "2013-09-30": "4.68230", "2013-06-30": "4.56420", "2013-03-31": "4.45100", "2012-12-31": "4.23160", "2012-09-30": "4.11590", "2012-06-30": "5.35900", "2012-03-31": "4.17730", "2011-12-31": "4.84310", "2011-09-30": "5.40220", "2011-06-30": "5.24140", "2011-03-31": "3.06570", "2010-12-31": "3.76790", "2010-09-30": "4.12460", "2010-06-30": "3.64280", "2010-03-31": "2.43280", "2009-12-31": "2.96530", "2009-09-30": "3.01010", "2009-06-30": "2.50530", "2009-03-31": "1.82290", "2008-12-31": "4.70490", "2008-09-30": "5.17620", "2008-06-30": "4.53360", "2008-03-31": "2.98520", "2007-12-31": "4.10200", "2007-09-30": "3.90730", "2007-06-30": "3.97500", "2007-03-31": "2.96010", "2006-12-31": "4.00420", "2006-09-30": "4.34280", "2006-06-30": "3.76850", "2006-03-31": "3.14140", "2005-12-31": "3.90250", "2005-09-30": "3.37600", "2005-06-30": "4.91820", "2005-03-31": "2.35040"}, "ROA - Return On Assets": {"2020-12-31": "1.76760", "2020-09-30": "1.49030", "2020-06-30": "1.03260", "2020-03-31": "1.01770", "2019-12-31": "1.75620", "2019-09-30": "1.75200", "2019-06-30": "1.94230", "2019-03-31": "1.82670", "2018-12-31": "1.93710", "2018-09-30": "1.93270", "2018-06-30": "1.98390", "2018-03-31": "1.52650", "2017-12-31": "11.11140", "2017-09-30": "1.43940", "2017-06-30": "1.42320", "2017-03-31": "1.23200", "2016-12-31": "1.19230", "2016-09-30": "1.32830", "2016-06-30": "1.17960", "2016-03-31": "1.14550", "2015-12-31": "1.05740", "2015-09-30": "1.34820", "2015-06-30": "1.29990", "2015-03-31": "0.94580", "2014-12-31": "1.53920", "2014-09-30": "1.68340", "2014-06-30": "1.70100", "2014-03-31": "1.12540", "2013-12-31": "1.57930", "2013-09-30": "1.53670", "2013-06-30": "1.51940", "2013-03-31": "1.47060", "2012-12-31": "1.36120", "2012-09-30": "1.34720", "2012-06-30": "1.79510", "2012-03-31": "1.39570", "2011-12-31": "1.68200", "2011-09-30": "1.95680", "2011-06-30": "1.95590", "2011-03-31": "1.17210", "2010-12-31": "1.42560", "2010-09-30": "1.58580", "2010-06-30": "1.41860", "2010-03-31": "0.92680", "2009-12-31": "1.12170", "2009-09-30": "1.11910", "2009-06-30": "0.92740", "2009-03-31": "0.66680", "2008-12-31": "1.71880", "2008-09-30": "1.94630", "2008-06-30": "1.71500", "2008-03-31": "1.09960", "2007-12-31": "1.52620", "2007-09-30": "1.48690", "2007-06-30": "1.51940", "2007-03-31": "1.09490", "2006-12-31": "1.47920", "2006-09-30": "1.60140", "2006-06-30": "1.41200", "2006-03-31": "1.16230", "2005-12-31": "1.39990", "2005-09-30": "1.18350", "2005-06-30": "1.70230", "2005-03-31": "0.76120"}, "ROI - Return On Investment": {"2020-12-31": "2.49510", "2020-09-30": "2.06350", "2020-06-30": "1.42690", "2020-03-31": "1.42740", "2019-12-31": "2.46080", "2019-09-30": "2.49590", "2019-06-30": "2.73620", "2019-03-31": "2.61390", "2018-12-31": "2.70810", "2018-09-30": "2.68810", "2018-06-30": "2.76210", "2018-03-31": "2.11860", "2017-12-31": "15.56380", "2017-09-30": "2.29930", "2017-06-30": "2.26580", "2017-03-31": "1.95960", "2016-12-31": "1.89340", "2016-09-30": "2.09560", "2016-06-30": "1.85590", "2016-03-31": "1.78990", "2015-12-31": "1.67280", "2015-09-30": "2.14980", "2015-06-30": "2.06520", "2015-03-31": "1.50580", "2014-12-31": "2.40010", "2014-09-30": "2.61730", "2014-06-30": "2.69020", "2014-03-31": "1.78620", "2013-12-31": "2.54060", "2013-09-30": "2.56480", "2013-06-30": "2.49760", "2013-03-31": "2.42610", "2012-12-31": "2.27020", "2012-09-30": "2.20940", "2012-06-30": "2.95210", "2012-03-31": "2.30340", "2011-12-31": "2.77440", "2011-09-30": "3.25170", "2011-06-30": "3.17230", "2011-03-31": "1.89450", "2010-12-31": "2.33230", "2010-09-30": "2.56290", "2010-06-30": "2.29410", "2010-03-31": "1.51690", "2009-12-31": "1.80250", "2009-09-30": "1.80880", "2009-06-30": "1.49270", "2009-03-31": "1.09410", "2008-12-31": "2.86260", "2008-09-30": "3.24410", "2008-06-30": "2.83210", "2008-03-31": "1.82270", "2007-12-31": "2.53720", "2007-09-30": "2.46760", "2007-06-30": "2.51150", "2007-03-31": "1.82370", "2006-12-31": "2.44850", "2006-09-30": "2.64630", "2006-06-30": "2.32540", "2006-03-31": "1.87590", "2005-12-31": "2.27790", "2005-09-30": "1.93430", "2005-06-30": "2.73580", "2005-03-31": "1.26150"}, "Book Value Per Share": {"2020-12-31": "58.67230", "2020-09-30": "58.82630", "2020-06-30": "58.25350", "2020-03-31": "58.10000", "2019-12-31": "58.87440", "2019-09-30": "58.43980", "2019-06-30": "58.12680", "2019-03-31": "57.64250", "2018-12-31": "57.30000", "2018-09-30": "56.83930", "2018-06-30": "59.13300", "2018-03-31": "58.10820", "2017-12-31": "57.57030", "2017-09-30": "44.47680", "2017-06-30": "43.93750", "2017-03-31": "43.22890", "2016-12-31": "42.72810", "2016-09-30": "42.46050", "2016-06-30": "41.80890", "2016-03-31": "41.33050", "2015-12-31": "40.92750", "2015-09-30": "40.62360", "2015-06-30": "40.07140", "2015-03-31": "39.88200", "2014-12-31": "40.25440", "2014-09-30": "40.19820", "2014-06-30": "39.01910", "2014-03-31": "37.76250", "2013-12-31": "36.54840", "2013-09-30": "33.32360", "2013-06-30": "32.65880", "2013-03-31": "32.08630", "2012-12-31": "31.07940", "2012-09-30": "30.90400", "2012-06-30": "30.60240", "2012-03-31": "30.12930", "2011-12-31": "29.99830", "2011-09-30": "30.51120", "2011-06-30": "30.55720", "2011-03-31": "30.01280", "2010-12-31": "29.85480", "2010-09-30": "29.69130", "2010-06-30": "29.19310", "2010-03-31": "28.54700", "2009-12-31": "28.05540", "2009-09-30": "27.36110", "2009-06-30": "26.81720", "2009-03-31": "26.45500", "2008-12-31": "26.23190", "2008-09-30": "27.13090", "2008-06-30": "26.63120", "2008-03-31": "25.94240", "2007-12-31": "25.64470", "2007-09-30": "25.51130", "2007-06-30": "25.18280", "2007-03-31": "23.37530", "2006-12-31": "24.19360", "2006-09-30": "24.13500", "2006-06-30": "24.04660", "2006-03-31": "23.41260", "2005-12-31": "22.63070", "2005-09-30": "21.93790", "2005-06-30": "21.31090", "2005-03-31": "20.41690"}, "Operating Cash Flow Per Share": {"2020-12-31": 3.3694, "2020-09-30": 3.9559, "2020-06-30": 3.157, "2020-03-31": "3.69150", "2019-12-31": 3.3142, "2019-09-30": 4.0313, "2019-06-30": 4.0379, "2019-03-31": "3.27020", "2018-12-31": 2.931, "2018-09-30": 3.9302, "2018-06-30": 3.5823, "2018-03-31": "2.85410", "2017-12-31": 2.691, "2017-09-30": 3.1026, "2017-06-30": 2.4979, "2017-03-31": "2.91420", "2016-12-31": 2.3511, "2016-09-30": 3.0708, "2016-06-30": 1.8873, "2016-03-31": "2.94080", "2015-12-31": 2.254, "2015-09-30": 2.3438, "2015-06-30": 2.9173, "2015-03-31": "2.03810", "2014-12-31": 1.7456, "2014-09-30": 2.9884, "2014-06-30": 2.713, "2014-03-31": "1.88100", "2013-12-31": 2.0111, "2013-09-30": 3.006, "2013-06-30": 2.4659, "2013-03-31": "2.27290", "2012-12-31": 1.7308, "2012-09-30": 2.5408, "2012-06-30": 2.0444, "2012-03-31": "3.10900", "2011-12-31": 1.2661, "2011-09-30": 3.1619, "2011-06-30": 2.9493, "2011-03-31": "1.80860", "2010-12-31": 1.573, "2010-09-30": 1.9884, "2010-06-30": 1.6868, "2010-03-31": "2.05140", "2009-12-31": 1.2552, "2009-09-30": 1.9905, "2009-06-30": 0.7863, "2009-03-31": "0.96670", "2008-12-31": 1.6913, "2008-09-30": 2.6351, "2008-06-30": 1.245, "2008-03-31": "1.57330", "2007-12-31": 1.3077, "2007-09-30": 1.7266, "2007-06-30": 1.3739, "2007-03-31": "1.45660", "2006-12-31": 1.1307, "2006-09-30": 1.5918, "2006-06-30": 1.3879, "2006-03-31": "1.20910", "2005-12-31": 1.22, "2005-09-30": 1.7869, "2005-06-30": 1.1037, "2005-03-31": "0.99490"}, "Free Cash Flow Per Share": {"2020-12-31": 1.8203, "2020-09-30": 2.8387, "2020-06-30": 2.1028, "2020-03-31": "2.88750", "2019-12-31": 1.7177, "2019-09-30": 2.3097, "2019-06-30": 2.343, "2019-03-31": "2.10100", "2018-12-31": 1.1282, "2018-09-30": 2.2758, "2018-06-30": 2.0988, "2018-03-31": "1.56000", "2017-12-31": 1.5206, "2017-09-30": 1.8597, "2017-06-30": 1.0599, "2017-03-31": "1.52600", "2016-12-31": 0.5732, "2016-09-30": 1.9204, "2016-06-30": 0.1712, "2016-03-31": "1.64940", "2015-12-31": 0.3582, "2015-09-30": -0.5691, "2015-06-30": 1.3124, "2015-03-31": "0.82360", "2014-12-31": -0.4332, "2014-09-30": 1.2001, "2014-06-30": 1.4157, "2014-03-31": "0.73260", "2013-12-31": 0.6049, "2013-09-30": 1.189, "2013-06-30": 1.03, "2013-03-31": "1.14120", "2012-12-31": 0.0136, "2012-09-30": 0.9104, "2012-06-30": 0.47, "2012-03-31": "1.73020", "2011-12-31": -0.7379, "2011-09-30": 1.6857, "2011-06-30": 1.7211, "2011-03-31": "0.60750", "2010-12-31": 0.103, "2010-09-30": 1.2479, "2010-06-30": 0.8973, "2010-03-31": "1.35860", "2009-12-31": 0.3258, "2009-09-30": 1.1241, "2009-06-30": -0.0223, "2009-03-31": "0.30580", "2008-12-31": 0.5852, "2008-09-30": 1.553, "2008-06-30": 0.4041, "2008-03-31": "0.78930", "2007-12-31": 0.2362, "2007-09-30": 0.9984, "2007-06-30": 0.6113, "2007-03-31": "0.95950", "2006-12-31": 0.4702, "2006-09-30": 0.8837, "2006-06-30": 0.6865, "2006-03-31": "0.72550", "2005-12-31": 0.2692, "2005-09-30": 1.3042, "2005-06-30": 0.6593, "2005-03-31": "0.65350"}}, "revenue": {"Norfolk Southern Annual Revenue (Millions of US $)": {"2020": "$9,789", "2019": "$11,296", "2018": "$11,458", "2017": "$10,551", "2016": "$9,888", "2015": "$10,511", "2014": "$11,624", "2013": "$11,245", "2012": "$11,040", "2011": "$11,172", "2010": "$9,516", "2009": "$7,969", "2008": "$10,661", "2007": "$9,432", "2006": "$9,407", "2005": "$8,527"}, "Norfolk Southern Quarterly Revenue (Millions of US $)": {"2020-12-31": "$2,573", "2020-09-30": "$2,506", "2020-06-30": "$2,085", "2020-03-31": "$2,625", "2019-12-31": "$2,690", "2019-09-30": "$2,841", "2019-06-30": "$2,925", "2019-03-31": "$2,840", "2018-12-31": "$2,896", "2018-09-30": "$2,947", "2018-06-30": "$2,898", "2018-03-31": "$2,717", "2017-12-31": "$2,669", "2017-09-30": "$2,670", "2017-06-30": "$2,637", "2017-03-31": "$2,575", "2016-12-31": "$2,490", "2016-09-30": "$2,524", "2016-06-30": "$2,454", "2016-03-31": "$2,420", "2015-12-31": "$2,518", "2015-09-30": "$2,713", "2015-06-30": "$2,713", "2015-03-31": "$2,567", "2014-12-31": "$2,870", "2014-09-30": "$3,023", "2014-06-30": "$3,042", "2014-03-31": "$2,689", "2013-12-31": "$2,881", "2013-09-30": "$2,824", "2013-06-30": "$2,802", "2013-03-31": "$2,738", "2012-12-31": "$2,684", "2012-09-30": "$2,693", "2012-06-30": "$2,874", "2012-03-31": "$2,789", "2011-12-31": "$2,797", "2011-09-30": "$2,889", "2011-06-30": "$2,866", "2011-03-31": "$2,620", "2010-12-31": "$2,392", "2010-09-30": "$2,456", "2010-06-30": "$2,430", "2010-03-31": "$2,238", "2009-12-31": "$2,106", "2009-09-30": "$2,063", "2009-06-30": "$1,857", "2009-03-31": "$1,943", "2008-12-31": "$2,502", "2008-09-30": "$2,894", "2008-06-30": "$2,765", "2008-03-31": "$2,500", "2007-12-31": "$2,454", "2007-09-30": "$2,353", "2007-06-30": "$2,378", "2007-03-31": "$2,247", "2006-12-31": "$2,319", "2006-09-30": "$2,393", "2006-06-30": "$2,392", "2006-03-31": "$2,303", "2005-12-31": "$2,257", "2005-09-30": "$2,155", "2005-06-30": "$2,154", "2005-03-31": "$1,961"}}, "gross-profit": {"Norfolk Southern Annual Gross Profit (Millions of US $)": {"2020": "$6,914", "2019": "$7,878", "2018": "$7,986", "2017": "$7,556", "2016": "$6,843", "2015": "$6,849", "2014": "$7,423", "2013": "$7,175", "2012": "$7,000", "2011": "$7,049", "2010": "$6,203", "2009": "$5,200", "2008": "$6,572", "2007": "$6,712", "2006": "$6,734", "2005": "$6,159"}, "Norfolk Southern Quarterly Gross Profit (Millions of US $)": {"2020-12-31": "$1,858", "2020-09-30": "$1,711", "2020-06-30": "$1,478", "2020-03-31": "$1,867", "2019-12-31": "$1,877", "2019-09-30": "$1,964", "2019-06-30": "$2,061", "2019-03-31": "$1,976", "2018-12-31": "$2,116", "2018-09-30": "$2,021", "2018-06-30": "$2,005", "2018-03-31": "$1,844", "2017-12-31": "$1,995", "2017-09-30": "$1,931", "2017-06-30": "$1,855", "2017-03-31": "$1,775", "2016-12-31": "$1,682", "2016-09-30": "$1,769", "2016-06-30": "$1,694", "2016-03-31": "$1,698", "2015-12-31": "$1,631", "2015-09-30": "$1,799", "2015-06-30": "$1,785", "2015-03-31": "$1,634", "2014-12-31": "$1,845", "2014-09-30": "$1,962", "2014-06-30": "$1,972", "2014-03-31": "$1,644", "2013-12-31": "$1,875", "2013-09-30": "$1,814", "2013-06-30": "$1,788", "2013-03-31": "$1,698", "2012-12-31": "$1,673", "2012-09-30": "$1,685", "2012-06-30": "$1,887", "2012-03-31": "$1,755", "2011-12-31": "$1,755", "2011-09-30": "$1,891", "2011-06-30": "$1,827", "2011-03-31": "$1,576", "2010-12-31": "$1,508", "2010-09-30": "$1,630", "2010-06-30": "$1,607", "2010-03-31": "$1,458", "2009-12-31": "$1,026", "2009-09-30": "$1,519", "2009-06-30": "$1,226", "2009-03-31": "$1,429", "2008-12-31": "$976", "2008-09-30": "$2,001", "2008-06-30": "$1,874", "2008-03-31": "$1,721", "2007-12-31": "$1,705", "2007-09-30": "$1,673", "2007-06-30": "$1,719", "2007-03-31": "$1,615", "2006-12-31": "$2,069", "2006-09-30": "$1,584", "2006-06-30": "$1,565", "2006-03-31": "$1,516", "2005-12-31": "$2,008", "2005-09-30": "$1,414", "2005-06-30": "$1,475", "2005-03-31": "$1,262"}}, "operating-income": {"Norfolk Southern Annual Operating Income (Millions of US $)": {"2020": "$3,002", "2019": "$3,989", "2018": "$3,959", "2017": "$3,522", "2016": "$3,009", "2015": "$2,884", "2014": "$3,575", "2013": "$3,257", "2012": "$3,124", "2011": "$3,213", "2010": "$2,676", "2009": "$1,962", "2008": "$3,084", "2007": "$2,585", "2006": "$2,557", "2005": "$2,117"}, "Norfolk Southern Quarterly Operating Income (Millions of US $)": {"2020-12-31": "$984", "2020-09-30": "$840", "2020-06-30": "$610", "2020-03-31": "$568", "2019-12-31": "$962", "2019-09-30": "$996", "2019-06-30": "$1,065", "2019-03-31": "$966", "2018-12-31": "$1,078", "2018-09-30": "$1,020", "2018-06-30": "$1,026", "2018-03-31": "$835", "2017-12-31": "$998", "2017-09-30": "$895", "2017-06-30": "$872", "2017-03-31": "$757", "2016-12-31": "$696", "2016-09-30": "$820", "2016-06-30": "$770", "2016-03-31": "$723", "2015-12-31": "$642", "2015-09-30": "$822", "2015-06-30": "$814", "2015-03-31": "$606", "2014-12-31": "$891", "2014-09-30": "$998", "2014-06-30": "$1,019", "2014-03-31": "$667", "2013-12-31": "$881", "2013-09-30": "$849", "2013-06-30": "$836", "2013-03-31": "$691", "2012-12-31": "$714", "2012-09-30": "$731", "2012-06-30": "$934", "2012-03-31": "$745", "2011-12-31": "$800", "2011-09-30": "$938", "2011-06-30": "$875", "2011-03-31": "$600", "2010-12-31": "$642", "2010-09-30": "$746", "2010-06-30": "$733", "2010-03-31": "$555", "2009-12-31": "$549", "2009-09-30": "$562", "2009-06-30": "$468", "2009-03-31": "$383", "2008-12-31": "$813", "2008-09-30": "$894", "2008-06-30": "$799", "2008-03-31": "$578", "2007-12-31": "$686", "2007-09-30": "$681", "2007-06-30": "$690", "2007-03-31": "$528", "2006-12-31": "$614", "2006-09-30": "$715", "2006-06-30": "$677", "2006-03-31": "$551", "2005-12-31": "$594", "2005-09-30": "$528", "2005-06-30": "$592", "2005-03-31": "$403"}}, "ebitda": {"Norfolk Southern Annual EBITDA (Millions of US $)": {"2020": "$4,156", "2019": "$5,128", "2018": "$5,063", "2017": "$4,581", "2016": "$4,039", "2015": "$3,943", "2014": "$4,531", "2013": "$4,179", "2012": "$4,046", "2011": "$4,082", "2010": "$3,502", "2009": "$2,807", "2008": "$3,899", "2007": "$3,371", "2006": "$3,307", "2005": "$2,904"}, "Norfolk Southern Quarterly EBITDA (Millions of US $)": {"2020-12-31": "$1,271", "2020-09-30": "$1,133", "2020-06-30": "$892", "2020-03-31": "$860", "2019-12-31": "$1,247", "2019-09-30": "$1,283", "2019-06-30": "$1,349", "2019-03-31": "$1,249", "2018-12-31": "$1,360", "2018-09-30": "$1,296", "2018-06-30": "$1,300", "2018-03-31": "$1,107", "2017-12-31": "$1,266", "2017-09-30": "$1,161", "2017-06-30": "$1,137", "2017-03-31": "$1,017", "2016-12-31": "$956", "2016-09-30": "$1,079", "2016-06-30": "$1,028", "2016-03-31": "$976", "2015-12-31": "$931", "2015-09-30": "$1,098", "2015-06-30": "$1,062", "2015-03-31": "$852", "2014-12-31": "$1,132", "2014-09-30": "$1,235", "2014-06-30": "$1,259", "2014-03-31": "$905", "2013-12-31": "$1,116", "2013-09-30": "$1,080", "2013-06-30": "$1,064", "2013-03-31": "$919", "2012-12-31": "$948", "2012-09-30": "$963", "2012-06-30": "$1,164", "2012-03-31": "$971", "2011-12-31": "$1,023", "2011-09-30": "$1,156", "2011-06-30": "$1,090", "2011-03-31": "$813", "2010-12-31": "$851", "2010-09-30": "$952", "2010-06-30": "$938", "2010-03-31": "$761", "2009-12-31": "$764", "2009-09-30": "$774", "2009-06-30": "$677", "2009-03-31": "$592", "2008-12-31": "$1,022", "2008-09-30": "$1,098", "2008-06-30": "$1,001", "2008-03-31": "$778", "2007-12-31": "$885", "2007-09-30": "$878", "2007-06-30": "$886", "2007-03-31": "$722", "2006-12-31": "$804", "2006-09-30": "$903", "2006-06-30": "$864", "2006-03-31": "$736", "2005-12-31": "$790", "2005-09-30": "$726", "2005-06-30": "$788", "2005-03-31": "$600"}}, "net-income": {"Norfolk Southern Annual Net Income (Millions of US $)": {"2020": "$2,010", "2019": "$2,717", "2018": "$2,660", "2017": "$5,400", "2016": "$1,663", "2015": "$1,550", "2014": "$1,994", "2013": "$1,903", "2012": "$1,740", "2011": "$1,907", "2010": "$1,488", "2009": "$1,026", "2008": "$1,716", "2007": "$1,464", "2006": "$1,481", "2005": "$1,281"}, "Norfolk Southern Quarterly Net Income (Millions of US $)": {"2020-12-31": "$671", "2020-09-30": "$567", "2020-06-30": "$392", "2020-03-31": "$380", "2019-12-31": "$665", "2019-09-30": "$656", "2019-06-30": "$720", "2019-03-31": "$676", "2018-12-31": "$700", "2018-09-30": "$700", "2018-06-30": "$709", "2018-03-31": "$551", "2017-12-31": "$3,966", "2017-09-30": "$505", "2017-06-30": "$496", "2017-03-31": "$433", "2016-12-31": "$413", "2016-09-30": "$460", "2016-06-30": "$404", "2016-03-31": "$386", "2015-12-31": "$358", "2015-09-30": "$452", "2015-06-30": "$432", "2015-03-31": "$308", "2014-12-31": "$506", "2014-09-30": "$558", "2014-06-30": "$562", "2014-03-31": "$368", "2013-12-31": "$506", "2013-09-30": "$482", "2013-06-30": "$465", "2013-03-31": "$450", "2012-12-31": "$412", "2012-09-30": "$399", "2012-06-30": "$522", "2012-03-31": "$407", "2011-12-31": "$477", "2011-09-30": "$552", "2011-06-30": "$555", "2011-03-31": "$323", "2010-12-31": "$398", "2010-09-30": "$443", "2010-06-30": "$390", "2010-03-31": "$257", "2009-12-31": "$299", "2009-09-30": "$303", "2009-06-30": "$247", "2009-03-31": "$177", "2008-12-31": "$452", "2008-09-30": "$520", "2008-06-30": "$453", "2008-03-31": "$291", "2007-12-31": "$399", "2007-09-30": "$386", "2007-06-30": "$394", "2007-03-31": "$285", "2006-12-31": "$385", "2006-09-30": "$416", "2006-06-30": "$375", "2006-03-31": "$305", "2005-12-31": "$362", "2005-09-30": "$301", "2005-06-30": "$424", "2005-03-31": "$194"}}, "eps-earnings-per-share-diluted": {"Norfolk Southern Annual EPS": {"2020": "$7.84", "2019": "$10.25", "2018": "$9.51", "2017": "$18.61", "2016": "$5.62", "2015": "$5.10", "2014": "$6.39", "2013": "$6.04", "2012": "$5.37", "2011": "$5.45", "2010": "$4.00", "2009": "$2.76", "2008": "$4.52", "2007": "$3.68", "2006": "$3.57", "2005": "$3.11"}, "Norfolk Southern Quarterly EPS": {"2020-12-31": "$2.62", "2020-09-30": "$2.22", "2020-06-30": "$1.53", "2020-03-31": "$1.47", "2019-12-31": "$2.55", "2019-09-30": "$2.49", "2019-06-30": "$2.70", "2019-03-31": "$2.51", "2018-12-31": "$2.56", "2018-09-30": "$2.52", "2018-06-30": "$2.50", "2018-03-31": "$1.93", "2017-12-31": "$13.67", "2017-09-30": "$1.75", "2017-06-30": "$1.71", "2017-03-31": "$1.48", "2016-12-31": "$1.42", "2016-09-30": "$1.55", "2016-06-30": "$1.36", "2016-03-31": "$1.29", "2015-12-31": "$1.20", "2015-09-30": "$1.49", "2015-06-30": "$1.41", "2015-03-31": "$1.00", "2014-12-31": "$1.64", "2014-09-30": "$1.79", "2014-06-30": "$1.79", "2014-03-31": "$1.17", "2013-12-31": "$1.64", "2013-09-30": "$1.53", "2013-06-30": "$1.46", "2013-03-31": "$1.41", "2012-12-31": "$1.30", "2012-09-30": "$1.24", "2012-06-30": "$1.60", "2012-03-31": "$1.23", "2011-12-31": "$1.40", "2011-09-30": "$1.59", "2011-06-30": "$1.56", "2011-03-31": "$0.90", "2010-12-31": "$1.09", "2010-09-30": "$1.19", "2010-06-30": "$1.04", "2010-03-31": "$0.68", "2009-12-31": "$0.82", "2009-09-30": "$0.81", "2009-06-30": "$0.66", "2009-03-31": "$0.47", "2008-12-31": "$1.21", "2008-09-30": "$1.37", "2008-06-30": "$1.18", "2008-03-31": "$0.76", "2007-12-31": "$1.02", "2007-09-30": "$0.97", "2007-06-30": "$0.98", "2007-03-31": "$0.71", "2006-12-31": "$0.94", "2006-09-30": "$1.02", "2006-06-30": "$0.89", "2006-03-31": "$0.72", "2005-12-31": "$0.87", "2005-09-30": "$0.73", "2005-06-30": "$1.04", "2005-03-31": "$0.47"}}, "shares-outstanding": {"Norfolk Southern Annual Shares Outstanding (Millions of Shares)": {"2020": "257", "2019": "266", "2018": "280", "2017": "290", "2016": "296", "2015": "304", "2014": "313", "2013": "316", "2012": "325", "2011": "351", "2010": "372", "2009": "372", "2008": "380", "2007": "398", "2006": "415", "2005": "412"}, "Norfolk Southern Quarterly Shares Outstanding (Millions of Shares)": {"2020-12-31": "257", "2020-09-30": "256", "2020-06-30": "257", "2020-03-31": "259", "2019-12-31": "266", "2019-09-30": "264", "2019-06-30": "267", "2019-03-31": "269", "2018-12-31": "280", "2018-09-30": "278", "2018-06-30": "284", "2018-03-31": "286", "2017-12-31": "290", "2017-09-30": "290", "2017-06-30": "291", "2017-03-31": "290", "2016-12-31": "296", "2016-09-30": "293", "2016-06-30": "297", "2016-03-31": "299", "2015-12-31": "304", "2015-09-30": "303", "2015-06-30": "303", "2015-03-31": "310", "2014-12-31": "313", "2014-09-30": "309", "2014-06-30": "313", "2014-03-31": "313", "2013-12-31": "316", "2013-09-30": "310", "2013-06-30": "318", "2013-03-31": "318", "2012-12-31": "325", "2012-09-30": "322", "2012-06-30": "323", "2012-03-31": "333", "2011-12-31": "351", "2011-09-30": "349", "2011-06-30": "357", "2011-03-31": "361", "2010-12-31": "372", "2010-09-30": "372", "2010-06-30": "370", "2010-03-31": "370", "2009-12-31": "372", "2009-09-30": "367", "2009-06-30": "367", "2009-03-31": "366", "2008-12-31": "380", "2008-09-30": "381", "2008-06-30": "375", "2008-03-31": "384", "2007-12-31": "398", "2007-09-30": "397", "2007-06-30": "402", "2007-03-31": "402", "2006-12-31": "415", "2006-09-30": "410", "2006-06-30": "423", "2006-03-31": "422", "2005-12-31": "412", "2005-09-30": "412", "2005-06-30": "410", "2005-03-31": "410"}}, "total-assets": {"Norfolk Southern Annual Total Assets (Millions of US $)": {"2020": "$37,962", "2019": "$37,923", "2018": "$36,239", "2017": "$35,711", "2016": "$34,892", "2015": "$34,139", "2014": "$33,200", "2013": "$32,483", "2012": "$30,342", "2011": "$28,538", "2010": "$28,199", "2009": "$27,369", "2008": "$26,297", "2007": "$26,144", "2006": "$26,028", "2005": "$25,859"}, "Norfolk Southern Quarterly Total Assets (Millions of US $)": {"2020-12-31": "$37,962", "2020-09-30": "$38,179", "2020-06-30": "$37,962", "2020-03-31": "$37,438", "2019-12-31": "$37,923", "2019-09-30": "$37,500", "2019-06-30": "$37,172", "2019-03-31": "$37,062", "2018-12-31": "$36,239", "2018-09-30": "$36,322", "2018-06-30": "$35,788", "2018-03-31": "$36,162", "2017-12-31": "$35,711", "2017-09-30": "$35,153", "2017-06-30": "$34,922", "2017-03-31": "$35,145", "2016-12-31": "$34,892", "2016-09-30": "$34,632", "2016-06-30": "$34,334", "2016-03-31": "$33,785", "2015-12-31": "$34,139", "2015-09-30": "$33,527", "2015-06-30": "$33,310", "2015-03-31": "$32,775", "2014-12-31": "$33,200", "2014-09-30": "$33,206", "2014-06-30": "$33,040", "2014-03-31": "$32,700", "2013-12-31": "$32,483", "2013-09-30": "$31,365", "2013-06-30": "$30,605", "2013-03-31": "$30,599", "2012-12-31": "$30,342", "2012-09-30": "$29,840", "2012-06-30": "$29,191", "2012-03-31": "$29,375", "2011-12-31": "$28,538", "2011-09-30": "$28,311", "2011-06-30": "$28,478", "2011-03-31": "$27,728", "2010-12-31": "$28,199", "2010-09-30": "$28,062", "2010-06-30": "$27,633", "2010-03-31": "$27,730", "2009-12-31": "$27,369", "2009-09-30": "$27,075", "2009-06-30": "$26,633", "2009-03-31": "$26,546", "2008-12-31": "$26,297", "2008-09-30": "$26,717", "2008-06-30": "$26,414", "2008-03-31": "$26,465", "2007-12-31": "$26,144", "2007-09-30": "$25,960", "2007-06-30": "$25,931", "2007-03-31": "$26,030", "2006-12-31": "$26,028", "2006-09-30": "$25,978", "2006-06-30": "$26,559", "2006-03-31": "$26,241", "2005-12-31": "$25,859", "2005-09-30": "$25,433", "2005-06-30": "$24,907", "2005-03-31": "$25,487"}}, "cash-on-hand": {"Norfolk Southern Annual Cash on Hand (Millions of US $)": {"2020": "$1,115", "2019": "$580", "2018": "$358", "2017": "$690", "2016": "$956", "2015": "$1,101", "2014": "$973", "2013": "$1,561", "2012": "$668", "2011": "$301", "2010": "$1,110", "2009": "$1,086", "2008": "$618", "2007": "$206", "2006": "$918", "2005": "$1,257"}, "Norfolk Southern Quarterly Cash on Hand (Millions of US $)": {"2020-12-31": "$1,115", "2020-09-30": "$1,359", "2020-06-30": "$1,143", "2020-03-31": "$608", "2019-12-31": "$580", "2019-09-30": "$452", "2019-06-30": "$274", "2019-03-31": "$411", "2018-12-31": "$358", "2018-09-30": "$729", "2018-06-30": "$430", "2018-03-31": "$1,072", "2017-12-31": "$690", "2017-09-30": "$724", "2017-06-30": "$642", "2017-03-31": "$955", "2016-12-31": "$956", "2016-09-30": "$984", "2016-06-30": "$866", "2016-03-31": "$589", "2015-12-31": "$1,101", "2015-09-30": "$433", "2015-06-30": "$889", "2015-03-31": "$524", "2014-12-31": "$973", "2014-09-30": "$1,432", "2014-06-30": "$1,667", "2014-03-31": "$1,532", "2013-12-31": "$1,561", "2013-09-30": "$1,004", "2013-06-30": "$587", "2013-03-31": "$687", "2012-12-31": "$668", "2012-09-30": "$708", "2012-06-30": "$371", "2012-03-31": "$831", "2011-12-31": "$301", "2011-09-30": "$394", "2011-06-30": "$906", "2011-03-31": "$488", "2010-12-31": "$1,110", "2010-09-30": "$1,358", "2010-06-30": "$1,060", "2010-03-31": "$1,386", "2009-12-31": "$1,086", "2009-09-30": "$999", "2009-06-30": "$722", "2009-03-31": "$884", "2008-12-31": "$618", "2008-09-30": "$557", "2008-06-30": "$454", "2008-03-31": "$364", "2007-12-31": "$206", "2007-09-30": "$418", "2007-06-30": "$492", "2007-03-31": "$844", "2006-12-31": "$918", "2006-09-30": "$803", "2006-06-30": "$1,535", "2006-03-31": "$1,542", "2005-12-31": "$1,257", "2005-09-30": "$1,050", "2005-06-30": "$615", "2005-03-31": "$1,119"}}, "long-term-debt": {"Norfolk Southern Annual Long Term Debt (Millions of US $)": {"2020": "$12,102", "2019": "$11,880", "2018": "$10,560", "2017": "$9,136", "2016": "$9,562", "2015": "$9,393", "2014": "$8,883", "2013": "$8,903", "2012": "$8,432", "2011": "$7,390", "2010": "$6,567", "2009": "$6,679", "2008": "$6,183", "2007": "$5,999", "2006": "$6,109", "2005": "$6,616"}, "Norfolk Southern Quarterly Long Term Debt (Millions of US $)": {"2020-12-31": "$12,102", "2020-09-30": "$12,634", "2020-06-30": "$12,612", "2020-03-31": "$11,807", "2019-12-31": "$11,880", "2019-09-30": "$11,085", "2019-06-30": "$11,076", "2019-03-31": "$10,569", "2018-12-31": "$10,560", "2018-09-30": "$10,635", "2018-06-30": "$9,146", "2018-03-31": "$9,637", "2017-12-31": "$9,136", "2017-09-30": "$9,280", "2017-06-30": "$9,273", "2017-03-31": "$9,569", "2016-12-31": "$9,562", "2016-09-30": "$9,555", "2016-06-30": "$9,549", "2016-03-31": "$9,398", "2015-12-31": "$9,393", "2015-09-30": "$8,896", "2015-06-30": "$8,890", "2015-03-31": "$8,429", "2014-12-31": "$8,883", "2014-09-30": "$8,919", "2014-06-30": "$8,814", "2014-03-31": "$8,909", "2013-12-31": "$8,903", "2013-09-30": "$8,499", "2013-06-30": "$8,430", "2013-03-31": "$8,438", "2012-12-31": "$8,432", "2012-09-30": "$8,428", "2012-06-30": "$7,972", "2012-03-31": "$7,985", "2011-12-31": "$7,390", "2011-09-30": "$6,782", "2011-06-30": "$6,931", "2011-03-31": "$6,554", "2010-12-31": "$6,567", "2010-09-30": "$6,574", "2010-06-30": "$6,326", "2010-03-31": "$6,379", "2009-12-31": "$6,679", "2009-09-30": "$6,685", "2009-06-30": "$6,688", "2009-03-31": "$6,467", "2008-12-31": "$6,183", "2008-09-30": "$5,983", "2008-06-30": "$6,003", "2008-03-31": "$6,217", "2007-12-31": "$5,999", "2007-09-30": "$5,764", "2007-06-30": "$5,776", "2007-03-31": "$6,000", "2006-12-31": "$6,109", "2006-09-30": "$6,141", "2006-06-30": "$6,175", "2006-03-31": "$6,550", "2005-12-31": "$6,616", "2005-09-30": "$6,645", "2005-06-30": "$6,877", "2005-03-31": "$7,125"}}, "total-liabilities": {"Norfolk Southern Annual Total Liabilities (Millions of US $)": {"2020": "$23,171", "2019": "$22,739", "2018": "$20,877", "2017": "$19,352", "2016": "$22,483", "2015": "$21,951", "2014": "$20,792", "2013": "$21,194", "2012": "$20,582", "2011": "$18,627", "2010": "$17,530", "2009": "$17,016", "2008": "$16,690", "2007": "$16,417", "2006": "$16,413", "2005": "$16,583"}, "Norfolk Southern Quarterly Total Liabilities (Millions of US $)": {"2020-12-31": "$23,171", "2020-09-30": "$23,238", "2020-06-30": "$23,101", "2020-03-31": "$22,554", "2019-12-31": "$22,739", "2019-09-30": "$22,262", "2019-06-30": "$21,861", "2019-03-31": "$21,731", "2018-12-31": "$20,877", "2018-09-30": "$20,842", "2018-06-30": "$19,229", "2018-03-31": "$19,744", "2017-12-31": "$19,352", "2017-09-30": "$22,426", "2017-06-30": "$22,260", "2017-03-31": "$22,618", "2016-12-31": "$22,483", "2016-09-30": "$22,236", "2016-06-30": "$22,061", "2016-03-31": "$21,562", "2015-12-31": "$21,951", "2015-09-30": "$21,398", "2015-06-30": "$21,233", "2015-03-31": "$20,617", "2014-12-31": "$20,792", "2014-09-30": "$20,767", "2014-06-30": "$20,963", "2014-03-31": "$21,007", "2013-12-31": "$21,194", "2013-09-30": "$21,071", "2013-06-30": "$20,417", "2013-03-31": "$20,489", "2012-12-31": "$20,582", "2012-09-30": "$20,073", "2012-06-30": "$19,413", "2012-03-31": "$19,560", "2011-12-31": "$18,627", "2011-09-30": "$18,056", "2011-06-30": "$17,851", "2011-03-31": "$17,127", "2010-12-31": "$17,530", "2010-09-30": "$17,273", "2010-06-30": "$16,872", "2010-03-31": "$17,166", "2009-12-31": "$17,016", "2009-09-30": "$17,009", "2009-06-30": "$16,774", "2009-03-31": "$16,836", "2008-12-31": "$16,690", "2008-09-30": "$16,671", "2008-06-30": "$16,422", "2008-03-31": "$16,717", "2007-12-31": "$16,417", "2007-09-30": "$16,081", "2007-06-30": "$16,019", "2007-03-31": "$16,402", "2006-12-31": "$16,413", "2006-09-30": "$16,399", "2006-06-30": "$16,608", "2006-03-31": "$16,532", "2005-12-31": "$16,583", "2005-09-30": "$16,517", "2005-06-30": "$16,286", "2005-03-31": "$17,233"}}, "total-share-holder-equity": {"Norfolk Southern Annual Share Holder Equity (Millions of US $)": {"2020": "$14,791", "2019": "$15,184", "2018": "$15,362", "2017": "$16,359", "2016": "$12,409", "2015": "$12,188", "2014": "$12,408", "2013": "$11,289", "2012": "$9,760", "2011": "$9,911", "2010": "$10,669", "2009": "$10,353", "2008": "$9,607", "2007": "$9,727", "2006": "$9,615", "2005": "$9,276"}, "Norfolk Southern Quarterly Share Holder Equity (Millions of US $)": {"2020-12-31": "$14,791", "2020-09-30": "$14,941", "2020-06-30": "$14,861", "2020-03-31": "$14,884", "2019-12-31": "$15,184", "2019-09-30": "$15,238", "2019-06-30": "$15,311", "2019-03-31": "$15,331", "2018-12-31": "$15,362", "2018-09-30": "$15,480", "2018-06-30": "$16,559", "2018-03-31": "$16,418", "2017-12-31": "$16,359", "2017-09-30": "$12,727", "2017-06-30": "$12,662", "2017-03-31": "$12,527", "2016-12-31": "$12,409", "2016-09-30": "$12,396", "2016-06-30": "$12,273", "2016-03-31": "$12,223", "2015-12-31": "$12,188", "2015-09-30": "$12,129", "2015-06-30": "$12,077", "2015-03-31": "$12,158", "2014-12-31": "$12,408", "2014-09-30": "$12,439", "2014-06-30": "$12,077", "2014-03-31": "$11,693", "2013-12-31": "$11,289", "2013-09-30": "$10,294", "2013-06-30": "$10,188", "2013-03-31": "$10,110", "2012-12-31": "$9,760", "2012-09-30": "$9,767", "2012-06-30": "$9,778", "2012-03-31": "$9,815", "2011-12-31": "$9,911", "2011-09-30": "$10,255", "2011-06-30": "$10,627", "2011-03-31": "$10,601", "2010-12-31": "$10,669", "2010-09-30": "$10,789", "2010-06-30": "$10,761", "2010-03-31": "$10,564", "2009-12-31": "$10,353", "2009-09-30": "$10,066", "2009-06-30": "$9,859", "2009-03-31": "$9,710", "2008-12-31": "$9,607", "2008-09-30": "$10,046", "2008-06-30": "$9,992", "2008-03-31": "$9,748", "2007-12-31": "$9,727", "2007-09-30": "$9,879", "2007-06-30": "$9,912", "2007-03-31": "$9,628", "2006-12-31": "$9,615", "2006-09-30": "$9,579", "2006-06-30": "$9,951", "2006-03-31": "$9,709", "2005-12-31": "$9,276", "2005-09-30": "$8,916", "2005-06-30": "$8,621", "2005-03-31": "$8,254"}}, "profit-margins": {"current": "20.56%"}, "gross margin": {"2020-12-31": "70.63%", "2020-09-30": "69.99%", "2020-06-30": "70.17%", "2020-03-31": "70.11%", "2019-12-31": "69.74%", "2019-09-30": "70.57%", "2019-06-30": "70.42%", "2019-03-31": "70.10%", "2018-12-31": "69.70%", "2018-09-30": "70.03%", "2018-06-30": "70.98%", "2018-03-31": "71.31%", "2017-12-31": "71.61%", "2017-09-30": "69.83%", "2017-06-30": "69.25%", "2017-03-31": "68.90%", "2016-12-31": "69.21%", "2016-09-30": "68.50%", "2016-06-30": "67.51%", "2016-03-31": "66.70%", "2015-12-31": "65.16%", "2015-09-30": "65.02%", "2015-06-30": "64.67%", "2015-03-31": "64.45%", "2014-12-31": "63.86%", "2014-09-30": "64.06%", "2014-06-30": "63.88%", "2014-03-31": "63.60%", "2013-12-31": "63.81%", "2013-09-30": "63.12%", "2013-06-30": "62.69%", "2013-03-31": "63.18%", "2012-12-31": "63.41%", "2012-09-30": "63.50%", "2012-06-30": "64.22%", "2012-03-31": "63.73%", "2011-12-31": "63.10%", "2011-09-30": "63.17%", "2011-06-30": "63.30%", "2011-03-31": "63.86%", "2010-12-31": "65.18%", "2010-09-30": "61.98%", "2010-06-30": "63.48%", "2010-03-31": "63.27%", "2009-12-31": "65.25%", "2009-09-30": "61.57%", "2009-06-30": "61.24%", "2009-03-31": "62.15%", "2008-12-31": "61.65%", "2008-09-30": "68.79%", "2008-06-30": "69.23%", "2008-03-31": "70.40%", "2007-12-31": "71.16%", "2007-09-30": "76.11%", "2007-06-30": "74.83%", "2007-03-31": "73.07%", "2006-12-31": "71.58%", "2006-09-30": "71.41%", "2006-06-30": "71.41%", "2006-03-31": "72.31%", "2005-12-31": "72.23%"}, "operating margin": {"2020-12-31": "30.67%", "2020-09-30": "30.08%", "2020-06-30": "30.62%", "2020-03-31": "32.41%", "2019-12-31": "35.31%", "2019-09-30": "35.69%", "2019-06-30": "35.57%", "2019-03-31": "35.32%", "2018-12-31": "34.55%", "2018-09-30": "34.54%", "2018-06-30": "34.27%", "2018-03-31": "33.67%", "2017-12-31": "33.38%", "2017-09-30": "31.05%", "2017-06-30": "30.75%", "2017-03-31": "30.30%", "2016-12-31": "30.43%", "2016-09-30": "29.80%", "2016-06-30": "29.26%", "2016-03-31": "28.96%", "2015-12-31": "27.44%", "2015-09-30": "28.84%", "2015-06-30": "29.62%", "2015-03-31": "30.55%", "2014-12-31": "30.76%", "2014-09-30": "30.64%", "2014-06-30": "29.87%", "2014-03-31": "28.88%", "2013-12-31": "28.96%", "2013-09-30": "27.97%", "2013-06-30": "27.22%", "2013-03-31": "27.94%", "2012-12-31": "28.30%", "2012-09-30": "28.78%", "2012-06-30": "30.11%", "2012-03-31": "29.61%", "2011-12-31": "28.76%", "2011-09-30": "28.37%", "2011-06-30": "27.70%", "2011-03-31": "27.49%", "2010-12-31": "28.12%", "2010-09-30": "27.98%", "2010-06-30": "27.15%", "2010-03-31": "25.82%", "2009-12-31": "24.62%", "2009-09-30": "26.61%", "2009-06-30": "27.82%", "2009-03-31": "28.59%", "2008-12-31": "28.93%", "2008-09-30": "27.86%", "2008-06-30": "27.24%", "2008-03-31": "27.21%", "2007-12-31": "27.41%", "2007-09-30": "27.03%", "2007-06-30": "27.28%", "2007-03-31": "27.10%", "2006-12-31": "27.18%", "2006-09-30": "27.15%", "2006-06-30": "25.80%", "2006-03-31": "25.54%", "2005-12-31": "24.83%"}, "ebitda margin": {"2020-12-31": "42.46%", "2020-09-30": "41.71%", "2020-06-30": "41.81%", "2020-03-31": "42.77%", "2019-12-31": "45.40%", "2019-09-30": "45.57%", "2019-06-30": "45.26%", "2019-03-31": "44.94%", "2018-12-31": "44.19%", "2018-09-30": "44.24%", "2018-06-30": "44.13%", "2018-03-31": "43.68%", "2017-12-31": "43.42%", "2017-09-30": "41.18%", "2017-06-30": "40.96%", "2017-03-31": "40.63%", "2016-12-31": "40.85%", "2016-09-30": "40.48%", "2016-06-30": "39.91%", "2016-03-31": "39.24%", "2015-12-31": "37.51%", "2015-09-30": "38.15%", "2015-06-30": "38.32%", "2015-03-31": "38.93%", "2014-12-31": "38.98%", "2014-09-30": "38.81%", "2014-06-30": "38.13%", "2014-03-31": "37.20%", "2013-12-31": "37.16%", "2013-09-30": "36.31%", "2013-06-30": "35.67%", "2013-03-31": "36.35%", "2012-12-31": "36.65%", "2012-09-30": "36.95%", "2012-06-30": "38.01%", "2012-03-31": "37.39%", "2011-12-31": "36.54%", "2011-09-30": "36.31%", "2011-06-30": "35.86%", "2011-03-31": "35.91%", "2010-12-31": "36.80%", "2010-09-30": "37.00%", "2010-06-30": "36.63%", "2010-03-31": "36.01%", "2009-12-31": "35.22%", "2009-09-30": "36.64%", "2009-06-30": "36.85%", "2009-03-31": "36.75%", "2008-12-31": "36.57%", "2008-09-30": "35.45%", "2008-06-30": "35.17%", "2008-03-31": "35.38%", "2007-12-31": "35.74%", "2007-09-30": "35.39%", "2007-06-30": "35.50%", "2007-03-31": "35.22%", "2006-12-31": "35.15%", "2006-09-30": "35.24%", "2006-06-30": "34.22%", "2006-03-31": "34.28%", "2005-12-31": "34.06%"}, "pre tax profit margin": {"2020-12-31": "25.85%", "2020-09-30": "25.15%", "2020-06-30": "25.73%", "2020-03-31": "27.67%", "2019-12-31": "30.90%", "2019-09-30": "31.24%", "2019-06-30": "31.30%", "2019-03-31": "31.28%", "2018-12-31": "30.28%", "2018-09-30": "30.56%", "2018-06-30": "30.35%", "2018-03-31": "29.74%", "2017-12-31": "29.65%", "2017-09-30": "27.73%", "2017-06-30": "27.20%", "2017-03-31": "26.26%", "2016-12-31": "26.11%", "2016-09-30": "24.86%", "2016-06-30": "24.58%", "2016-03-31": "24.58%", "2015-12-31": "23.23%", "2015-09-30": "24.93%", "2015-06-30": "25.74%", "2015-03-31": "26.73%", "2014-12-31": "26.96%", "2014-09-30": "26.88%", "2014-06-30": "26.08%", "2014-03-31": "25.21%", "2013-12-31": "26.37%", "2013-09-30": "25.37%", "2013-06-30": "24.69%", "2013-03-31": "25.49%", "2012-12-31": "24.98%", "2012-09-30": "25.64%", "2012-06-30": "27.35%", "2012-03-31": "26.96%", "2011-12-31": "26.12%", "2011-09-30": "25.61%", "2011-06-30": "25.03%", "2011-03-31": "24.51%", "2010-12-31": "24.87%", "2010-09-30": "24.62%", "2010-06-30": "23.07%", "2010-03-31": "21.72%", "2009-12-31": "20.35%", "2009-09-30": "22.40%", "2009-06-30": "24.09%", "2009-03-31": "25.31%", "2008-12-31": "25.79%", "2008-09-30": "24.90%", "2008-06-30": "24.09%", "2008-03-31": "23.68%", "2007-12-31": "23.72%", "2007-09-30": "23.28%", "2007-06-30": "23.51%", "2007-03-31": "23.36%", "2006-12-31": "23.71%", "2006-09-30": "23.49%", "2006-06-30": "21.96%", "2006-03-31": "21.27%", "2005-12-31": "19.90%"}, "net profit margin": {"2020-12-31": "20.53%", "2020-09-30": "20.23%", "2020-06-30": "20.44%", "2020-03-31": "21.85%", "2019-12-31": "24.05%", "2019-09-30": "23.93%", "2019-06-30": "24.09%", "2019-03-31": "24.05%", "2018-12-31": "23.22%", "2018-09-30": "52.76%", "2018-06-30": "52.32%", "2018-03-31": "51.60%", "2017-12-31": "51.18%", "2017-09-30": "17.81%", "2017-06-30": "17.62%", "2017-03-31": "17.03%", "2016-12-31": "16.82%", "2016-09-30": "16.22%", "2016-06-30": "15.83%", "2016-03-31": "15.71%", "2015-12-31": "14.75%", "2015-09-30": "15.63%", "2015-06-30": "16.15%", "2015-03-31": "16.81%", "2014-12-31": "17.15%", "2014-09-30": "17.14%", "2014-06-30": "16.77%", "2014-03-31": "16.26%", "2013-12-31": "16.92%", "2013-09-30": "16.37%", "2013-06-30": "15.81%", "2013-03-31": "16.23%", "2012-12-31": "15.76%", "2012-09-30": "16.18%", "2012-06-30": "17.25%", "2012-03-31": "17.56%", "2011-12-31": "17.07%", "2011-09-30": "16.98%", "2011-06-30": "16.63%", "2011-03-31": "15.70%", "2010-12-31": "15.64%", "2010-09-30": "15.05%", "2010-06-30": "14.13%", "2010-03-31": "13.38%", "2009-12-31": "12.87%", "2009-09-30": "14.09%", "2009-06-30": "15.18%", "2009-03-31": "15.86%", "2008-12-31": "16.10%", "2008-09-30": "15.67%", "2008-06-30": "15.18%", "2008-03-31": "15.18%", "2007-12-31": "15.52%", "2007-09-30": "15.60%", "2007-06-30": "15.85%", "2007-03-31": "15.62%", "2006-12-31": "15.74%", "2006-09-30": "15.60%", "2006-06-30": "14.75%", "2006-03-31": "15.70%", "2005-12-31": "15.02%"}, "pe ratio": {"current": "26.55", "2021-02-11": "31.67", "2020-12-31": "30.11", "2020-09-30": "27.32", "2020-06-30": "21.56", "2020-03-31": "15.56", "2019-12-31": "18.51", "2019-09-30": "17.01", "2019-06-30": "18.72", "2019-03-31": "17.82", "2018-12-31": "15.05", "2018-09-30": "8.30", "2018-06-30": "7.17", "2018-03-31": "6.69", "2017-12-31": "7.27", "2017-09-30": "19.46", "2017-06-30": "18.39", "2017-03-31": "17.84", "2016-12-31": "17.71", "2016-09-30": "16.45", "2016-06-30": "14.49", "2016-03-31": "13.95", "2015-12-31": "14.85", "2015-09-30": "12.26", "2015-06-30": "13.20", "2015-03-31": "14.52", "2014-12-31": "14.97", "2014-09-30": "15.16", "2014-06-30": "14.51", "2014-03-31": "14.38", "2013-12-31": "13.11", "2013-09-30": "11.51", "2013-06-30": "11.31", "2013-03-31": "11.62", "2012-12-31": "9.57", "2012-09-30": "9.55", "2012-06-30": "10.06", "2012-03-31": "9.23", "2011-12-31": "10.76", "2011-09-30": "9.54", "2011-06-30": "12.62", "2011-03-31": "13.03", "2010-12-31": "12.39", "2010-09-30": "12.51", "2010-06-30": "12.34", "2010-03-31": "14.58", "2009-12-31": "14.62", "2009-09-30": "10.46", "2009-06-30": "7.70", "2009-03-31": "5.99", "2008-12-31": "7.75", "2008-09-30": "11.32", "2008-06-30": "11.76", "2008-03-31": "10.69", "2007-12-31": "10.00", "2007-09-30": "10.44", "2007-06-30": "10.38", "2007-03-31": "10.20", "2006-12-31": "10.06"}, "price sales": {"2021-02-11": "6.54", "2020-12-31": "6.21", "2020-09-30": "5.56", "2020-06-30": "4.43", "2020-03-31": "3.41", "2019-12-31": "4.48", "2019-09-30": "4.10", "2019-06-30": "4.55", "2019-03-31": "4.32", "2018-12-31": "3.53", "2018-09-30": "4.36", "2018-06-30": "3.76", "2018-03-31": "3.47", "2017-12-31": "3.75", "2017-09-30": "3.48", "2017-06-30": "3.24", "2017-03-31": "3.03", "2016-12-31": "2.98", "2016-09-30": "2.67", "2016-06-30": "2.30", "2016-03-31": "2.19", "2015-12-31": "2.20", "2015-09-30": "1.92", "2015-06-30": "2.13", "2015-03-31": "2.44", "2014-12-31": "2.57", "2014-09-30": "2.60", "2014-06-30": "2.43", "2014-03-31": "2.34", "2013-12-31": "2.22", "2013-09-30": "1.89", "2013-06-30": "1.80", "2013-03-31": "1.89", "2012-12-31": "1.52", "2012-09-30": "1.56", "2012-06-30": "1.75", "2012-03-31": "1.64", "2011-12-31": "1.87", "2011-09-30": "1.63", "2011-06-30": "2.11", "2011-03-31": "2.05", "2010-12-31": "1.93", "2010-09-30": "1.87", "2010-06-30": "1.73", "2010-03-31": "1.93", "2009-12-31": "1.86", "2009-09-30": "1.46", "2009-06-30": "1.16", "2009-03-31": "0.94", "2008-12-31": "1.25", "2008-09-30": "1.77", "2008-06-30": "1.78", "2008-03-31": "1.63", "2007-12-31": "1.56", "2007-09-30": "1.64", "2007-06-30": "1.66", "2007-03-31": "1.61", "2006-12-31": "1.60"}, "price book": {"current": "4.56", "2021-02-11": "4.24", "2020-12-31": "4.03", "2020-09-30": "3.61", "2020-06-30": "2.98", "2020-03-31": "2.47", "2019-12-31": "3.22", "2019-09-30": "2.99", "2019-06-30": "3.32", "2019-03-31": "3.12", "2018-12-31": "2.50", "2018-09-30": "3.03", "2018-06-30": "2.42", "2018-03-31": "2.21", "2017-12-31": "2.37", "2017-09-30": "2.78", "2017-06-30": "2.58", "2017-03-31": "2.40", "2016-12-31": "2.33", "2016-09-30": "2.09", "2016-06-30": "1.85", "2016-03-31": "1.82", "2015-12-31": "1.85", "2015-09-30": "1.67", "2015-06-30": "1.92", "2015-03-31": "2.26", "2014-12-31": "2.38", "2014-09-30": "2.41", "2014-06-30": "2.28", "2014-03-31": "2.21", "2013-12-31": "2.17", "2013-09-30": "1.97", "2013-06-30": "1.87", "2013-03-31": "2.01", "2012-12-31": "1.65", "2012-09-30": "1.70", "2012-06-30": "1.92", "2012-03-31": "1.78", "2011-12-31": "1.96", "2011-09-30": "1.61", "2011-06-30": "1.96", "2011-03-31": "1.83", "2010-12-31": "1.66", "2010-09-30": "1.57", "2010-06-30": "1.42", "2010-03-31": "1.52", "2009-12-31": "1.44", "2009-09-30": "1.20", "2009-06-30": "1.07", "2009-03-31": "0.96", "2008-12-31": "1.34", "2008-09-30": "1.81", "2008-06-30": "1.74", "2008-03-31": "1.54", "2007-12-31": "1.44", "2007-09-30": "1.48", "2007-06-30": "1.51", "2007-03-31": "1.56", "2006-12-31": "1.49", "2006-09-30": "1.30", "2006-06-30": "1.57", "2006-03-31": "1.64"}, "price fcf": {"2021-02-11": "", "2020-12-31": "$9.65", "2020-09-30": "$9.55", "2020-06-30": "$9.02", "2020-03-31": "$9.26", "2019-12-31": "$8.47", "2019-09-30": "$7.88", "2019-06-30": "$7.85", "2019-03-31": "$7.60", "2018-12-31": "$7.06", "2018-09-30": "$7.46", "2018-06-30": "$7.04", "2018-03-31": "$6.00", "2017-12-31": "$5.97", "2017-09-30": "$5.02", "2017-06-30": "$5.08", "2017-03-31": "$4.19", "2016-12-31": "$4.31", "2016-09-30": "$4.10", "2016-06-30": "$1.61", "2016-03-31": "$2.75", "2015-12-31": "$1.93", "2015-09-30": "$1.13", "2015-06-30": "$2.90", "2015-03-31": "$3.01", "2014-12-31": "$2.92", "2014-09-30": "$3.95", "2014-06-30": "$3.94", "2014-03-31": "$3.56", "2013-12-31": "$3.97", "2013-09-30": "$3.37", "2013-06-30": "$3.10", "2013-03-31": "$2.54", "2012-12-31": "$3.12", "2012-09-30": "$2.37", "2012-06-30": "$3.15", "2012-03-31": "$4.40", "2011-12-31": "$3.28", "2011-09-30": "$4.12", "2011-06-30": "$3.68", "2011-03-31": "$2.86", "2010-12-31": "$3.61", "2010-09-30": "$3.83", "2010-06-30": "$3.71", "2010-03-31": "$2.79", "2009-12-31": "$1.73", "2009-09-30": "$1.99", "2009-06-30": "$2.42", "2009-03-31": "$2.85", "2008-12-31": "$3.33", "2008-09-30": "$2.98", "2008-06-30": "$2.43", "2008-03-31": "$2.64", "2007-12-31": "$2.81", "2007-09-30": "$3.04", "2007-06-30": "$2.92", "2007-03-31": "$3.00", "2006-12-31": "$2.77"}, "net worth": {"value": "$61.92B"}, "current ratio": {"current": "1.07", "2020-12-31": "1.07", "2020-09-30": "1.29", "2020-06-30": "1.21", "2020-03-31": "0.90", "2019-12-31": "0.91", "2019-09-30": "0.73", "2019-06-30": "0.78", "2019-03-31": "0.67", "2018-12-31": "0.72", "2018-09-30": "0.86", "2018-06-30": "0.81", "2018-03-31": "1.04", "2017-12-31": "0.84", "2017-09-30": "0.83", "2017-06-30": "0.83", "2017-03-31": "0.95", "2016-12-31": "0.98", "2016-09-30": "1.04", "2016-06-30": "1.06", "2016-03-31": "1.07", "2015-12-31": "1.13", "2015-09-30": "0.85", "2015-06-30": "1.10", "2015-03-31": "1.01", "2014-12-31": "1.56", "2014-09-30": "1.45", "2014-06-30": "1.38", "2014-03-31": "1.35", "2013-12-31": "1.33", "2013-09-30": "1.07", "2013-06-30": "1.15", "2013-03-31": "1.22", "2012-12-31": "1.08", "2012-09-30": "1.21", "2012-06-30": "1.06", "2012-03-31": "1.21", "2011-12-31": "1.03", "2011-09-30": "0.94", "2011-06-30": "1.32", "2011-03-31": "1.17", "2010-12-31": "1.19", "2010-09-30": "1.35", "2010-06-30": "1.20", "2010-03-31": "1.21", "2009-12-31": "1.26", "2009-09-30": "1.20", "2009-06-30": "1.11", "2009-03-31": "1.09", "2008-12-31": "0.95", "2008-09-30": "0.90", "2008-06-30": "0.95", "2008-03-31": "0.91", "2007-12-31": "0.86", "2007-09-30": "0.92", "2007-06-30": "0.99", "2007-03-31": "1.06", "2006-12-31": "1.15", "2006-09-30": "1.01", "2006-06-30": "1.24", "2006-03-31": "1.50", "2005-12-31": "1.38", "2005-09-30": "1.23", "2005-06-30": "1.22", "2005-03-31": "1.19"}, "quick ratio": {"2020-12-31": "0.97", "2020-09-30": "1.16", "2020-06-30": "1.08", "2020-03-31": "0.78", "2019-12-31": "0.80", "2019-09-30": "0.63", "2019-06-30": "0.68", "2019-03-31": "0.59", "2018-12-31": "0.64", "2018-09-30": "0.76", "2018-06-30": "0.70", "2018-03-31": "0.94", "2017-12-31": "0.76", "2017-09-30": "0.73", "2017-06-30": "0.70", "2017-03-31": "0.84", "2016-12-31": "0.87", "2016-09-30": "0.90", "2016-06-30": "0.92", "2016-03-31": "0.90", "2015-12-31": "1.00", "2015-09-30": "0.72", "2015-06-30": "0.97", "2015-03-31": "0.88", "2014-12-31": "1.43", "2014-09-30": "1.33", "2014-06-30": "1.27", "2014-03-31": "1.25", "2013-12-31": "1.24", "2013-09-30": "0.97", "2013-06-30": "1.02", "2013-03-31": "1.09", "2012-12-31": "0.97", "2012-09-30": "1.08", "2012-06-30": "0.93", "2012-03-31": "1.09", "2011-12-31": "0.91", "2011-09-30": "0.83", "2011-06-30": "1.21", "2011-03-31": "1.05", "2010-12-31": "1.11", "2010-09-30": "1.26", "2010-06-30": "1.11", "2010-03-31": "1.12", "2009-12-31": "1.16", "2009-09-30": "1.11", "2009-06-30": "1.01", "2009-03-31": "0.99", "2008-12-31": "0.86", "2008-09-30": "0.81", "2008-06-30": "0.86", "2008-03-31": "0.83", "2007-12-31": "0.77", "2007-09-30": "0.83", "2007-06-30": "0.90", "2007-03-31": "0.99", "2006-12-31": "1.08", "2006-09-30": "0.94", "2006-06-30": "1.18", "2006-03-31": "1.43", "2005-12-31": "1.31", "2005-09-30": "1.16", "2005-06-30": "1.14", "2005-03-31": "1.14"}, "debt equity ratio": {"current": "0.82", "2020-12-31": "1.57", "2020-09-30": "1.56", "2020-06-30": "1.55", "2020-03-31": "1.52", "2019-12-31": "1.50", "2019-09-30": "1.46", "2019-06-30": "1.43", "2019-03-31": "1.42", "2018-12-31": "1.36", "2018-09-30": "1.35", "2018-06-30": "1.16", "2018-03-31": "1.20", "2017-12-31": "1.18", "2017-09-30": "1.76", "2017-06-30": "1.76", "2017-03-31": "1.81", "2016-12-31": "1.81", "2016-09-30": "1.79", "2016-06-30": "1.80", "2016-03-31": "1.76", "2015-12-31": "1.80", "2015-09-30": "1.76", "2015-06-30": "1.76", "2015-03-31": "1.70", "2014-12-31": "1.68", "2014-09-30": "1.67", "2014-06-30": "1.74", "2014-03-31": "1.80", "2013-12-31": "1.88", "2013-09-30": "2.05", "2013-06-30": "2.00", "2013-03-31": "2.03", "2012-12-31": "2.11", "2012-09-30": "2.06", "2012-06-30": "1.99", "2012-03-31": "1.99", "2011-12-31": "1.88", "2011-09-30": "1.76", "2011-06-30": "1.68", "2011-03-31": "1.62", "2010-12-31": "1.64", "2010-09-30": "1.60", "2010-06-30": "1.57", "2010-03-31": "1.63", "2009-12-31": "1.64", "2009-09-30": "1.69", "2009-06-30": "1.70", "2009-03-31": "1.73", "2008-12-31": "1.74", "2008-09-30": "1.66", "2008-06-30": "1.64", "2008-03-31": "1.72", "2007-12-31": "1.69", "2007-09-30": "1.63", "2007-06-30": "1.62", "2007-03-31": "1.70", "2006-12-31": "1.71", "2006-09-30": "1.71", "2006-06-30": "1.67", "2006-03-31": "1.70", "2005-12-31": "1.79", "2005-09-30": "1.85", "2005-06-30": "1.89", "2005-03-31": "2.09"}, "return on equity": {"2020-12-31": "13.52%", "2020-09-30": "13.39%", "2020-06-30": "13.91%", "2020-03-31": "15.98%", "2019-12-31": "17.80%", "2019-09-30": "17.97%", "2019-06-30": "18.19%", "2019-03-31": "17.76%", "2018-12-31": "16.67%", "2018-09-30": "36.57%", "2018-06-30": "36.94%", "2018-03-31": "37.95%", "2017-12-31": "39.80%", "2017-09-30": "14.68%", "2017-06-30": "14.42%", "2017-03-31": "13.79%", "2016-12-31": "13.49%", "2016-09-30": "13.11%", "2016-06-30": "13.11%", "2016-03-31": "13.39%", "2015-12-31": "12.77%", "2015-09-30": "13.93%", "2015-06-30": "14.70%", "2015-03-31": "15.76%", "2014-12-31": "16.41%", "2014-09-30": "16.79%", "2014-06-30": "16.92%", "2014-03-31": "16.76%", "2013-12-31": "18.18%", "2013-09-30": "17.93%", "2013-06-30": "17.34%", "2013-03-31": "18.09%", "2012-12-31": "17.79%", "2012-09-30": "18.39%", "2012-06-30": "19.70%", "2012-03-31": "19.61%", "2011-12-31": "18.43%", "2011-09-30": "17.35%", "2011-06-30": "16.11%", "2011-03-31": "14.52%", "2010-12-31": "13.91%", "2010-09-30": "13.08%", "2010-06-30": "11.97%", "2010-03-31": "10.83%", "2009-12-31": "10.26%", "2009-09-30": "12.02%", "2009-06-30": "14.24%", "2009-03-31": "16.28%", "2008-12-31": "17.42%", "2008-09-30": "16.83%", "2008-06-30": "15.54%", "2008-03-31": "14.97%", "2007-12-31": "14.96%", "2007-09-30": "14.86%", "2007-06-30": "15.28%", "2007-03-31": "15.07%", "2006-12-31": "15.25%", "2006-09-30": "15.14%", "2006-06-30": "14.19%", "2006-03-31": "15.25%", "2005-12-31": "14.61%"}, "return on assets": {"2020-12-31": "5.31%", "2020-09-30": "5.29%", "2020-06-30": "5.55%", "2020-03-31": "6.45%", "2019-12-31": "7.26%", "2019-09-30": "7.44%", "2019-06-30": "7.62%", "2019-03-31": "7.66%", "2018-12-31": "7.36%", "2018-09-30": "16.46%", "2018-06-30": "16.05%", "2018-03-31": "15.55%", "2017-12-31": "15.33%", "2017-09-30": "5.27%", "2017-06-30": "5.16%", "2017-03-31": "4.92%", "2016-12-31": "4.83%", "2016-09-30": "4.70%", "2016-06-30": "4.71%", "2016-03-31": "4.83%", "2015-12-31": "4.64%", "2015-09-30": "5.11%", "2015-06-30": "5.45%", "2015-03-31": "5.85%", "2014-12-31": "6.04%", "2014-09-30": "6.07%", "2014-06-30": "5.92%", "2014-03-31": "5.73%", "2013-12-31": "6.09%", "2013-09-30": "5.89%", "2013-06-30": "5.69%", "2013-03-31": "5.94%", "2012-12-31": "5.86%", "2012-09-30": "6.17%", "2012-06-30": "6.79%", "2012-03-31": "6.94%", "2011-12-31": "6.75%", "2011-09-30": "6.49%", "2011-06-30": "6.11%", "2011-03-31": "5.57%", "2010-12-31": "5.33%", "2010-09-30": "5.01%", "2010-06-30": "4.55%", "2010-03-31": "4.07%", "2009-12-31": "3.81%", "2009-09-30": "4.43%", "2009-06-30": "5.26%", "2009-03-31": "6.05%", "2008-12-31": "6.48%", "2008-09-30": "6.29%", "2008-06-30": "5.83%", "2008-03-31": "5.63%", "2007-12-31": "5.63%", "2007-09-30": "5.58%", "2007-06-30": "5.69%", "2007-03-31": "5.59%", "2006-12-31": "5.65%", "2006-09-30": "5.57%", "2006-06-30": "5.16%", "2006-03-31": "5.44%", "2005-12-31": "5.04%"}, "return on investments": {"2020-12-31": "11.05%", "2020-09-30": "10.96%", "2020-06-30": "11.66%", "2020-03-31": "13.49%", "2019-12-31": "15.10%", "2019-09-30": "15.71%", "2019-06-30": "15.83%", "2019-03-31": "15.79%", "2018-12-31": "15.26%", "2018-09-30": "15.01%", "2018-06-30": "15.13%", "2018-03-31": "15.08%", "2017-12-31": "15.39%", "2017-09-30": "14.63%", "2017-06-30": "14.30%", "2017-03-31": "13.86%", "2016-12-31": "13.78%", "2016-09-30": "13.59%", "2016-06-30": "13.75%", "2016-03-31": "14.09%", "2015-12-31": "13.71%", "2015-09-30": "14.94%", "2015-06-30": "15.72%", "2015-03-31": "16.71%", "2014-12-31": "17.00%", "2014-09-30": "17.17%", "2014-06-30": "16.98%", "2014-03-31": "16.54%", "2013-12-31": "17.11%", "2013-09-30": "16.67%", "2013-06-30": "16.16%", "2013-03-31": "16.89%", "2012-12-31": "17.37%", "2012-09-30": "18.07%", "2012-06-30": "19.56%", "2012-03-31": "19.27%", "2011-12-31": "18.61%", "2011-09-30": "17.71%", "2011-06-30": "16.52%", "2011-03-31": "15.81%", "2010-12-31": "15.60%", "2010-09-30": "15.10%", "2010-06-30": "14.15%", "2010-03-31": "12.69%", "2009-12-31": "11.80%", "2009-09-30": "13.64%", "2009-06-30": "15.85%", "2009-03-31": "18.06%", "2008-12-31": "19.34%", "2008-09-30": "18.56%", "2008-06-30": "17.33%", "2008-03-31": "16.72%", "2007-12-31": "16.50%", "2007-09-30": "16.04%", "2007-06-30": "16.23%", "2007-03-31": "16.04%", "2006-12-31": "16.02%", "2006-09-30": "15.86%", "2006-06-30": "14.72%", "2006-03-31": "14.33%", "2005-12-31": "13.59%"}, "return on tangible equity": {"2020-12-31": "13.52%", "2020-09-30": "13.39%", "2020-06-30": "13.91%", "2020-03-31": "15.98%", "2019-12-31": "17.80%", "2019-09-30": "17.97%", "2019-06-30": "18.19%", "2019-03-31": "17.76%", "2018-12-31": "16.67%", "2018-09-30": "36.57%", "2018-06-30": "36.94%", "2018-03-31": "37.95%", "2017-12-31": "39.80%", "2017-09-30": "14.68%", "2017-06-30": "14.42%", "2017-03-31": "13.79%", "2016-12-31": "13.49%", "2016-09-30": "13.11%", "2016-06-30": "13.11%", "2016-03-31": "13.39%", "2015-12-31": "12.77%", "2015-09-30": "13.93%", "2015-06-30": "14.70%", "2015-03-31": "15.76%", "2014-12-31": "16.41%", "2014-09-30": "16.79%", "2014-06-30": "16.92%", "2014-03-31": "16.76%", "2013-12-31": "18.18%", "2013-09-30": "17.93%", "2013-06-30": "17.34%", "2013-03-31": "18.09%", "2012-12-31": "17.79%", "2012-09-30": "18.39%", "2012-06-30": "19.70%", "2012-03-31": "19.61%", "2011-12-31": "18.43%", "2011-09-30": "17.35%", "2011-06-30": "16.11%", "2011-03-31": "14.52%", "2010-12-31": "13.91%", "2010-09-30": "13.08%", "2010-06-30": "11.97%", "2010-03-31": "10.83%", "2009-12-31": "10.26%", "2009-09-30": "12.02%", "2009-06-30": "14.24%", "2009-03-31": "16.28%", "2008-12-31": "17.42%", "2008-09-30": "16.83%", "2008-06-30": "15.54%", "2008-03-31": "14.97%", "2007-12-31": "14.96%", "2007-09-30": "14.86%", "2007-06-30": "15.28%", "2007-03-31": "15.07%", "2006-12-31": "15.25%", "2006-09-30": "15.14%", "2006-06-30": "14.19%", "2006-03-31": "15.25%", "2005-12-31": "14.61%"}, "dividend yield history": {"last payout": "$3.96", "last yield": "1.61%"}}