{"ticker": "NTRS", "price": {"title": "Northern Trust Historical Annual Stock Price Data", "value": 96.99, "historical": {"2021": {"Average Stock Price": "95.2271", "Year Open": "92.5000", "Year High": "99.6900", "Year Low": "89.1900", "Year Close": "96.9900", "Annual % Change": "4.13%"}, "2020": {"Average Stock Price": "84.8429", "Year Open": "107.5800", "Year High": "109.3800", "Year Low": "62.2200", "Year Close": "93.1400", "Annual % Change": "-12.33%"}, "2019": {"Average Stock Price": "94.1701", "Year Open": "84.0500", "Year High": "109.8800", "Year Low": "81.8900", "Year Close": "106.2400", "Annual % Change": "27.10%"}, "2018": {"Average Stock Price": "102.8222", "Year Open": "99.4600", "Year High": "111.6300", "Year Low": "77.2600", "Year Close": "83.5900", "Annual % Change": "-16.32%"}, "2017": {"Average Stock Price": "90.6341", "Year Open": "89.6400", "Year High": "100.3200", "Year Low": "82.6700", "Year Close": "99.8900", "Annual % Change": "12.17%"}, "2016": {"Average Stock Price": "69.9763", "Year Open": "70.5900", "Year High": "90.1500", "Year Low": "54.5000", "Year Close": "89.0500", "Annual % Change": "23.53%"}, "2015": {"Average Stock Price": "72.0700", "Year Open": "67.5500", "Year High": "78.6600", "Year Low": "61.7900", "Year Close": "72.0900", "Annual % Change": "6.96%"}, "2014": {"Average Stock Price": "64.3938", "Year Open": "60.8900", "Year High": "70.3300", "Year Low": "58.4000", "Year Close": "67.4000", "Annual % Change": "8.90%"}, "2013": {"Average Stock Price": "55.9263", "Year Open": "51.8100", "Year High": "61.8900", "Year Low": "49.7800", "Year Close": "61.8900", "Annual % Change": "23.39%"}, "2012": {"Average Stock Price": "45.8157", "Year Open": "40.6600", "Year High": "50.2100", "Year Low": "40.6100", "Year Close": "50.1600", "Annual % Change": "26.48%"}, "2011": {"Average Stock Price": "44.7815", "Year Open": "55.9300", "Year High": "56.5500", "Year Low": "34.0100", "Year Close": "39.6600", "Annual % Change": "-28.42%"}, "2010": {"Average Stock Price": "51.3339", "Year Open": "52.5300", "Year High": "59.0200", "Year Low": "45.8100", "Year Close": "55.4100", "Annual % Change": "5.74%"}, "2009": {"Average Stock Price": "55.5030", "Year Open": "53.2200", "Year High": "65.5400", "Year Low": "43.9300", "Year Close": "52.4000", "Annual % Change": "0.50%"}, "2008": {"Average Stock Price": "67.6338", "Year Open": "74.0600", "Year High": "87.2000", "Year Low": "34.4900", "Year Close": "52.1400", "Annual % Change": "-31.91%"}, "2007": {"Average Stock Price": "65.7903", "Year Open": "61.3100", "Year High": "80.9900", "Year Low": "56.8200", "Year Close": "76.5800", "Annual % Change": "26.18%"}, "2006": {"Average Stock Price": "55.8491", "Year Open": "52.3100", "Year High": "61.2900", "Year Low": "49.4200", "Year Close": "60.6900", "Annual % Change": "17.12%"}, "2005": {"Average Stock Price": "47.8007", "Year Open": "47.4300", "Year High": "54.8300", "Year Low": "41.6000", "Year Close": "51.8200", "Annual % Change": "6.67%"}, "2004": {"Average Stock Price": "44.2950", "Year Open": "46.1800", "Year High": "50.7600", "Year Low": "38.8700", "Year Close": "48.5800", "Annual % Change": "4.97%"}, "2003": {"Average Stock Price": "39.5725", "Year Open": "36.4700", "Year High": "48.0200", "Year Low": "28.2700", "Year Close": "46.2800", "Annual % Change": "32.04%"}, "2002": {"Average Stock Price": "46.2967", "Year Open": "59.5700", "Year High": "62.0200", "Year Low": "30.7400", "Year Close": "35.0500", "Annual % Change": "-41.80%"}, "2001": {"Average Stock Price": "62.4309", "Year Open": "80.0600", "Year High": "81.3000", "Year Low": "45.2500", "Year Close": "60.2200", "Annual % Change": "-26.16%"}, "2000": {"Average Stock Price": "71.5998", "Year Open": "50.4700", "Year High": "90.1900", "Year Low": "47.1900", "Year Close": "81.5600", "Annual % Change": "53.89%"}, "1999": {"Average Stock Price": "45.4811", "Year Open": "43.5300", "Year High": "53.8300", "Year Low": "40.4400", "Year Close": "53.0000", "Annual % Change": "21.41%"}, "1998": {"Average Stock Price": "36.5954", "Year Open": "34.8450", "Year High": "43.8150", "Year Low": "27.8750", "Year Close": "43.6550", "Annual % Change": "25.18%"}, "1997": {"Average Stock Price": "25.4943", "Year Open": "17.3750", "Year High": "35.1900", "Year Low": "17.3750", "Year Close": "34.8750", "Annual % Change": "92.41%"}, "1996": {"Average Stock Price": "15.0401", "Year Open": "13.6550", "Year High": "18.7500", "Year Low": "12.4050", "Year Close": "18.1250", "Annual % Change": "29.46%"}, "1995": {"Average Stock Price": "10.3254", "Year Open": "8.9375", "Year High": "14.0000", "Year Low": "8.0625", "Year Close": "14.0000", "Annual % Change": "60.00%"}, "1994": {"Average Stock Price": "9.7612", "Year Open": "9.9375", "Year High": "10.8125", "Year Low": "8.1250", "Year Close": "8.7500", "Annual % Change": "-11.66%"}, "1993": {"Average Stock Price": "10.6880", "Year Open": "10.5950", "Year High": "12.6250", "Year Low": "9.3125", "Year Close": "9.9050", "Annual % Change": "-5.67%"}, "1992": {"Average Stock Price": "9.4314", "Year Open": "8.3333", "Year High": "10.7500", "Year Low": "8.2083", "Year Close": "10.5000", "Annual % Change": "26.30%"}, "1991": {"Average Stock Price": "6.8113", "Year Open": "4.8750", "Year High": "8.5833", "Year Low": "4.5633", "Year Close": "8.3133", "Annual % Change": "69.08%"}}}, "market cap": {"value": "$20.34B"}, "income statement": {"Revenue": {"2020-12-31": "6301.10000", "2019-12-31": "6895.10000", "2018-12-31": "6658.90000", "2017-12-31": "5715.50000", "2016-12-31": "5143.80000", "2015-12-31": "4856.50000", "2014-12-31": "4512.60000", "2013-12-31": "4311.70000", "2012-12-31": "4193.50000", "2011-12-31": "4169.40000", "2010-12-31": "4025.70000", "2009-12-31": "4193.10000", "2008-12-31": "5677.90000", "2007-12-31": "5447.80000", "2006-12-31": "4501.10000", "2005-12-31": "3554.40000"}, "Cost Of Goods Sold": {"2020-12-31": "200.30000", "2019-12-31": "822.00000", "2018-12-31": "698.70000", "2017-12-31": "340.20000", "2016-12-31": "182.00000", "2015-12-31": "153.90000", "2014-12-31": "181.40000", "2013-12-31": "222.40000", "2012-12-31": "297.40000", "2011-12-31": "399.50000", "2010-12-31": "378.00000", "2009-12-31": "406.20000", "2008-12-31": "1399.40000", "2007-12-31": "1938.80000", "2006-12-31": "1505.00000", "2005-12-31": "929.20000"}, "Gross Profit": {"2020-12-31": "6100.80000", "2019-12-31": "6073.10000", "2018-12-31": "5960.20000", "2017-12-31": "5375.30000", "2016-12-31": "4961.80000", "2015-12-31": "4702.60000", "2014-12-31": "4331.20000", "2013-12-31": "4089.30000", "2012-12-31": "3896.10000", "2011-12-31": "3769.90000", "2010-12-31": "3647.70000", "2009-12-31": "3786.90000", "2008-12-31": "4278.50000", "2007-12-31": "3509.00000", "2006-12-31": "2996.10000", "2005-12-31": "2625.20000"}, "Research And Development Expenses": {"2020-12-31": "", "2019-12-31": "", "2018-12-31": "", "2017-12-31": "", "2016-12-31": "", "2015-12-31": "", "2014-12-31": "", "2013-12-31": "", "2012-12-31": "", "2011-12-31": "", "2010-12-31": "", "2009-12-31": "", "2008-12-31": "", "2007-12-31": "", "2006-12-31": "", "2005-12-31": ""}, "SG&A Expenses": {"2020-12-31": "4473.20000", "2019-12-31": "4129.00000", "2018-12-31": "4002.40000", "2017-12-31": "3741.40000", "2016-12-31": "3444.70000", "2015-12-31": "3237.60000", "2014-12-31": "3141.00000", "2013-12-31": "3013.80000", "2012-12-31": "2903.80000", "2011-12-31": "2886.20000", "2010-12-31": "2657.90000", "2009-12-31": "2531.70000", "2008-12-31": "3002.80000", "2007-12-31": "2448.20000", "2006-12-31": "1971.90000", "2005-12-31": "1737.40000"}, "Other Operating Income Or Expenses": {"2020-12-31": "", "2019-12-31": "", "2018-12-31": "", "2017-12-31": "", "2016-12-31": "", "2015-12-31": "", "2014-12-31": "", "2013-12-31": "", "2012-12-31": "", "2011-12-31": "", "2010-12-31": "", "2009-12-31": "", "2008-12-31": "", "2007-12-31": "", "2006-12-31": "", "2005-12-31": ""}, "Operating Expenses": {"2020-12-31": "4673.50000", "2019-12-31": "4951.00000", "2018-12-31": "4701.10000", "2017-12-31": "4081.60000", "2016-12-31": "3626.70000", "2015-12-31": "3391.50000", "2014-12-31": "3322.40000", "2013-12-31": "3236.20000", "2012-12-31": "3201.20000", "2011-12-31": "3285.70000", "2010-12-31": "3035.90000", "2009-12-31": "2937.90000", "2008-12-31": "4402.20000", "2007-12-31": "4387.00000", "2006-12-31": "3476.90000", "2005-12-31": "2666.60000"}, "Operating Income": {"2020-12-31": "1627.60000", "2019-12-31": "1944.10000", "2018-12-31": "1957.80000", "2017-12-31": "1633.90000", "2016-12-31": "1517.10000", "2015-12-31": "1465.00000", "2014-12-31": "1190.20000", "2013-12-31": "1075.50000", "2012-12-31": "992.30030", "2011-12-31": "883.70000", "2010-12-31": "989.80000", "2009-12-31": "1255.20000", "2008-12-31": "1275.70000", "2007-12-31": "1060.80000", "2006-12-31": "1024.20000", "2005-12-31": "887.79980"}, "Total Non-Operating Income/Expense": {"2020-12-31": "", "2019-12-31": "", "2018-12-31": "", "2017-12-31": "", "2016-12-31": "", "2015-12-31": "", "2014-12-31": "", "2013-12-31": "", "2012-12-31": "", "2011-12-31": "", "2010-12-31": "", "2009-12-31": "", "2008-12-31": "", "2007-12-31": "", "2006-12-31": "", "2005-12-31": ""}, "Pre-Tax Income": {"2020-12-31": "1627.60000", "2019-12-31": "1944.10000", "2018-12-31": "1957.80000", "2017-12-31": "1633.90000", "2016-12-31": "1517.10000", "2015-12-31": "1465.00000", "2014-12-31": "1190.20000", "2013-12-31": "1075.50000", "2012-12-31": "992.30000", "2011-12-31": "883.70000", "2010-12-31": "989.80000", "2009-12-31": "1255.20000", "2008-12-31": "1275.70000", "2007-12-31": "1060.80000", "2006-12-31": "1024.20000", "2005-12-31": "887.80000"}, "Income Taxes": {"2020-12-31": "418.30000", "2019-12-31": "451.90000", "2018-12-31": "401.40000", "2017-12-31": "434.90000", "2016-12-31": "484.60000", "2015-12-31": "491.20000", "2014-12-31": "378.40000", "2013-12-31": "344.20000", "2012-12-31": "305.00000", "2011-12-31": "280.10000", "2010-12-31": "320.30000", "2009-12-31": "391.00000", "2008-12-31": "480.90000", "2007-12-31": "333.90000", "2006-12-31": "358.80000", "2005-12-31": "303.40000"}, "Income After Taxes": {"2020-12-31": "1209.30000", "2019-12-31": "1492.20000", "2018-12-31": "1556.40000", "2017-12-31": "1199.00000", "2016-12-31": "1032.50000", "2015-12-31": "973.80000", "2014-12-31": "811.79990", "2013-12-31": "731.30000", "2012-12-31": "687.30000", "2011-12-31": "603.60000", "2010-12-31": "669.50000", "2009-12-31": "864.20000", "2008-12-31": "794.79990", "2007-12-31": "726.90000", "2006-12-31": "665.40000", "2005-12-31": "584.40000"}, "Other Income": {"2020-12-31": "", "2019-12-31": "", "2018-12-31": "", "2017-12-31": "", "2016-12-31": "", "2015-12-31": "", "2014-12-31": "", "2013-12-31": "", "2012-12-31": "", "2011-12-31": "", "2010-12-31": "", "2009-12-31": "", "2008-12-31": "", "2007-12-31": "", "2006-12-31": "", "2005-12-31": ""}, "Income From Continuous Operations": {"2020-12-31": "1209.30000", "2019-12-31": "1492.20000", "2018-12-31": "1556.40000", "2017-12-31": "1199.00000", "2016-12-31": "1032.50000", "2015-12-31": "973.80000", "2014-12-31": "811.79990", "2013-12-31": "731.30000", "2012-12-31": "687.30000", "2011-12-31": "603.60000", "2010-12-31": "669.50000", "2009-12-31": "864.20000", "2008-12-31": "794.79990", "2007-12-31": "726.90000", "2006-12-31": "665.40000", "2005-12-31": "584.40000"}, "Income From Discontinued Operations": {"2020-12-31": "", "2019-12-31": "", "2018-12-31": "", "2017-12-31": "", "2016-12-31": "", "2015-12-31": "", "2014-12-31": "", "2013-12-31": "", "2012-12-31": "", "2011-12-31": "", "2010-12-31": "", "2009-12-31": "", "2008-12-31": "", "2007-12-31": "", "2006-12-31": "", "2005-12-31": ""}, "Net Income": {"2020-12-31": "1141.00000", "2019-12-31": "1428.90000", "2018-12-31": "1489.90000", "2017-12-31": "1130.40000", "2016-12-31": "990.40000", "2015-12-31": "935.00000", "2014-12-31": "789.00000", "2013-12-31": "719.40000", "2012-12-31": "677.30000", "2011-12-31": "596.50000", "2010-12-31": "663.90000", "2009-12-31": "753.10000", "2008-12-31": "782.80000", "2007-12-31": "726.90000", "2006-12-31": "665.40000", "2005-12-31": "584.40000"}, "EBITDA": {"2020-12-31": "", "2019-12-31": "", "2018-12-31": "", "2017-12-31": "", "2016-12-31": "", "2015-12-31": "", "2014-12-31": "", "2013-12-31": "", "2012-12-31": "", "2011-12-31": "", "2010-12-31": "", "2009-12-31": "", "2008-12-31": "", "2007-12-31": "", "2006-12-31": "", "2005-12-31": ""}, "EBIT": {"2020-12-31": "", "2019-12-31": "", "2018-12-31": "", "2017-12-31": "", "2016-12-31": "", "2015-12-31": "", "2014-12-31": "", "2013-12-31": "", "2012-12-31": "", "2011-12-31": "", "2010-12-31": "", "2009-12-31": "", "2008-12-31": "", "2007-12-31": "", "2006-12-31": "", "2005-12-31": ""}, "Basic Shares Outstanding": {"2020-12-31": "208.31900", "2019-12-31": "214.52600", "2018-12-31": "223.14800", "2017-12-31": "228.25800", "2016-12-31": "227.58100", "2015-12-31": "232.28000", "2014-12-31": "235.83000", "2013-12-31": "239.26500", "2012-12-31": "240.41800", "2011-12-31": "241.40100", "2010-12-31": "242.02900", "2009-12-31": "235.51190", "2008-12-31": "221.44640", "2007-12-31": "219.68060", "2006-12-31": "217.76600", "2005-12-31": "218.10200"}, "Shares Outstanding": {"2020-12-31": "209.00800", "2019-12-31": "215.60100", "2018-12-31": "224.48800", "2017-12-31": "229.65400", "2016-12-31": "229.15100", "2015-12-31": "234.22200", "2014-12-31": "237.72000", "2013-12-31": "240.55500", "2012-12-31": "240.88100", "2011-12-31": "241.81100", "2010-12-31": "242.50300", "2009-12-31": "236.41600", "2008-12-31": "224.05340", "2007-12-31": "223.07920", "2006-12-31": "221.78410", "2005-12-31": "221.55720"}, "Basic EPS": {"2020-12-31": "5.48000", "2019-12-31": "6.66000", "2018-12-31": "6.68000", "2017-12-31": "4.95000", "2016-12-31": "4.35000", "2015-12-31": "4.03000", "2014-12-31": "3.34000", "2013-12-31": "3.01000", "2012-12-31": "2.82000", "2011-12-31": "2.47000", "2010-12-31": "2.74000", "2009-12-31": "3.18000", "2008-12-31": "3.51000", "2007-12-31": "3.28000", "2006-12-31": "3.06000", "2005-12-31": "2.68000"}, "EPS - Earnings Per Share": {"2020-12-31": "5.46000", "2019-12-31": "6.63000", "2018-12-31": "6.64000", "2017-12-31": "4.92000", "2016-12-31": "4.32000", "2015-12-31": "3.99000", "2014-12-31": "3.32000", "2013-12-31": "2.99000", "2012-12-31": "2.81000", "2011-12-31": "2.47000", "2010-12-31": "2.74000", "2009-12-31": "3.16000", "2008-12-31": "3.47000", "2007-12-31": "3.23000", "2006-12-31": "3.00000", "2005-12-31": "2.64000"}}, "income statement, quarterly": {"Revenue": {"2020-12-31": "1540.10000", "2020-09-30": "1511.90000", "2020-06-30": "1540.30000", "2020-03-31": "1708.80000", "2019-12-31": "1703.00000", "2019-09-30": "1741.00000", "2019-06-30": "1729.40000", "2019-03-31": "1721.70000", "2018-12-31": "1735.20000", "2018-09-30": "1665.30000", "2018-06-30": "1660.50000", "2018-03-31": "1597.90000", "2017-12-31": "1532.60000", "2017-09-30": "1444.80000", "2017-06-30": "1396.90000", "2017-03-31": "1341.20000", "2016-12-31": "1288.10000", "2016-09-30": "1259.80000", "2016-06-30": "1361.70000", "2016-03-31": "1234.20000", "2015-12-31": "1198.00000", "2015-09-30": "1192.30000", "2015-06-30": "1293.50000", "2015-03-31": "1172.70000", "2014-12-31": "1170.10000", "2014-09-30": "1123.40000", "2014-06-30": "1128.90000", "2014-03-31": "1090.20000", "2013-12-31": "1097.70000", "2013-09-30": "1101.30000", "2013-06-30": "1075.70000", "2013-03-31": "1037.00000", "2012-12-31": "1037.60000", "2012-09-30": "1050.00000", "2012-06-30": "1055.90000", "2012-03-31": "1050.00000", "2011-12-31": "1038.60000", "2011-09-30": "1061.80000", "2011-06-30": "1058.40000", "2011-03-31": "1010.60000", "2010-12-31": "1008.40000", "2010-09-30": "986.20000", "2010-06-30": "1049.30000", "2010-03-31": "981.80000", "2009-12-31": "1030.50000", "2009-09-30": "1012.60000", "2009-06-30": "1139.70000", "2009-03-31": "1010.30000", "2008-12-31": "1373.00000", "2008-09-30": "1313.70000", "2008-06-30": "1434.20000", "2008-03-31": "1557.00000", "2007-12-31": "1454.30000", "2007-09-30": "1381.40000", "2007-06-30": "1351.50000", "2007-03-31": "1260.60000", "2006-12-31": "1220.10000", "2006-09-30": "1117.40000", "2006-06-30": "1134.10000", "2006-03-31": "1029.50000", "2005-12-31": "947.09990", "2005-09-30": "912.00000", "2005-06-30": "902.40000", "2005-03-31": "792.90000"}, "Cost Of Goods Sold": {"2020-12-31": "18.20000", "2020-09-30": "26.80000", "2020-06-30": "34.20000", "2020-03-31": "121.10000", "2019-12-31": "155.30000", "2019-09-30": "203.10000", "2019-06-30": "222.80000", "2019-03-31": "240.80000", "2018-12-31": "231.40000", "2018-09-30": "191.00000", "2018-06-30": "154.40000", "2018-03-31": "121.90000", "2017-12-31": "108.10000", "2017-09-30": "99.60000", "2017-06-30": "75.70000", "2017-03-31": "56.80000", "2016-12-31": "46.70000", "2016-09-30": "46.10000", "2016-06-30": "45.00000", "2016-03-31": "44.20000", "2015-12-31": "41.30000", "2015-09-30": "36.80000", "2015-06-30": "37.60000", "2015-03-31": "38.20000", "2014-12-31": "40.00000", "2014-09-30": "44.50000", "2014-06-30": "47.20000", "2014-03-31": "49.70000", "2013-12-31": "52.50000", "2013-09-30": "54.10000", "2013-06-30": "55.20000", "2013-03-31": "60.60000", "2012-12-31": "67.90000", "2012-09-30": "77.50000", "2012-06-30": "67.40000", "2012-03-31": "84.60000", "2011-12-31": "82.90000", "2011-09-30": "90.30000", "2011-06-30": "113.60000", "2011-03-31": "112.70000", "2010-12-31": "112.30000", "2010-09-30": "96.70000", "2010-06-30": "85.10000", "2010-03-31": "83.90000", "2009-12-31": "90.10000", "2009-09-30": "94.90000", "2009-06-30": "104.50000", "2009-03-31": "116.70000", "2008-12-31": "235.50000", "2008-09-30": "387.50000", "2008-06-30": "352.80000", "2008-03-31": "423.60000", "2007-12-31": "496.20010", "2007-09-30": "507.70000", "2007-06-30": "482.50000", "2007-03-31": "452.40000", "2006-12-31": "461.40000", "2006-09-30": "383.90000", "2006-06-30": "357.90000", "2006-03-31": "301.80000", "2005-12-31": "271.50000", "2005-09-30": "241.90000", "2005-06-30": "229.70000", "2005-03-31": "186.10000"}, "Gross Profit": {"2020-12-31": "1521.90000", "2020-09-30": "1485.10000", "2020-06-30": "1506.10000", "2020-03-31": "1587.70000", "2019-12-31": "1547.70000", "2019-09-30": "1537.90000", "2019-06-30": "1506.60000", "2019-03-31": "1480.90000", "2018-12-31": "1503.80000", "2018-09-30": "1474.30000", "2018-06-30": "1506.10000", "2018-03-31": "1476.00000", "2017-12-31": "1424.50000", "2017-09-30": "1345.20000", "2017-06-30": "1321.20000", "2017-03-31": "1284.40000", "2016-12-31": "1241.40000", "2016-09-30": "1213.70000", "2016-06-30": "1316.70000", "2016-03-31": "1190.00000", "2015-12-31": "1156.70000", "2015-09-30": "1155.50000", "2015-06-30": "1255.90000", "2015-03-31": "1134.50000", "2014-12-31": "1130.10000", "2014-09-30": "1078.90000", "2014-06-30": "1081.70000", "2014-03-31": "1040.50000", "2013-12-31": "1045.20000", "2013-09-30": "1047.20000", "2013-06-30": "1020.50000", "2013-03-31": "976.40000", "2012-12-31": "969.70010", "2012-09-30": "972.50000", "2012-06-30": "988.50000", "2012-03-31": "965.40000", "2011-12-31": "955.69970", "2011-09-30": "971.50010", "2011-06-30": "944.80000", "2011-03-31": "897.90000", "2010-12-31": "896.10000", "2010-09-30": "889.50000", "2010-06-30": "964.20010", "2010-03-31": "897.90000", "2009-12-31": "940.40000", "2009-09-30": "917.70000", "2009-06-30": "1035.20000", "2009-03-31": "893.60000", "2008-12-31": "1137.50000", "2008-09-30": "926.20000", "2008-06-30": "1081.40000", "2008-03-31": "1133.40000", "2007-12-31": "958.09970", "2007-09-30": "873.70000", "2007-06-30": "869.00000", "2007-03-31": "808.20010", "2006-12-31": "758.69960", "2006-09-30": "733.49990", "2006-06-30": "776.20000", "2006-03-31": "727.70000", "2005-12-31": "675.59990", "2005-09-30": "670.10000", "2005-06-30": "672.70000", "2005-03-31": "606.80000"}, "Research And Development Expenses": {"2020-12-31": "", "2020-09-30": "", "2020-06-30": "", "2020-03-31": "", "2019-12-31": "", "2019-09-30": "", "2019-06-30": "", "2019-03-31": "", "2018-12-31": "", "2018-09-30": "", "2018-06-30": "", "2018-03-31": "", "2017-12-31": "", "2017-09-30": "", "2017-06-30": "", "2017-03-31": "", "2016-12-31": "", "2016-09-30": "", "2016-06-30": "", "2016-03-31": "", "2015-12-31": "", "2015-09-30": "", "2015-06-30": "", "2015-03-31": "", "2014-12-31": "", "2014-09-30": "", "2014-06-30": "", "2014-03-31": "", "2013-12-31": "", "2013-09-30": "", "2013-06-30": "", "2013-03-31": "", "2012-12-31": "", "2012-09-30": "", "2012-06-30": "", "2012-03-31": "", "2011-12-31": "", "2011-09-30": "", "2011-06-30": "", "2011-03-31": "", "2010-12-31": "", "2010-09-30": "", "2010-06-30": "", "2010-03-31": "", "2009-12-31": "", "2009-09-30": "", "2009-06-30": "", "2009-03-31": "", "2008-12-31": "", "2008-09-30": "", "2008-06-30": "", "2008-03-31": "", "2007-12-31": "", "2007-09-30": "", "2007-06-30": "", "2007-03-31": "", "2006-12-31": "", "2006-09-30": "", "2006-06-30": "", "2006-03-31": "", "2005-12-31": "", "2005-09-30": "", "2005-06-30": "", "2005-03-31": ""}, "SG&A Expenses": {"2020-12-31": "1148.50000", "2020-09-30": "1095.20000", "2020-06-30": "1102.90000", "2020-03-31": "1126.60000", "2019-12-31": "1071.30000", "2019-09-30": "1029.30000", "2019-06-30": "999.70000", "2019-03-31": "1028.70000", "2018-12-31": "1017.90000", "2018-09-30": "993.30000", "2018-06-30": "998.90000", "2018-03-31": "992.30000", "2017-12-31": "988.90000", "2017-09-30": "928.60000", "2017-06-30": "930.40000", "2017-03-31": "893.50000", "2016-12-31": "851.90000", "2016-09-30": "840.00000", "2016-06-30": "922.00000", "2016-03-31": "830.80000", "2015-12-31": "806.30020", "2015-09-30": "802.30000", "2015-06-30": "844.50000", "2015-03-31": "784.50000", "2014-12-31": "784.30000", "2014-09-30": "774.70000", "2014-06-30": "811.00000", "2014-03-31": "771.00000", "2013-12-31": "799.50000", "2013-09-30": "745.70000", "2013-06-30": "734.70000", "2013-03-31": "733.90000", "2012-12-31": "746.49990", "2012-09-30": "706.40000", "2012-06-30": "722.30000", "2012-03-31": "728.60000", "2011-12-31": "784.29990", "2011-09-30": "718.70000", "2011-06-30": "715.30000", "2011-03-31": "667.90000", "2010-12-31": "681.70000", "2010-09-30": "652.10000", "2010-06-30": "664.40000", "2010-03-31": "659.70010", "2009-12-31": "661.29990", "2009-09-30": "659.20000", "2009-06-30": "562.70000", "2009-03-31": "648.49990", "2008-12-31": "615.20000", "2008-09-30": "1179.00000", "2008-06-30": "653.30000", "2008-03-31": "555.30000", "2007-12-31": "790.40000", "2007-09-30": "572.60000", "2007-06-30": "559.30000", "2007-03-31": "525.90000", "2006-12-31": "516.60000", "2006-09-30": "483.00000", "2006-06-30": "495.00000", "2006-03-31": "477.30000", "2005-12-31": "456.70000", "2005-09-30": "444.10000", "2005-06-30": "441.60000", "2005-03-31": "395.00000"}, "Other Operating Income Or Expenses": {"2020-12-31": "", "2020-09-30": "", "2020-06-30": "", "2020-03-31": "", "2019-12-31": "", "2019-09-30": "", "2019-06-30": "", "2019-03-31": "", "2018-12-31": "", "2018-09-30": "", "2018-06-30": "", "2018-03-31": "", "2017-12-31": "", "2017-09-30": "", "2017-06-30": "", "2017-03-31": "", "2016-12-31": "", "2016-09-30": "", "2016-06-30": "", "2016-03-31": "", "2015-12-31": "", "2015-09-30": "", "2015-06-30": "", "2015-03-31": "", "2014-12-31": "", "2014-09-30": "", "2014-06-30": "", "2014-03-31": "", "2013-12-31": "", "2013-09-30": "", "2013-06-30": "", "2013-03-31": "", "2012-12-31": "", "2012-09-30": "", "2012-06-30": "", "2012-03-31": "", "2011-12-31": "", "2011-09-30": "", "2011-06-30": "", "2011-03-31": "", "2010-12-31": "", "2010-09-30": "", "2010-06-30": "", "2010-03-31": "", "2009-12-31": "", "2009-09-30": "", "2009-06-30": "", "2009-03-31": "", "2008-12-31": "", "2008-09-30": "", "2008-06-30": "", "2008-03-31": "", "2007-12-31": "", "2007-09-30": "", "2007-06-30": "", "2007-03-31": "", "2006-12-31": "", "2006-09-30": "", "2006-06-30": "", "2006-03-31": "", "2005-12-31": "", "2005-09-30": "", "2005-06-30": "", "2005-03-31": ""}, "Operating Expenses": {"2020-12-31": "1166.70000", "2020-09-30": "1122.00000", "2020-06-30": "1137.10000", "2020-03-31": "1247.70000", "2019-12-31": "1226.60000", "2019-09-30": "1232.40000", "2019-06-30": "1222.50000", "2019-03-31": "1269.50000", "2018-12-31": "1249.30000", "2018-09-30": "1184.30000", "2018-06-30": "1153.30000", "2018-03-31": "1114.20000", "2017-12-31": "1097.00000", "2017-09-30": "1028.20000", "2017-06-30": "1006.10000", "2017-03-31": "950.30000", "2016-12-31": "898.60000", "2016-09-30": "886.10000", "2016-06-30": "967.00000", "2016-03-31": "875.00000", "2015-12-31": "847.60020", "2015-09-30": "839.10000", "2015-06-30": "882.10000", "2015-03-31": "822.70000", "2014-12-31": "824.30000", "2014-09-30": "819.20000", "2014-06-30": "858.20000", "2014-03-31": "820.70000", "2013-12-31": "852.00000", "2013-09-30": "799.79990", "2013-06-30": "789.90000", "2013-03-31": "794.50000", "2012-12-31": "814.40000", "2012-09-30": "783.90000", "2012-06-30": "789.70000", "2012-03-31": "813.20000", "2011-12-31": "867.19990", "2011-09-30": "809.00000", "2011-06-30": "828.90000", "2011-03-31": "780.60000", "2010-12-31": "793.99990", "2010-09-30": "748.80000", "2010-06-30": "749.50000", "2010-03-31": "743.60010", "2009-12-31": "751.40000", "2009-09-30": "754.10000", "2009-06-30": "667.20000", "2009-03-31": "765.20000", "2008-12-31": "850.70010", "2008-09-30": "1566.50000", "2008-06-30": "1006.10000", "2008-03-31": "978.90000", "2007-12-31": "1286.60000", "2007-09-30": "1080.30000", "2007-06-30": "1041.80000", "2007-03-31": "978.29990", "2006-12-31": "977.99990", "2006-09-30": "866.90000", "2006-06-30": "852.90000", "2006-03-31": "779.10000", "2005-12-31": "728.20010", "2005-09-30": "686.00000", "2005-06-30": "671.30000", "2005-03-31": "581.10000"}, "Operating Income": {"2020-12-31": "373.40000", "2020-09-30": "389.90000", "2020-06-30": "403.20010", "2020-03-31": "461.10010", "2019-12-31": "476.40030", "2019-09-30": "508.60000", "2019-06-30": "506.89990", "2019-03-31": "452.20000", "2018-12-31": "485.89940", "2018-09-30": "481.00000", "2018-06-30": "507.20000", "2018-03-31": "483.70000", "2017-12-31": "435.60030", "2017-09-30": "416.60010", "2017-06-30": "390.80000", "2017-03-31": "390.90000", "2016-12-31": "389.49980", "2016-09-30": "373.70010", "2016-06-30": "394.70000", "2016-03-31": "359.20000", "2015-12-31": "350.39980", "2015-09-30": "353.20000", "2015-06-30": "411.40000", "2015-03-31": "349.99990", "2014-12-31": "345.80030", "2014-09-30": "304.20000", "2014-06-30": "270.69990", "2014-03-31": "269.49990", "2013-12-31": "245.70020", "2013-09-30": "301.50010", "2013-06-30": "285.79990", "2013-03-31": "242.50000", "2012-12-31": "223.20010", "2012-09-30": "266.10000", "2012-06-30": "266.20000", "2012-03-31": "236.80000", "2011-12-31": "171.39980", "2011-09-30": "252.80000", "2011-06-30": "229.50000", "2011-03-31": "229.99990", "2010-12-31": "214.40000", "2010-09-30": "237.40000", "2010-06-30": "299.80000", "2010-03-31": "238.19990", "2009-12-31": "279.10000", "2009-09-30": "258.50000", "2009-06-30": "472.49990", "2009-03-31": "245.10000", "2008-12-31": "522.30020", "2008-09-30": "-252.80000", "2008-06-30": "428.09990", "2008-03-31": "578.10000", "2007-12-31": "167.69970", "2007-09-30": "301.10000", "2007-06-30": "309.70000", "2007-03-31": "282.30020", "2006-12-31": "242.09970", "2006-09-30": "250.49990", "2006-06-30": "281.20000", "2006-03-31": "250.40000", "2005-12-31": "218.89980", "2005-09-30": "226.00000", "2005-06-30": "231.10000", "2005-03-31": "211.80000"}, "Total Non-Operating Income/Expense": {"2020-12-31": "", "2020-09-30": "", "2020-06-30": "", "2020-03-31": "", "2019-12-31": "", "2019-09-30": "", "2019-06-30": "", "2019-03-31": "", "2018-12-31": "", "2018-09-30": "", "2018-06-30": "", "2018-03-31": "", "2017-12-31": "", "2017-09-30": "", "2017-06-30": "", "2017-03-31": "", "2016-12-31": "", "2016-09-30": "", "2016-06-30": "", "2016-03-31": "", "2015-12-31": "", "2015-09-30": "", "2015-06-30": "", "2015-03-31": "", "2014-12-31": "", "2014-09-30": "", "2014-06-30": "", "2014-03-31": "", "2013-12-31": "", "2013-09-30": "", "2013-06-30": "", "2013-03-31": "", "2012-12-31": "", "2012-09-30": "", "2012-06-30": "", "2012-03-31": "", "2011-12-31": "", "2011-09-30": "", "2011-06-30": "", "2011-03-31": "", "2010-12-31": "", "2010-09-30": "", "2010-06-30": "", "2010-03-31": "", "2009-12-31": "", "2009-09-30": "", "2009-06-30": "", "2009-03-31": "", "2008-12-31": "", "2008-09-30": "", "2008-06-30": "", "2008-03-31": "", "2007-12-31": "", "2007-09-30": "", "2007-06-30": "", "2007-03-31": "", "2006-12-31": "", "2006-09-30": "", "2006-06-30": "", "2006-03-31": "", "2005-12-31": "", "2005-09-30": "", "2005-06-30": "", "2005-03-31": ""}, "Pre-Tax Income": {"2020-12-31": "373.40000", "2020-09-30": "389.90000", "2020-06-30": "403.20000", "2020-03-31": "461.10000", "2019-12-31": "476.40000", "2019-09-30": "508.60000", "2019-06-30": "506.90000", "2019-03-31": "452.20000", "2018-12-31": "485.90000", "2018-09-30": "481.00000", "2018-06-30": "507.20000", "2018-03-31": "483.70000", "2017-12-31": "435.60010", "2017-09-30": "416.60000", "2017-06-30": "390.80000", "2017-03-31": "390.90000", "2016-12-31": "389.49990", "2016-09-30": "373.70000", "2016-06-30": "394.70000", "2016-03-31": "359.20000", "2015-12-31": "350.40000", "2015-09-30": "353.20000", "2015-06-30": "411.40000", "2015-03-31": "350.00000", "2014-12-31": "345.79990", "2014-09-30": "304.20000", "2014-06-30": "270.70000", "2014-03-31": "269.50000", "2013-12-31": "245.70000", "2013-09-30": "301.50000", "2013-06-30": "285.80000", "2013-03-31": "242.50000", "2012-12-31": "223.19990", "2012-09-30": "266.10000", "2012-06-30": "266.20000", "2012-03-31": "236.80000", "2011-12-31": "171.40000", "2011-09-30": "252.80000", "2011-06-30": "229.50000", "2011-03-31": "230.00000", "2010-12-31": "214.40000", "2010-09-30": "237.40000", "2010-06-30": "299.80000", "2010-03-31": "238.20000", "2009-12-31": "279.09990", "2009-09-30": "258.50000", "2009-06-30": "472.50000", "2009-03-31": "245.10000", "2008-12-31": "522.30000", "2008-09-30": "-252.80000", "2008-06-30": "428.10000", "2008-03-31": "578.10000", "2007-12-31": "167.70010", "2007-09-30": "301.10000", "2007-06-30": "309.70000", "2007-03-31": "282.30000", "2006-12-31": "242.09990", "2006-09-30": "250.50000", "2006-06-30": "281.20000", "2006-03-31": "250.40000", "2005-12-31": "218.90000", "2005-09-30": "226.00000", "2005-06-30": "231.10000", "2005-03-31": "211.80000"}, "Income Taxes": {"2020-12-31": "132.50000", "2020-09-30": "95.40000", "2020-06-30": "89.90000", "2020-03-31": "100.50000", "2019-12-31": "105.30000", "2019-09-30": "124.00000", "2019-06-30": "117.50000", "2019-03-31": "105.10000", "2018-12-31": "76.00000", "2018-09-30": "106.50000", "2018-06-30": "116.80000", "2018-03-31": "102.10000", "2017-12-31": "79.00000", "2017-09-30": "118.20000", "2017-06-30": "122.90000", "2017-03-31": "114.80000", "2016-12-31": "123.00000", "2016-09-30": "116.10000", "2016-06-30": "131.70000", "2016-03-31": "113.80000", "2015-12-31": "111.10000", "2015-09-30": "118.60000", "2015-06-30": "142.20000", "2015-03-31": "119.30000", "2014-12-31": "101.80000", "2014-09-30": "99.70000", "2014-06-30": "88.80000", "2014-03-31": "88.10000", "2013-12-31": "76.00000", "2013-09-30": "95.00000", "2013-06-30": "94.70000", "2013-03-31": "78.50000", "2012-12-31": "55.50000", "2012-09-30": "87.30000", "2012-06-30": "86.60000", "2012-03-31": "75.60000", "2011-12-31": "41.20000", "2011-09-30": "82.40000", "2011-06-30": "77.50000", "2011-03-31": "79.00000", "2010-12-31": "57.30000", "2010-09-30": "81.80000", "2010-06-30": "100.20000", "2010-03-31": "81.00000", "2009-12-31": "78.80000", "2009-09-30": "70.60000", "2009-06-30": "158.30000", "2009-03-31": "83.30000", "2008-12-31": "180.00000", "2008-09-30": "-104.50000", "2008-06-30": "212.50000", "2008-03-31": "192.90000", "2007-12-31": "42.70000", "2007-09-30": "92.80000", "2007-06-30": "102.80000", "2007-03-31": "95.60000", "2006-12-31": "71.30000", "2006-09-30": "86.80000", "2006-06-30": "113.30000", "2006-03-31": "87.40000", "2005-12-31": "71.30000", "2005-09-30": "78.30000", "2005-06-30": "81.10000", "2005-03-31": "72.70000"}, "Income After Taxes": {"2020-12-31": "240.90000", "2020-09-30": "294.50000", "2020-06-30": "313.30000", "2020-03-31": "360.60000", "2019-12-31": "371.09990", "2019-09-30": "384.60000", "2019-06-30": "389.40000", "2019-03-31": "347.10000", "2018-12-31": "409.90000", "2018-09-30": "374.50000", "2018-06-30": "390.40000", "2018-03-31": "381.60000", "2017-12-31": "356.60000", "2017-09-30": "298.40000", "2017-06-30": "267.90000", "2017-03-31": "276.10000", "2016-12-31": "266.50000", "2016-09-30": "257.60000", "2016-06-30": "263.00000", "2016-03-31": "245.40000", "2015-12-31": "239.29990", "2015-09-30": "234.60000", "2015-06-30": "269.20000", "2015-03-31": "230.70000", "2014-12-31": "243.99990", "2014-09-30": "204.50000", "2014-06-30": "181.90000", "2014-03-31": "181.40000", "2013-12-31": "169.70000", "2013-09-30": "206.50000", "2013-06-30": "191.10000", "2013-03-31": "164.00000", "2012-12-31": "167.70000", "2012-09-30": "178.80000", "2012-06-30": "179.60000", "2012-03-31": "161.20000", "2011-12-31": "130.20000", "2011-09-30": "170.40000", "2011-06-30": "152.00000", "2011-03-31": "151.00000", "2010-12-31": "157.10010", "2010-09-30": "155.60000", "2010-06-30": "199.60000", "2010-03-31": "157.20000", "2009-12-31": "200.29990", "2009-09-30": "187.90000", "2009-06-30": "314.20000", "2009-03-31": "161.80000", "2008-12-31": "342.29990", "2008-09-30": "-148.30000", "2008-06-30": "215.60000", "2008-03-31": "385.20000", "2007-12-31": "125.00000", "2007-09-30": "208.30000", "2007-06-30": "206.90000", "2007-03-31": "186.70000", "2006-12-31": "170.79990", "2006-09-30": "163.70000", "2006-06-30": "167.90000", "2006-03-31": "163.00000", "2005-12-31": "147.60000", "2005-09-30": "147.70000", "2005-06-30": "150.00000", "2005-03-31": "139.10000"}, "Other Income": {"2020-12-31": "", "2020-09-30": "", "2020-06-30": "", "2020-03-31": "", "2019-12-31": "", "2019-09-30": "", "2019-06-30": "", "2019-03-31": "", "2018-12-31": "", "2018-09-30": "", "2018-06-30": "", "2018-03-31": "", "2017-12-31": "", "2017-09-30": "", "2017-06-30": "", "2017-03-31": "", "2016-12-31": "", "2016-09-30": "", "2016-06-30": "", "2016-03-31": "", "2015-12-31": "", "2015-09-30": "", "2015-06-30": "", "2015-03-31": "", "2014-12-31": "", "2014-09-30": "", "2014-06-30": "", "2014-03-31": "", "2013-12-31": "", "2013-09-30": "", "2013-06-30": "", "2013-03-31": "", "2012-12-31": "", "2012-09-30": "", "2012-06-30": "", "2012-03-31": "", "2011-12-31": "", "2011-09-30": "", "2011-06-30": "", "2011-03-31": "", "2010-12-31": "", "2010-09-30": "", "2010-06-30": "", "2010-03-31": "", "2009-12-31": "", "2009-09-30": "", "2009-06-30": "", "2009-03-31": "", "2008-12-31": "", "2008-09-30": "", "2008-06-30": "", "2008-03-31": "", "2007-12-31": "", "2007-09-30": "", "2007-06-30": "", "2007-03-31": "", "2006-12-31": "", "2006-09-30": "", "2006-06-30": "", "2006-03-31": "", "2005-12-31": "", "2005-09-30": "", "2005-06-30": "", "2005-03-31": ""}, "Income From Continuous Operations": {"2020-12-31": "240.90000", "2020-09-30": "294.50000", "2020-06-30": "313.30000", "2020-03-31": "360.60000", "2019-12-31": "371.09990", "2019-09-30": "384.60000", "2019-06-30": "389.40000", "2019-03-31": "347.10000", "2018-12-31": "409.90000", "2018-09-30": "374.50000", "2018-06-30": "390.40000", "2018-03-31": "381.60000", "2017-12-31": "356.60000", "2017-09-30": "298.40000", "2017-06-30": "267.90000", "2017-03-31": "276.10000", "2016-12-31": "266.50000", "2016-09-30": "257.60000", "2016-06-30": "263.00000", "2016-03-31": "245.40000", "2015-12-31": "239.29990", "2015-09-30": "234.60000", "2015-06-30": "269.20000", "2015-03-31": "230.70000", "2014-12-31": "243.99990", "2014-09-30": "204.50000", "2014-06-30": "181.90000", "2014-03-31": "181.40000", "2013-12-31": "169.70000", "2013-09-30": "206.50000", "2013-06-30": "191.10000", "2013-03-31": "164.00000", "2012-12-31": "167.70000", "2012-09-30": "178.80000", "2012-06-30": "179.60000", "2012-03-31": "161.20000", "2011-12-31": "130.20000", "2011-09-30": "170.40000", "2011-06-30": "152.00000", "2011-03-31": "151.00000", "2010-12-31": "157.10010", "2010-09-30": "155.60000", "2010-06-30": "199.60000", "2010-03-31": "157.20000", "2009-12-31": "200.29990", "2009-09-30": "187.90000", "2009-06-30": "314.20000", "2009-03-31": "161.80000", "2008-12-31": "342.29990", "2008-09-30": "-148.30000", "2008-06-30": "215.60000", "2008-03-31": "385.20000", "2007-12-31": "125.00000", "2007-09-30": "208.30000", "2007-06-30": "206.90000", "2007-03-31": "186.70000", "2006-12-31": "170.79990", "2006-09-30": "163.70000", "2006-06-30": "167.90000", "2006-03-31": "163.00000", "2005-12-31": "147.60000", "2005-09-30": "147.70000", "2005-06-30": "150.00000", "2005-03-31": "139.10000"}, "Income From Discontinued Operations": {"2020-12-31": "", "2020-09-30": "", "2020-06-30": "", "2020-03-31": "", "2019-12-31": "", "2019-09-30": "", "2019-06-30": "", "2019-03-31": "", "2018-12-31": "", "2018-09-30": "", "2018-06-30": "", "2018-03-31": "", "2017-12-31": "", "2017-09-30": "", "2017-06-30": "", "2017-03-31": "", "2016-12-31": "", "2016-09-30": "", "2016-06-30": "", "2016-03-31": "", "2015-12-31": "", "2015-09-30": "", "2015-06-30": "", "2015-03-31": "", "2014-12-31": "", "2014-09-30": "", "2014-06-30": "", "2014-03-31": "", "2013-12-31": "", "2013-09-30": "", "2013-06-30": "", "2013-03-31": "", "2012-12-31": "", "2012-09-30": "", "2012-06-30": "", "2012-03-31": "", "2011-12-31": "", "2011-09-30": "", "2011-06-30": "", "2011-03-31": "", "2010-12-31": "", "2010-09-30": "", "2010-06-30": "", "2010-03-31": "", "2009-12-31": "", "2009-09-30": "", "2009-06-30": "", "2009-03-31": "", "2008-12-31": "", "2008-09-30": "", "2008-06-30": "", "2008-03-31": "", "2007-12-31": "", "2007-09-30": "", "2007-06-30": "", "2007-03-31": "", "2006-12-31": "", "2006-09-30": "", "2006-06-30": "", "2006-03-31": "", "2005-12-31": "", "2005-09-30": "", "2005-06-30": "", "2005-03-31": ""}, "Net Income": {"2020-12-31": "234.70000", "2020-09-30": "278.30000", "2020-06-30": "308.50000", "2020-03-31": "330.10000", "2019-12-31": "348.40000", "2019-09-30": "367.20000", "2019-06-30": "383.50000", "2019-03-31": "329.80000", "2018-12-31": "383.90000", "2018-09-30": "357.20000", "2018-06-30": "384.50000", "2018-03-31": "364.30000", "2017-12-31": "336.40010", "2017-09-30": "281.10000", "2017-06-30": "262.00000", "2017-03-31": "250.90000", "2016-12-31": "246.10000", "2016-09-30": "251.70000", "2016-06-30": "257.20000", "2016-03-31": "235.40000", "2015-12-31": "218.00000", "2015-09-30": "228.80000", "2015-06-30": "263.40000", "2015-03-31": "224.80000", "2014-12-31": "221.20000", "2014-09-30": "204.50000", "2014-06-30": "181.90000", "2014-03-31": "181.40000", "2013-12-31": "161.00000", "2013-09-30": "206.50000", "2013-06-30": "187.90000", "2013-03-31": "164.00000", "2012-12-31": "165.30000", "2012-09-30": "176.00000", "2012-06-30": "176.90000", "2012-03-31": "159.10000", "2011-12-31": "128.60000", "2011-09-30": "168.40000", "2011-06-30": "150.20000", "2011-03-31": "149.30000", "2010-12-31": "151.50000", "2010-09-30": "155.60000", "2010-06-30": "199.60000", "2010-03-31": "157.20000", "2009-12-31": "200.29990", "2009-09-30": "187.90000", "2009-06-30": "226.10000", "2009-03-31": "138.80000", "2008-12-31": "330.30000", "2008-09-30": "-148.30000", "2008-06-30": "215.60000", "2008-03-31": "385.20000", "2007-12-31": "125.00000", "2007-09-30": "208.30000", "2007-06-30": "206.90000", "2007-03-31": "186.70000", "2006-12-31": "170.80000", "2006-09-30": "163.70000", "2006-06-30": "167.90000", "2006-03-31": "163.00000", "2005-12-31": "147.60000", "2005-09-30": "147.70000", "2005-06-30": "150.00000", "2005-03-31": "139.10000"}, "EBITDA": {"2020-12-31": "", "2020-09-30": "", "2020-06-30": "", "2020-03-31": "", "2019-12-31": "", "2019-09-30": "", "2019-06-30": "", "2019-03-31": "", "2018-12-31": "", "2018-09-30": "", "2018-06-30": "", "2018-03-31": "", "2017-12-31": "", "2017-09-30": "", "2017-06-30": "", "2017-03-31": "", "2016-12-31": "", "2016-09-30": "", "2016-06-30": "", "2016-03-31": "", "2015-12-31": "", "2015-09-30": "", "2015-06-30": "", "2015-03-31": "", "2014-12-31": "", "2014-09-30": "", "2014-06-30": "", "2014-03-31": "", "2013-12-31": "", "2013-09-30": "", "2013-06-30": "", "2013-03-31": "", "2012-12-31": "", "2012-09-30": "", "2012-06-30": "", "2012-03-31": "", "2011-12-31": "", "2011-09-30": "", "2011-06-30": "", "2011-03-31": "", "2010-12-31": "", "2010-09-30": "", "2010-06-30": "", "2010-03-31": "", "2009-12-31": "", "2009-09-30": "", "2009-06-30": "", "2009-03-31": "", "2008-12-31": "", "2008-09-30": "", "2008-06-30": "", "2008-03-31": "", "2007-12-31": "", "2007-09-30": "", "2007-06-30": "", "2007-03-31": "", "2006-12-31": "", "2006-09-30": "", "2006-06-30": "", "2006-03-31": "", "2005-12-31": "", "2005-09-30": "", "2005-06-30": "", "2005-03-31": ""}, "EBIT": {"2020-12-31": "", "2020-09-30": "", "2020-06-30": "", "2020-03-31": "", "2019-12-31": "", "2019-09-30": "", "2019-06-30": "", "2019-03-31": "", "2018-12-31": "", "2018-09-30": "", "2018-06-30": "", "2018-03-31": "", "2017-12-31": "", "2017-09-30": "", "2017-06-30": "", "2017-03-31": "", "2016-12-31": "", "2016-09-30": "", "2016-06-30": "", "2016-03-31": "", "2015-12-31": "", "2015-09-30": "", "2015-06-30": "", "2015-03-31": "", "2014-12-31": "", "2014-09-30": "", "2014-06-30": "", "2014-03-31": "", "2013-12-31": "", "2013-09-30": "", "2013-06-30": "", "2013-03-31": "", "2012-12-31": "", "2012-09-30": "", "2012-06-30": "", "2012-03-31": "", "2011-12-31": "", "2011-09-30": "", "2011-06-30": "", "2011-03-31": "", "2010-12-31": "", "2010-09-30": "", "2010-06-30": "", "2010-03-31": "", "2009-12-31": "", "2009-09-30": "", "2009-06-30": "", "2009-03-31": "", "2008-12-31": "", "2008-09-30": "", "2008-06-30": "", "2008-03-31": "", "2007-12-31": "", "2007-09-30": "", "2007-06-30": "", "2007-03-31": "", "2006-12-31": "", "2006-09-30": "", "2006-06-30": "", "2006-03-31": "", "2005-12-31": "", "2005-09-30": "", "2005-06-30": "", "2005-03-31": ""}, "Basic Shares Outstanding": {"2020-12-31": "208.22500", "2020-09-30": "208.10600", "2020-06-30": "208.06900", "2020-03-31": "208.88100", "2019-12-31": "214.52600", "2019-09-30": "213.17700", "2019-06-30": "216.13900", "2019-03-31": "218.23700", "2018-12-31": "223.14800", "2018-09-30": "222.44300", "2018-06-30": "224.20800", "2018-03-31": "225.68100", "2017-12-31": "228.25800", "2017-09-30": "228.01100", "2017-06-30": "229.19700", "2017-03-31": "229.06000", "2016-12-31": "227.58100", "2016-09-30": "226.54000", "2016-06-30": "227.53600", "2016-03-31": "228.61900", "2015-12-31": "232.28000", "2015-09-30": "232.23200", "2015-06-30": "233.14900", "2015-03-31": "233.38100", "2014-12-31": "235.83000", "2014-09-30": "235.70100", "2014-06-30": "236.01300", "2014-03-31": "237.20800", "2013-12-31": "239.26500", "2013-09-30": "239.93000", "2013-06-30": "239.73900", "2013-03-31": "239.16800", "2012-12-31": "240.41800", "2012-09-30": "240.23700", "2012-06-30": "240.90100", "2012-03-31": "241.09000", "2011-12-31": "241.40100", "2011-09-30": "240.99150", "2011-06-30": "241.48420", "2011-03-31": "242.12620", "2010-12-31": "242.02900", "2010-09-30": "242.12450", "2010-06-30": "242.04580", "2010-03-31": "241.72420", "2009-12-31": "235.51190", "2009-09-30": "241.41570", "2009-06-30": "235.45510", "2009-03-31": "223.35750", "2008-12-31": "221.44640", "2008-09-30": "221.89920", "2008-06-30": "220.60390", "2008-03-31": "220.32030", "2007-12-31": "219.68060", "2007-09-30": "219.91490", "2007-06-30": "219.63300", "2007-03-31": "218.80000", "2006-12-31": "217.76600", "2006-09-30": "217.61800", "2006-06-30": "217.78570", "2006-03-31": "217.64600", "2005-12-31": "218.10200", "2005-09-30": "218.01280", "2005-06-30": "218.11440", "2005-03-31": "218.45350"}, "Shares Outstanding": {"2020-12-31": "208.96200", "2020-09-30": "208.68800", "2020-06-30": "208.56800", "2020-03-31": "209.81700", "2019-12-31": "215.60100", "2019-09-30": "214.20700", "2019-06-30": "217.17000", "2019-03-31": "219.27000", "2018-12-31": "224.48800", "2018-09-30": "223.86000", "2018-06-30": "225.61100", "2018-03-31": "227.04800", "2017-12-31": "229.65400", "2017-09-30": "229.31400", "2017-06-30": "230.63800", "2017-03-31": "230.63100", "2016-12-31": "229.15100", "2016-09-30": "228.05500", "2016-06-30": "229.28000", "2016-03-31": "229.79800", "2015-12-31": "234.22200", "2015-09-30": "234.16300", "2015-06-30": "235.23300", "2015-03-31": "235.28900", "2014-12-31": "237.72000", "2014-09-30": "237.73700", "2014-06-30": "237.75400", "2014-03-31": "239.05100", "2013-12-31": "240.55500", "2013-09-30": "241.33100", "2013-06-30": "241.04100", "2013-03-31": "240.18900", "2012-12-31": "240.88100", "2012-09-30": "240.69700", "2012-06-30": "241.36800", "2012-03-31": "241.55600", "2011-12-31": "241.81100", "2011-09-30": "241.19400", "2011-06-30": "241.91210", "2011-03-31": "242.96960", "2010-12-31": "242.50300", "2010-09-30": "242.15840", "2010-06-30": "242.59700", "2010-03-31": "242.51340", "2009-12-31": "236.41600", "2009-09-30": "242.63120", "2009-06-30": "236.34650", "2009-03-31": "224.40120", "2008-12-31": "224.05340", "2008-09-30": "221.89920", "2008-06-30": "223.86850", "2008-03-31": "223.52900", "2007-12-31": "223.07920", "2007-09-30": "224.18650", "2007-06-30": "224.18700", "2007-03-31": "223.19100", "2006-12-31": "221.78410", "2006-09-30": "221.77400", "2006-06-30": "221.58930", "2006-03-31": "221.47540", "2005-12-31": "221.55720", "2005-09-30": "221.67290", "2005-06-30": "221.33530", "2005-03-31": "221.65780"}, "Basic EPS": {"2020-12-31": "1.13000", "2020-09-30": "1.32000", "2020-06-30": "1.47000", "2020-03-31": "1.56000", "2019-12-31": "1.71000", "2019-09-30": "1.70000", "2019-06-30": "1.76000", "2019-03-31": "1.49000", "2018-12-31": "1.81000", "2018-09-30": "1.59000", "2018-06-30": "1.69000", "2018-03-31": "1.59000", "2017-12-31": "1.52000", "2017-09-30": "1.21000", "2017-06-30": "1.12000", "2017-03-31": "1.10000", "2016-12-31": "1.12000", "2016-09-30": "1.09000", "2016-06-30": "1.11000", "2016-03-31": "1.03000", "2015-12-31": "1.00000", "2015-09-30": "0.97000", "2015-06-30": "1.11000", "2015-03-31": "0.95000", "2014-12-31": "0.98000", "2014-09-30": "0.85000", "2014-06-30": "0.76000", "2014-03-31": "0.75000", "2013-12-31": "0.70000", "2013-09-30": "0.85000", "2013-06-30": "0.78000", "2013-03-31": "0.68000", "2012-12-31": "0.70000", "2012-09-30": "0.73000", "2012-06-30": "0.73000", "2012-03-31": "0.66000", "2011-12-31": "0.53000", "2011-09-30": "0.70000", "2011-06-30": "0.62000", "2011-03-31": "0.62000", "2010-12-31": "0.63000", "2010-09-30": "0.64000", "2010-06-30": "0.82000", "2010-03-31": "0.65000", "2009-12-31": "0.84000", "2009-09-30": "0.77000", "2009-06-30": "0.95000", "2009-03-31": "0.62000", "2008-12-31": "1.47000", "2008-09-30": "-0.66000", "2008-06-30": "0.97000", "2008-03-31": "1.73000", "2007-12-31": "0.54000", "2007-09-30": "0.95000", "2007-06-30": "0.94000", "2007-03-31": "0.85000", "2006-12-31": "0.79000", "2006-09-30": "0.75000", "2006-06-30": "0.77000", "2006-03-31": "0.75000", "2005-12-31": "0.67000", "2005-09-30": "0.68000", "2005-06-30": "0.69000", "2005-03-31": "0.64000"}, "EPS - Earnings Per Share": {"2020-12-31": "1.12000", "2020-09-30": "1.32000", "2020-06-30": "1.46000", "2020-03-31": "1.55000", "2019-12-31": "1.71000", "2019-09-30": "1.69000", "2019-06-30": "1.75000", "2019-03-31": "1.48000", "2018-12-31": "1.80000", "2018-09-30": "1.58000", "2018-06-30": "1.68000", "2018-03-31": "1.58000", "2017-12-31": "1.51000", "2017-09-30": "1.20000", "2017-06-30": "1.12000", "2017-03-31": "1.09000", "2016-12-31": "1.11000", "2016-09-30": "1.08000", "2016-06-30": "1.10000", "2016-03-31": "1.03000", "2015-12-31": "0.99000", "2015-09-30": "0.96000", "2015-06-30": "1.10000", "2015-03-31": "0.94000", "2014-12-31": "0.98000", "2014-09-30": "0.84000", "2014-06-30": "0.75000", "2014-03-31": "0.75000", "2013-12-31": "0.70000", "2013-09-30": "0.84000", "2013-06-30": "0.78000", "2013-03-31": "0.67000", "2012-12-31": "0.69000", "2012-09-30": "0.73000", "2012-06-30": "0.73000", "2012-03-31": "0.66000", "2011-12-31": "0.54000", "2011-09-30": "0.70000", "2011-06-30": "0.62000", "2011-03-31": "0.61000", "2010-12-31": "0.64000", "2010-09-30": "0.64000", "2010-06-30": "0.82000", "2010-03-31": "0.64000", "2009-12-31": "0.83000", "2009-09-30": "0.77000", "2009-06-30": "0.95000", "2009-03-31": "0.61000", "2008-12-31": "1.46000", "2008-09-30": "-0.66000", "2008-06-30": "0.96000", "2008-03-31": "1.71000", "2007-12-31": "0.54000", "2007-09-30": "0.93000", "2007-06-30": "0.92000", "2007-03-31": "0.84000", "2006-12-31": "0.76000", "2006-09-30": "0.74000", "2006-06-30": "0.76000", "2006-03-31": "0.74000", "2005-12-31": "0.66000", "2005-09-30": "0.67000", "2005-06-30": "0.68000", "2005-03-31": "0.63000"}}, "balance sheet": {"Cash On Hand": {"2020-12-31": "65872.20000", "2019-12-31": "43935.40000", "2018-12-31": "40091.50000", "2017-12-31": "51933.90000", "2016-12-31": "38781.40000", "2015-12-31": "38601.60000", "2014-12-31": "36432.60000", "2013-12-31": "36002.60000", "2012-12-31": "30244.70000", "2011-12-31": "34589.60000", "2010-12-31": "29260.80000", "2009-12-31": "30629.90000", "2008-12-31": "28944.30000", "2007-12-31": "28996.90000", "2006-12-31": "21759.90000", "2005-12-31": "19034.70000"}, "Receivables": {"2020-12-31": "", "2019-12-31": "", "2018-12-31": "", "2017-12-31": "", "2016-12-31": "", "2015-12-31": "", "2014-12-31": "", "2013-12-31": "", "2012-12-31": "", "2011-12-31": "", "2010-12-31": "", "2009-12-31": "", "2008-12-31": "", "2007-12-31": "", "2006-12-31": "", "2005-12-31": ""}, "Inventory": {"2020-12-31": "", "2019-12-31": "", "2018-12-31": "", "2017-12-31": "", "2016-12-31": "", "2015-12-31": "", "2014-12-31": "", "2013-12-31": "", "2012-12-31": "", "2011-12-31": "", "2010-12-31": "", "2009-12-31": "", "2008-12-31": "", "2007-12-31": "", "2006-12-31": "", "2005-12-31": ""}, "Pre-Paid Expenses": {"2020-12-31": "", "2019-12-31": "", "2018-12-31": "", "2017-12-31": "", "2016-12-31": "", "2015-12-31": "", "2014-12-31": "", "2013-12-31": "", "2012-12-31": "", "2011-12-31": "", "2010-12-31": "", "2009-12-31": "", "2008-12-31": "", "2007-12-31": "", "2006-12-31": "", "2005-12-31": ""}, "Other Current Assets": {"2020-12-31": "", "2019-12-31": "", "2018-12-31": "", "2017-12-31": "", "2016-12-31": "", "2015-12-31": "", "2014-12-31": "", "2013-12-31": "", "2012-12-31": "", "2011-12-31": "", "2010-12-31": "", "2009-12-31": "", "2008-12-31": "", "2007-12-31": "", "2006-12-31": "", "2005-12-31": ""}, "Total Current Assets": {"2020-12-31": "100593.30000", "2019-12-31": "76086.20000", "2018-12-31": "74115.00000", "2017-12-31": "86041.91000", "2016-12-31": "73486.20000", "2015-12-31": "73745.70000", "2014-12-31": "69374.59000", "2013-12-31": "66465.20000", "2012-12-31": "61500.40000", "2011-12-31": "64137.00000", "2010-12-31": "57774.50000", "2009-12-31": "58921.20000", "2008-12-31": "60179.90000", "2007-12-31": "54752.50000", "2006-12-31": "44569.70000", "2005-12-31": "39195.50000"}, "Property, Plant, And Equipment": {"2020-12-31": "514.90000", "2019-12-31": "483.30000", "2018-12-31": "428.20000", "2017-12-31": "464.60000", "2016-12-31": "466.60000", "2015-12-31": "446.90000", "2014-12-31": "444.30000", "2013-12-31": "458.80000", "2012-12-31": "469.90000", "2011-12-31": "494.50000", "2010-12-31": "504.50000", "2009-12-31": "543.50000", "2008-12-31": "506.60000", "2007-12-31": "491.90000", "2006-12-31": "487.20000", "2005-12-31": "471.50000"}, "Long-Term Investments": {"2020-12-31": "61077.50000", "2019-12-31": "51160.80000", "2018-12-31": "51242.80000", "2017-12-31": "46791.10000", "2016-12-31": "44500.90000", "2015-12-31": "37566.20000", "2014-12-31": "33729.30000", "2013-12-31": "30718.60000", "2012-12-31": "31025.50000", "2011-12-31": "30991.70000", "2010-12-31": "20824.10000", "2009-12-31": "18623.50000", "2008-12-31": "15568.50000", "2007-12-31": "8885.10000", "2006-12-31": "12356.60000", "2005-12-31": "11106.20000"}, "Goodwill And Intangible Assets": {"2020-12-31": "707.20000", "2019-12-31": "696.80000", "2018-12-31": "669.30000", "2017-12-31": "605.60000", "2016-12-31": "519.40000", "2015-12-31": "526.40000", "2014-12-31": "533.20000", "2013-12-31": "540.70000", "2012-12-31": "537.80000", "2011-12-31": "532.00000", "2010-12-31": "400.90000", "2009-12-31": "401.60000", "2008-12-31": "389.40000", "2007-12-31": "425.80000", "2006-12-31": "422.50000", "2005-12-31": ""}, "Other Long-Term Assets": {"2020-12-31": "7111.00000", "2019-12-31": "8401.30000", "2018-12-31": "5757.20000", "2017-12-31": "4687.30000", "2016-12-31": "4953.80000", "2015-12-31": "4464.40000", "2014-12-31": "5865.10000", "2013-12-31": "4764.00000", "2012-12-31": "3930.20000", "2011-12-31": "4068.50000", "2010-12-31": "4339.90000", "2009-12-31": "3651.70000", "2008-12-31": "5409.20000", "2007-12-31": "3055.90000", "2006-12-31": "2876.20000", "2005-12-31": "2640.60000"}, "Total Long-Term Assets": {"2020-12-31": "69410.59000", "2019-12-31": "60742.20000", "2018-12-31": "58097.50000", "2017-12-31": "52548.61000", "2016-12-31": "50440.70000", "2015-12-31": "43003.89000", "2014-12-31": "40571.90000", "2013-12-31": "36482.10000", "2012-12-31": "35963.40000", "2011-12-31": "36086.70000", "2010-12-31": "26069.40000", "2009-12-31": "23220.30000", "2008-12-31": "21873.70000", "2007-12-31": "12858.70000", "2006-12-31": "16142.50000", "2005-12-31": "14218.30000"}, "Total Assets": {"2020-12-31": "170003.90000", "2019-12-31": "136828.40000", "2018-12-31": "132212.50000", "2017-12-31": "138590.50000", "2016-12-31": "123926.90000", "2015-12-31": "116749.60000", "2014-12-31": "109946.50000", "2013-12-31": "102947.30000", "2012-12-31": "97463.80000", "2011-12-31": "100223.70000", "2010-12-31": "83843.90000", "2009-12-31": "82141.50000", "2008-12-31": "82053.60000", "2007-12-31": "67611.20000", "2006-12-31": "60712.20000", "2005-12-31": "53413.80000"}, "Total Current Liabilities": {"2020-12-31": "148189.50000", "2019-12-31": "116908.00000", "2018-12-31": "115161.00000", "2017-12-31": "121562.00000", "2016-12-31": "107439.70000", "2015-12-31": "101822.10000", "2014-12-31": "94260.20000", "2013-12-31": "87539.10000", "2012-12-31": "83255.20000", "2011-12-31": "85623.10000", "2010-12-31": "69189.50000", "2009-12-31": "68046.90000", "2008-12-31": "66455.70000", "2007-12-31": "56551.50000", "2006-12-31": "51570.00000", "2005-12-31": "44020.40000"}, "Long Term Debt": {"2020-12-31": "4589.50000", "2019-12-31": "3998.80000", "2018-12-31": "3401.30000", "2017-12-31": "3224.30000", "2016-12-31": "3104.90000", "2015-12-31": "3146.00000", "2014-12-31": "3389.30000", "2013-12-31": "3982.90000", "2012-12-31": "4104.40000", "2011-12-31": "4536.90000", "2010-12-31": "4902.30000", "2009-12-31": "4666.40000", "2008-12-31": "4622.70000", "2007-12-31": "3612.90000", "2006-12-31": "3029.80000", "2005-12-31": "3367.00000"}, "Other Non-Current Liabilities": {"2020-12-31": "5536.60000", "2019-12-31": "4830.60000", "2018-12-31": "3141.90000", "2017-12-31": "3588.00000", "2016-12-31": "3611.90000", "2015-12-31": "3075.60000", "2014-12-31": "3848.10000", "2013-12-31": "3513.30000", "2012-12-31": "2577.20000", "2011-12-31": "2946.40000", "2010-12-31": "2921.80000", "2009-12-31": "3116.10000", "2008-12-31": "4585.80000", "2007-12-31": "2937.70000", "2006-12-31": "2168.50000", "2005-12-31": "2425.60000"}, "Total Long Term Liabilities": {"2020-12-31": "10126.10000", "2019-12-31": "8829.40000", "2018-12-31": "6543.20000", "2017-12-31": "6812.30000", "2016-12-31": "6716.80000", "2015-12-31": "6221.60000", "2014-12-31": "7237.40000", "2013-12-31": "7496.20000", "2012-12-31": "6681.60100", "2011-12-31": "7483.30000", "2010-12-31": "7824.10000", "2009-12-31": "7782.50000", "2008-12-31": "9208.50000", "2007-12-31": "6550.60000", "2006-12-31": "5198.30000", "2005-12-31": "5792.60000"}, "Total Liabilities": {"2020-12-31": "158315.60000", "2019-12-31": "125737.40000", "2018-12-31": "121704.20000", "2017-12-31": "128374.30000", "2016-12-31": "114156.50000", "2015-12-31": "108043.70000", "2014-12-31": "101497.60000", "2013-12-31": "95035.30000", "2012-12-31": "89936.80000", "2011-12-31": "93106.40000", "2010-12-31": "77013.60000", "2009-12-31": "75829.40000", "2008-12-31": "75664.20000", "2007-12-31": "63102.10000", "2006-12-31": "56768.30000", "2005-12-31": "49813.00000"}, "Common Stock Net": {"2020-12-31": "10803.40000", "2019-12-31": "408.60000", "2018-12-31": "408.60000", "2017-12-31": "408.60000", "2016-12-31": "408.60000", "2015-12-31": "408.60000", "2014-12-31": "408.60000", "2013-12-31": "408.60000", "2012-12-31": "408.60000", "2011-12-31": "408.60000", "2010-12-31": "408.60000", "2009-12-31": "408.60000", "2008-12-31": "379.80000", "2007-12-31": "379.80000", "2006-12-31": "379.80000", "2005-12-31": "379.80000"}, "Retained Earnings (Accumulated Deficit)": {"2020-12-31": "", "2019-12-31": "11656.70000", "2018-12-31": "10776.80000", "2017-12-31": "9685.10000", "2016-12-31": "8908.40000", "2015-12-31": "8242.80000", "2014-12-31": "7625.40000", "2013-12-31": "7134.80000", "2012-12-31": "6702.70000", "2011-12-31": "6302.30000", "2010-12-31": "5972.10000", "2009-12-31": "5576.00000", "2008-12-31": "5091.20000", "2007-12-31": "4556.20000", "2006-12-31": "4131.20000", "2005-12-31": "3672.10000"}, "Comprehensive Income": {"2020-12-31": "", "2019-12-31": "-194.70000", "2018-12-31": "-453.70000", "2017-12-31": "-414.30000", "2016-12-31": "-370.00000", "2015-12-31": "-372.70000", "2014-12-31": "-319.70000", "2013-12-31": "-244.30000", "2012-12-31": "-283.00000", "2011-12-31": "-345.60000", "2010-12-31": "-305.30000", "2009-12-31": "-361.60000", "2008-12-31": "-494.90000", "2007-12-31": "-90.30000", "2006-12-31": "-148.60000", "2005-12-31": "-18.70000"}, "Other Share Holders Equity": {"2020-12-31": "", "2019-12-31": "", "2018-12-31": "", "2017-12-31": "", "2016-12-31": "", "2015-12-31": "", "2014-12-31": "", "2013-12-31": "", "2012-12-31": "", "2011-12-31": "", "2010-12-31": "", "2009-12-31": "", "2008-12-31": "", "2007-12-31": "", "2006-12-31": "", "2005-12-31": ""}, "Share Holder Equity": {"2020-12-31": "11688.30000", "2019-12-31": "11091.00000", "2018-12-31": "10508.30000", "2017-12-31": "10216.20000", "2016-12-31": "9770.40000", "2015-12-31": "8705.90000", "2014-12-31": "8448.90000", "2013-12-31": "7912.00000", "2012-12-31": "7527.00000", "2011-12-31": "7117.30000", "2010-12-31": "6830.30000", "2009-12-31": "6312.10000", "2008-12-31": "6389.40000", "2007-12-31": "4509.10000", "2006-12-31": "3943.90000", "2005-12-31": "3600.80000"}, "Total Liabilities And Share Holders Equity": {"2020-12-31": "170003.90000", "2019-12-31": "136828.40000", "2018-12-31": "132212.50000", "2017-12-31": "138590.50000", "2016-12-31": "123926.90000", "2015-12-31": "116749.60000", "2014-12-31": "109946.50000", "2013-12-31": "102947.30000", "2012-12-31": "97463.80000", "2011-12-31": "100223.70000", "2010-12-31": "83843.90000", "2009-12-31": "82141.50000", "2008-12-31": "82053.60000", "2007-12-31": "67611.20000", "2006-12-31": "60712.20000", "2005-12-31": "53413.80000"}}, "balance sheet, quarterly": {"Cash On Hand": {"2020-12-31": "65872.20000", "2020-09-30": "48270.50000", "2020-06-30": "51037.10000", "2020-03-31": "56853.00000", "2019-12-31": "43935.40000", "2019-09-30": "32037.00000", "2019-06-30": "37756.70000", "2019-03-31": "32910.40000", "2018-12-31": "40091.50000", "2018-09-30": "42183.80000", "2018-06-30": "43899.80000", "2018-03-31": "42002.50000", "2017-12-31": "51933.90000", "2017-09-30": "46679.60000", "2017-06-30": "41696.80000", "2017-03-31": "37791.70000", "2016-12-31": "38781.40000", "2016-09-30": "35024.00000", "2016-06-30": "37205.40000", "2016-03-31": "36721.20000", "2015-12-31": "38601.60000", "2015-09-30": "41929.00000", "2015-06-30": "41313.10000", "2015-03-31": "29426.60000", "2014-12-31": "36432.60000", "2014-09-30": "40595.70000", "2014-06-30": "34925.70000", "2014-03-31": "33554.60000", "2013-12-31": "36002.60000", "2013-09-30": "29071.60000", "2013-06-30": "29777.30000", "2013-03-31": "28555.30000", "2012-12-31": "30244.70000", "2012-09-30": "29553.60000", "2012-06-30": "30499.20000", "2012-03-31": "25679.80000", "2011-12-31": "34589.60000", "2011-09-30": "30007.10000", "2011-06-30": "36941.61000", "2011-03-31": "35660.60000", "2010-12-31": "29260.80000", "2010-09-30": "26369.70000", "2010-06-30": "26862.20000", "2010-03-31": "25644.00000", "2009-12-31": "30629.90000", "2009-09-30": "27030.20000", "2009-06-30": "22649.70000", "2009-03-31": "23885.20000", "2008-12-31": "28944.30000", "2008-09-30": "29863.40000", "2008-06-30": "29469.90000", "2008-03-31": "34502.20000", "2007-12-31": "28996.90000", "2007-09-30": "22140.30000", "2007-06-30": "19124.90000", "2007-03-31": "22121.10000", "2006-12-31": "21759.90000", "2006-09-30": "18489.50000", "2006-06-30": "18086.70000", "2006-03-31": "15643.20000", "2005-12-31": "19034.70000", "2005-09-30": "14379.40000", "2005-06-30": "14556.60000", "2005-03-31": "16761.30000"}, "Receivables": {"2020-12-31": "", "2020-09-30": "", "2020-06-30": "", "2020-03-31": "", "2019-12-31": "", "2019-09-30": "", "2019-06-30": "", "2019-03-31": "", "2018-12-31": "", "2018-09-30": "", "2018-06-30": "", "2018-03-31": "", "2017-12-31": "", "2017-09-30": "", "2017-06-30": "", "2017-03-31": "", "2016-12-31": "", "2016-09-30": "", "2016-06-30": "", "2016-03-31": "", "2015-12-31": "", "2015-09-30": "", "2015-06-30": "", "2015-03-31": "", "2014-12-31": "", "2014-09-30": "", "2014-06-30": "", "2014-03-31": "", "2013-12-31": "", "2013-09-30": "", "2013-06-30": "", "2013-03-31": "", "2012-12-31": "", "2012-09-30": "", "2012-06-30": "", "2012-03-31": "", "2011-12-31": "", "2011-09-30": "", "2011-06-30": "", "2011-03-31": "", "2010-12-31": "", "2010-09-30": "", "2010-06-30": "", "2010-03-31": "", "2009-12-31": "", "2009-09-30": "", "2009-06-30": "", "2009-03-31": "", "2008-12-31": "", "2008-09-30": "", "2008-06-30": "", "2008-03-31": "", "2007-12-31": "", "2007-09-30": "", "2007-06-30": "", "2007-03-31": "", "2006-12-31": "", "2006-09-30": "", "2006-06-30": "", "2006-03-31": "", "2005-12-31": "", "2005-09-30": "", "2005-06-30": "", "2005-03-31": ""}, "Inventory": {"2020-12-31": "", "2020-09-30": "", "2020-06-30": "", "2020-03-31": "", "2019-12-31": "", "2019-09-30": "", "2019-06-30": "", "2019-03-31": "", "2018-12-31": "", "2018-09-30": "", "2018-06-30": "", "2018-03-31": "", "2017-12-31": "", "2017-09-30": "", "2017-06-30": "", "2017-03-31": "", "2016-12-31": "", "2016-09-30": "", "2016-06-30": "", "2016-03-31": "", "2015-12-31": "", "2015-09-30": "", "2015-06-30": "", "2015-03-31": "", "2014-12-31": "", "2014-09-30": "", "2014-06-30": "", "2014-03-31": "", "2013-12-31": "", "2013-09-30": "", "2013-06-30": "", "2013-03-31": "", "2012-12-31": "", "2012-09-30": "", "2012-06-30": "", "2012-03-31": "", "2011-12-31": "", "2011-09-30": "", "2011-06-30": "", "2011-03-31": "", "2010-12-31": "", "2010-09-30": "", "2010-06-30": "", "2010-03-31": "", "2009-12-31": "", "2009-09-30": "", "2009-06-30": "", "2009-03-31": "", "2008-12-31": "", "2008-09-30": "", "2008-06-30": "", "2008-03-31": "", "2007-12-31": "", "2007-09-30": "", "2007-06-30": "", "2007-03-31": "", "2006-12-31": "", "2006-09-30": "", "2006-06-30": "", "2006-03-31": "", "2005-12-31": "", "2005-09-30": "", "2005-06-30": "", "2005-03-31": ""}, "Pre-Paid Expenses": {"2020-12-31": "", "2020-09-30": "", "2020-06-30": "", "2020-03-31": "", "2019-12-31": "", "2019-09-30": "", "2019-06-30": "", "2019-03-31": "", "2018-12-31": "", "2018-09-30": "", "2018-06-30": "", "2018-03-31": "", "2017-12-31": "", "2017-09-30": "", "2017-06-30": "", "2017-03-31": "", "2016-12-31": "", "2016-09-30": "", "2016-06-30": "", "2016-03-31": "", "2015-12-31": "", "2015-09-30": "", "2015-06-30": "", "2015-03-31": "", "2014-12-31": "", "2014-09-30": "", "2014-06-30": "", "2014-03-31": "", "2013-12-31": "", "2013-09-30": "", "2013-06-30": "", "2013-03-31": "", "2012-12-31": "", "2012-09-30": "", "2012-06-30": "", "2012-03-31": "", "2011-12-31": "", "2011-09-30": "", "2011-06-30": "", "2011-03-31": "", "2010-12-31": "", "2010-09-30": "", "2010-06-30": "", "2010-03-31": "", "2009-12-31": "", "2009-09-30": "", "2009-06-30": "", "2009-03-31": "", "2008-12-31": "", "2008-09-30": "", "2008-06-30": "", "2008-03-31": "", "2007-12-31": "", "2007-09-30": "", "2007-06-30": "", "2007-03-31": "", "2006-12-31": "", "2006-09-30": "", "2006-06-30": "", "2006-03-31": "", "2005-12-31": "", "2005-09-30": "", "2005-06-30": "", "2005-03-31": ""}, "Other Current Assets": {"2020-12-31": "", "2020-09-30": "", "2020-06-30": "", "2020-03-31": "", "2019-12-31": "", "2019-09-30": "", "2019-06-30": "", "2019-03-31": "", "2018-12-31": "", "2018-09-30": "", "2018-06-30": "", "2018-03-31": "", "2017-12-31": "", "2017-09-30": "", "2017-06-30": "", "2017-03-31": "", "2016-12-31": "", "2016-09-30": "", "2016-06-30": "", "2016-03-31": "", "2015-12-31": "", "2015-09-30": "", "2015-06-30": "", "2015-03-31": "", "2014-12-31": "", "2014-09-30": "", "2014-06-30": "", "2014-03-31": "", "2013-12-31": "", "2013-09-30": "", "2013-06-30": "", "2013-03-31": "", "2012-12-31": "", "2012-09-30": "", "2012-06-30": "", "2012-03-31": "", "2011-12-31": "", "2011-09-30": "", "2011-06-30": "", "2011-03-31": "", "2010-12-31": "", "2010-09-30": "", "2010-06-30": "", "2010-03-31": "", "2009-12-31": "", "2009-09-30": "", "2009-06-30": "", "2009-03-31": "", "2008-12-31": "", "2008-09-30": "", "2008-06-30": "", "2008-03-31": "", "2007-12-31": "", "2007-09-30": "", "2007-06-30": "", "2007-03-31": "", "2006-12-31": "", "2006-09-30": "", "2006-06-30": "", "2006-03-31": "", "2005-12-31": "", "2005-09-30": "", "2005-06-30": "", "2005-03-31": ""}, "Total Current Assets": {"2020-12-31": "100593.30000", "2020-09-30": "83110.60000", "2020-06-30": "86646.30000", "2020-03-31": "96649.80000", "2019-12-31": "76086.20000", "2019-09-30": "64877.70000", "2019-06-30": "69939.30000", "2019-03-31": "65483.80000", "2018-12-31": "74115.00000", "2018-09-30": "74959.60000", "2018-06-30": "78273.10000", "2018-03-31": "74567.50000", "2017-12-31": "86041.91000", "2017-09-30": "81139.41000", "2017-06-30": "76749.10000", "2017-03-31": "72661.40000", "2016-12-31": "73486.20000", "2016-09-30": "70240.50000", "2016-06-30": "73787.50000", "2016-03-31": "72573.20000", "2015-12-31": "73745.70000", "2015-09-30": "76983.59000", "2015-06-30": "76043.80000", "2015-03-31": "64017.10000", "2014-12-31": "69374.59000", "2014-09-30": "72584.80000", "2014-06-30": "66944.50000", "2014-03-31": "64781.40000", "2013-12-31": "66465.20000", "2013-09-30": "59479.40000", "2013-06-30": "59783.50000", "2013-03-31": "57940.60000", "2012-12-31": "61500.40000", "2012-09-30": "59875.90000", "2012-06-30": "60525.80000", "2012-03-31": "55525.91000", "2011-12-31": "64137.00000", "2011-09-30": "59348.40000", "2011-06-30": "66774.20000", "2011-03-31": "64538.60000", "2010-12-31": "57774.50000", "2010-09-30": "54615.50000", "2010-06-30": "55802.00000", "2010-03-31": "54256.10000", "2009-12-31": "58921.20000", "2009-09-30": "55632.40000", "2009-06-30": "52542.30000", "2009-03-31": "54712.20000", "2008-12-31": "60179.90000", "2008-09-30": "60395.90000", "2008-06-30": "58910.70000", "2008-03-31": "61650.00000", "2007-12-31": "54752.50000", "2007-09-30": "47244.50000", "2007-06-30": "43546.50000", "2007-03-31": "43922.90000", "2006-12-31": "44569.70000", "2006-09-30": "39870.80000", "2006-06-30": "39506.00000", "2006-03-31": "35846.40000", "2005-12-31": "39195.50000", "2005-09-30": "33852.20000", "2005-06-30": "34561.50000", "2005-03-31": "35837.40000"}, "Property, Plant, And Equipment": {"2020-12-31": "514.90000", "2020-09-30": "510.00000", "2020-06-30": "501.00000", "2020-03-31": "490.20000", "2019-12-31": "483.30000", "2019-09-30": "400.50000", "2019-06-30": "407.50000", "2019-03-31": "411.50000", "2018-12-31": "428.20000", "2018-09-30": "417.20000", "2018-06-30": "428.80000", "2018-03-31": "442.60000", "2017-12-31": "464.60000", "2017-09-30": "462.50000", "2017-06-30": "463.30000", "2017-03-31": "459.90000", "2016-12-31": "466.60000", "2016-09-30": "438.80000", "2016-06-30": "434.00000", "2016-03-31": "437.80000", "2015-12-31": "446.90000", "2015-09-30": "427.70000", "2015-06-30": "436.50000", "2015-03-31": "442.40000", "2014-12-31": "444.30000", "2014-09-30": "436.60000", "2014-06-30": "441.90000", "2014-03-31": "449.40000", "2013-12-31": "458.80000", "2013-09-30": "444.30000", "2013-06-30": "454.50000", "2013-03-31": "457.20000", "2012-12-31": "469.90000", "2012-09-30": "453.70000", "2012-06-30": "462.00000", "2012-03-31": "481.20000", "2011-12-31": "494.50000", "2011-09-30": "492.10000", "2011-06-30": "495.70000", "2011-03-31": "494.70000", "2010-12-31": "504.50000", "2010-09-30": "532.40000", "2010-06-30": "529.50000", "2010-03-31": "540.50000", "2009-12-31": "543.50000", "2009-09-30": "542.70000", "2009-06-30": "548.10000", "2009-03-31": "535.20000", "2008-12-31": "506.60000", "2008-09-30": "492.90000", "2008-06-30": "493.00000", "2008-03-31": "492.80000", "2007-12-31": "491.90000", "2007-09-30": "478.70000", "2007-06-30": "486.10000", "2007-03-31": "483.00000", "2006-12-31": "487.20000", "2006-09-30": "471.60000", "2006-06-30": "463.20000", "2006-03-31": "461.40000", "2005-12-31": "471.50000", "2005-09-30": "475.10000", "2005-06-30": "476.50000", "2005-03-31": "480.70000"}, "Long-Term Investments": {"2020-12-31": "61077.50000", "2020-09-30": "59305.00000", "2020-06-30": "55210.80000", "2020-03-31": "52077.40000", "2019-12-31": "51160.80000", "2019-09-30": "50408.00000", "2019-06-30": "48218.70000", "2019-03-31": "49201.20000", "2018-12-31": "51242.80000", "2018-09-30": "50576.50000", "2018-06-30": "49409.60000", "2018-03-31": "48592.60000", "2017-12-31": "46791.10000", "2017-09-30": "44655.90000", "2017-06-30": "43415.70000", "2017-03-31": "43936.00000", "2016-12-31": "44500.90000", "2016-09-30": "44689.60000", "2016-06-30": "41003.00000", "2016-03-31": "39199.80000", "2015-12-31": "37566.20000", "2015-09-30": "36938.20000", "2015-06-30": "38826.40000", "2015-03-31": "36601.50000", "2014-12-31": "33729.30000", "2014-09-30": "32304.40000", "2014-06-30": "33960.00000", "2014-03-31": "33752.30000", "2013-12-31": "30718.60000", "2013-09-30": "30555.20000", "2013-06-30": "30242.60000", "2013-03-31": "30103.60000", "2012-12-31": "31025.50000", "2012-09-30": "29184.10000", "2012-06-30": "29184.80000", "2012-03-31": "31616.50000", "2011-12-31": "30991.70000", "2011-09-30": "29268.50000", "2011-06-30": "25017.90000", "2011-03-31": "22783.80000", "2010-12-31": "20824.10000", "2010-09-30": "20716.70000", "2010-06-30": "19808.50000", "2010-03-31": "17866.80000", "2009-12-31": "18623.50000", "2009-09-30": "17446.90000", "2009-06-30": "17510.20000", "2009-03-31": "17803.20000", "2008-12-31": "15568.50000", "2008-09-30": "13350.40000", "2008-06-30": "11725.00000", "2008-03-31": "11234.50000", "2007-12-31": "8885.10000", "2007-09-30": "11799.20000", "2007-06-30": "12598.10000", "2007-03-31": "12548.90000", "2006-12-31": "12356.60000", "2006-09-30": "12111.80000", "2006-06-30": "10512.60000", "2006-03-31": "11117.80000", "2005-12-31": "11106.20000", "2005-09-30": "10481.20000", "2005-06-30": "8330.10000", "2005-03-31": "8811.10000"}, "Goodwill And Intangible Assets": {"2020-12-31": "707.20000", "2020-09-30": "698.00000", "2020-06-30": "690.60000", "2020-03-31": "689.30000", "2019-12-31": "696.80000", "2019-09-30": "687.20000", "2019-06-30": "682.00000", "2019-03-31": "683.00000", "2018-12-31": "669.30000", "2018-09-30": "672.70000", "2018-06-30": "673.50000", "2018-03-31": "611.60000", "2017-12-31": "605.60000", "2017-09-30": "526.50000", "2017-06-30": "523.10000", "2017-03-31": "519.30000", "2016-12-31": "519.40000", "2016-09-30": "524.40000", "2016-06-30": "527.80000", "2016-03-31": "523.60000", "2015-12-31": "526.40000", "2015-09-30": "529.70000", "2015-06-30": "534.30000", "2015-03-31": "527.30000", "2014-12-31": "533.20000", "2014-09-30": "538.10000", "2014-06-30": "544.60000", "2014-03-31": "541.60000", "2013-12-31": "540.70000", "2013-09-30": "537.70000", "2013-06-30": "530.40000", "2013-03-31": "529.50000", "2012-12-31": "537.80000", "2012-09-30": "538.00000", "2012-06-30": "533.20000", "2012-03-31": "536.50000", "2011-12-31": "532.00000", "2011-09-30": "534.10000", "2011-06-30": "434.90000", "2011-03-31": "405.80000", "2010-12-31": "400.90000", "2010-09-30": "399.70000", "2010-06-30": "393.00000", "2010-03-31": "394.00000", "2009-12-31": "401.60000", "2009-09-30": "401.40000", "2009-06-30": "405.30000", "2009-03-31": "387.40000", "2008-12-31": "389.40000", "2008-09-30": "410.00000", "2008-06-30": "425.40000", "2008-03-31": "424.90000", "2007-12-31": "425.80000", "2007-09-30": "429.60000", "2007-06-30": "427.00000", "2007-03-31": "422.10000", "2006-12-31": "422.50000", "2006-09-30": "", "2006-06-30": "", "2006-03-31": "", "2005-12-31": "", "2005-09-30": "", "2005-06-30": "", "2005-03-31": ""}, "Other Long-Term Assets": {"2020-12-31": "7111.00000", "2020-09-30": "8458.40000", "2020-06-30": "8384.20000", "2020-03-31": "11802.50000", "2019-12-31": "8401.30000", "2019-09-30": "7982.40000", "2019-06-30": "7303.40000", "2019-03-31": "6089.90000", "2018-12-31": "5757.20000", "2018-09-30": "5752.50000", "2018-06-30": "6321.20000", "2018-03-31": "5457.90000", "2017-12-31": "4687.30000", "2017-09-30": "4615.90000", "2017-06-30": "4454.50000", "2017-03-31": "3912.10000", "2016-12-31": "4953.80000", "2016-09-30": "4191.70000", "2016-06-30": "5757.30000", "2016-03-31": "5064.40000", "2015-12-31": "4464.40000", "2015-09-30": "5116.00000", "2015-06-30": "4101.90000", "2015-03-31": "5363.70000", "2014-12-31": "5865.10000", "2014-09-30": "5289.80000", "2014-06-30": "3870.20000", "2014-03-31": "4307.90000", "2013-12-31": "4764.00000", "2013-09-30": "4952.90000", "2013-06-30": "6225.00000", "2013-03-31": "4125.90000", "2012-12-31": "3930.20000", "2012-09-30": "3580.80000", "2012-06-30": "3750.10000", "2012-03-31": "3444.20000", "2011-12-31": "4068.50000", "2011-09-30": "6455.10000", "2011-06-30": "4675.60000", "2011-03-31": "4456.30000", "2010-12-31": "4339.90000", "2010-09-30": "4459.10000", "2010-06-30": "3515.90000", "2010-03-31": "3261.10000", "2009-12-31": "3651.70000", "2009-09-30": "3878.10000", "2009-06-30": "4039.30000", "2009-03-31": "5026.60000", "2008-12-31": "5409.20000", "2008-09-30": "4594.80000", "2008-06-30": "3252.80000", "2008-03-31": "3678.10000", "2007-12-31": "3055.90000", "2007-09-30": "3146.90000", "2007-06-30": "2552.00000", "2007-03-31": "2155.50000", "2006-12-31": "2876.20000", "2006-09-30": "2746.70000", "2006-06-30": "2844.10000", "2006-03-31": "2769.40000", "2005-12-31": "2640.60000", "2005-09-30": "3618.90000", "2005-06-30": "2887.50000", "2005-03-31": "2632.10000"}, "Total Long-Term Assets": {"2020-12-31": "69410.59000", "2020-09-30": "68971.40000", "2020-06-30": "64786.60000", "2020-03-31": "65059.40000", "2019-12-31": "60742.20000", "2019-09-30": "59478.10000", "2019-06-30": "56611.60000", "2019-03-31": "56385.60000", "2018-12-31": "58097.50000", "2018-09-30": "57418.90000", "2018-06-30": "56833.10000", "2018-03-31": "55104.70000", "2017-12-31": "52548.61000", "2017-09-30": "50260.80000", "2017-06-30": "48856.60000", "2017-03-31": "48827.30000", "2016-12-31": "50440.70000", "2016-09-30": "49844.50000", "2016-06-30": "47722.10000", "2016-03-31": "45225.60000", "2015-12-31": "43003.89000", "2015-09-30": "43011.60000", "2015-06-30": "43899.10000", "2015-03-31": "42934.90000", "2014-12-31": "40571.90000", "2014-09-30": "38568.90000", "2014-06-30": "38816.70000", "2014-03-31": "39051.20000", "2013-12-31": "36482.10000", "2013-09-30": "36490.10000", "2013-06-30": "37452.50000", "2013-03-31": "35216.20000", "2012-12-31": "35963.40000", "2012-09-30": "33756.60000", "2012-06-30": "33930.10000", "2012-03-31": "36078.40000", "2011-12-31": "36086.70000", "2011-09-30": "36749.80000", "2011-06-30": "30624.10000", "2011-03-31": "28140.60000", "2010-12-31": "26069.40000", "2010-09-30": "26107.90000", "2010-06-30": "24246.90000", "2010-03-31": "22062.40000", "2009-12-31": "23220.30000", "2009-09-30": "22269.10000", "2009-06-30": "22502.90000", "2009-03-31": "23752.40000", "2008-12-31": "21873.70000", "2008-09-30": "18848.10000", "2008-06-30": "15896.20000", "2008-03-31": "15830.30000", "2007-12-31": "12858.70000", "2007-09-30": "15854.40000", "2007-06-30": "16063.20000", "2007-03-31": "15609.50000", "2006-12-31": "16142.50000", "2006-09-30": "15330.10000", "2006-06-30": "13819.90000", "2006-03-31": "14348.60000", "2005-12-31": "14218.30000", "2005-09-30": "14575.20000", "2005-06-30": "11694.10000", "2005-03-31": "11923.90000"}, "Total Assets": {"2020-12-31": "170003.90000", "2020-09-30": "152082.00000", "2020-06-30": "151432.90000", "2020-03-31": "161709.20000", "2019-12-31": "136828.40000", "2019-09-30": "124355.80000", "2019-06-30": "126550.90000", "2019-03-31": "121869.40000", "2018-12-31": "132212.50000", "2018-09-30": "132378.50000", "2018-06-30": "135106.20000", "2018-03-31": "129672.20000", "2017-12-31": "138590.50000", "2017-09-30": "131400.20000", "2017-06-30": "125605.70000", "2017-03-31": "121488.70000", "2016-12-31": "123926.90000", "2016-09-30": "120085.00000", "2016-06-30": "121509.60000", "2016-03-31": "117798.80000", "2015-12-31": "116749.60000", "2015-09-30": "119995.20000", "2015-06-30": "119942.90000", "2015-03-31": "106952.00000", "2014-12-31": "109946.50000", "2014-09-30": "111153.70000", "2014-06-30": "105761.20000", "2014-03-31": "103832.60000", "2013-12-31": "102947.30000", "2013-09-30": "95969.50000", "2013-06-30": "97236.00000", "2013-03-31": "93156.80000", "2012-12-31": "97463.80000", "2012-09-30": "93632.50000", "2012-06-30": "94455.90000", "2012-03-31": "91604.30000", "2011-12-31": "100223.70000", "2011-09-30": "96098.20000", "2011-06-30": "97398.30000", "2011-03-31": "92679.20000", "2010-12-31": "83843.90000", "2010-09-30": "80723.40000", "2010-06-30": "80048.90000", "2010-03-31": "76318.60000", "2009-12-31": "82141.50000", "2009-09-30": "77901.50000", "2009-06-30": "75045.20000", "2009-03-31": "78464.60000", "2008-12-31": "82053.60000", "2008-09-30": "79244.00000", "2008-06-30": "74806.90000", "2008-03-31": "77480.30000", "2007-12-31": "67611.20000", "2007-09-30": "63098.90000", "2007-06-30": "59609.70000", "2007-03-31": "59532.40000", "2006-12-31": "60712.20000", "2006-09-30": "55200.90000", "2006-06-30": "53325.90000", "2006-03-31": "50195.00000", "2005-12-31": "53413.80000", "2005-09-30": "48427.40000", "2005-06-30": "46255.60000", "2005-03-31": "47761.30000"}, "Total Current Liabilities": {"2020-12-31": "148189.50000", "2020-09-30": "130834.30000", "2020-06-30": "130283.20000", "2020-03-31": "141851.80000", "2019-12-31": "116908.00000", "2019-09-30": "105530.00000", "2019-06-30": "108490.00000", "2019-03-31": "104285.50000", "2018-12-31": "115161.00000", "2018-09-30": "115227.30000", "2018-06-30": "118363.30000", "2018-03-31": "113367.80000", "2017-12-31": "121562.00000", "2017-09-30": "114529.00000", "2017-06-30": "108986.40000", "2017-03-31": "105409.30000", "2016-12-31": "107439.70000", "2016-09-30": "104154.00000", "2016-06-30": "105996.00000", "2016-03-31": "102439.80000", "2015-12-31": "101822.10000", "2015-09-30": "104844.50000", "2015-06-30": "104391.90000", "2015-03-31": "90634.50000", "2014-12-31": "94260.20000", "2014-09-30": "95134.00000", "2014-06-30": "90902.30000", "2014-03-31": "88670.60000", "2013-12-31": "87539.10000", "2013-09-30": "81489.00000", "2013-06-30": "81545.10000", "2013-03-31": "79068.10000", "2012-12-31": "83255.20000", "2012-09-30": "78330.60000", "2012-06-30": "80248.70000", "2012-03-31": "77293.70000", "2011-12-31": "85623.10000", "2011-09-30": "80408.70000", "2011-06-30": "82365.20000", "2011-03-31": "78373.30000", "2010-12-31": "69189.50000", "2010-09-30": "66130.40000", "2010-06-30": "65029.20000", "2010-03-31": "62890.20000", "2009-12-31": "68046.90000", "2009-09-30": "63659.10000", "2009-06-30": "60664.30000", "2009-03-31": "64304.00000", "2008-12-31": "66455.70000", "2008-09-30": "65223.10000", "2008-06-30": "63130.60000", "2008-03-31": "64921.50000", "2007-12-31": "56551.50000", "2007-09-30": "52117.90000", "2007-06-30": "49798.40000", "2007-03-31": "49406.70000", "2006-12-31": "51570.00000", "2006-09-30": "45424.80000", "2006-06-30": "44336.60000", "2006-03-31": "40877.70000", "2005-12-31": "44020.40000", "2005-09-30": "37800.60000", "2005-06-30": "36650.80000", "2005-03-31": "38930.50000"}, "Long Term Debt": {"2020-12-31": "4589.50000", "2020-09-30": "5129.30000", "2020-06-30": "5145.40000", "2020-03-31": "4142.20000", "2019-12-31": "3998.80000", "2019-09-30": "4034.90000", "2019-06-30": "3990.80000", "2019-03-31": "3427.50000", "2018-12-31": "3401.30000", "2018-09-30": "3370.30000", "2018-06-30": "3185.80000", "2018-03-31": "3197.60000", "2017-12-31": "3224.30000", "2017-09-30": "3438.00000", "2017-06-30": "3446.10000", "2017-03-31": "3096.00000", "2016-12-31": "3104.90000", "2016-09-30": "3174.70000", "2016-06-30": "3192.40000", "2016-03-31": "3179.60000", "2015-12-31": "3146.00000", "2015-09-30": "3168.90000", "2015-06-30": "3136.80000", "2015-03-31": "3173.40000", "2014-12-31": "3389.30000", "2014-09-30": "3372.80000", "2014-06-30": "3427.40000", "2014-03-31": "4005.20000", "2013-12-31": "3982.90000", "2013-09-30": "3267.10000", "2013-06-30": "3656.30000", "2013-03-31": "3877.50000", "2012-12-31": "4104.40000", "2012-09-30": "4315.70000", "2012-06-30": "4056.60000", "2012-03-31": "4185.20000", "2011-12-31": "4536.90000", "2011-09-30": "4547.70000", "2011-06-30": "4598.00000", "2011-03-31": "4705.70000", "2010-12-31": "4902.30000", "2010-09-30": "4447.30000", "2010-06-30": "5005.30000", "2010-03-31": "4397.20000", "2009-12-31": "4666.40000", "2009-09-30": "4741.30000", "2009-06-30": "4964.30000", "2009-03-31": "4469.90000", "2008-12-31": "4622.70000", "2008-09-30": "4582.40000", "2008-06-30": "3718.70000", "2008-03-31": "3618.20000", "2007-12-31": "3612.90000", "2007-09-30": "3207.40000", "2007-06-30": "3060.80000", "2007-03-31": "3404.60000", "2006-12-31": "3029.80000", "2006-09-30": "3363.40000", "2006-06-30": "3226.40000", "2006-03-31": "3205.90000", "2005-12-31": "3367.00000", "2005-09-30": "3498.70000", "2005-06-30": "3697.70000", "2005-03-31": "3420.40000"}, "Other Non-Current Liabilities": {"2020-12-31": "5536.60000", "2020-09-30": "4539.30000", "2020-06-30": "4622.10000", "2020-03-31": "4835.50000", "2019-12-31": "4830.60000", "2019-09-30": "3979.60000", "2019-06-30": "3264.60000", "2019-03-31": "3540.20000", "2018-12-31": "3141.90000", "2018-09-30": "3416.40000", "2018-06-30": "3199.50000", "2018-03-31": "2880.80000", "2017-12-31": "3588.00000", "2017-09-30": "3268.00000", "2017-06-30": "3105.30000", "2017-03-31": "3005.70000", "2016-12-31": "3611.90000", "2016-09-30": "3176.50000", "2016-06-30": "3369.70000", "2016-03-31": "3346.60000", "2015-12-31": "3075.60000", "2015-09-30": "3197.30000", "2015-06-30": "3664.90000", "2015-03-31": "4536.50000", "2014-12-31": "3848.10000", "2014-09-30": "4104.30000", "2014-06-30": "3388.90000", "2014-03-31": "3208.50000", "2013-12-31": "3513.30000", "2013-09-30": "3396.30000", "2013-06-30": "4310.00000", "2013-03-31": "2599.10000", "2012-12-31": "2577.20000", "2012-09-30": "3454.00000", "2012-06-30": "2760.30000", "2012-03-31": "2902.20000", "2011-12-31": "2946.40000", "2011-09-30": "3989.00000", "2011-06-30": "3409.70000", "2011-03-31": "2672.00000", "2010-12-31": "2921.80000", "2010-09-30": "3377.00000", "2010-06-30": "3394.80000", "2010-03-31": "2584.10000", "2009-12-31": "3116.10000", "2009-09-30": "3277.80000", "2009-06-30": "3287.90000", "2009-03-31": "3166.00000", "2008-12-31": "4585.80000", "2008-09-30": "4602.50000", "2008-06-30": "2993.50000", "2008-03-31": "4182.20000", "2007-12-31": "2937.70000", "2007-09-30": "3414.20000", "2007-06-30": "2523.30000", "2007-03-31": "2677.70000", "2006-12-31": "2168.50000", "2006-09-30": "2476.70000", "2006-06-30": "1954.50000", "2006-03-31": "2408.00000", "2005-12-31": "2425.60000", "2005-09-30": "3599.10000", "2005-06-30": "2460.80000", "2005-03-31": "2049.00000"}, "Total Long Term Liabilities": {"2020-12-31": "10126.10000", "2020-09-30": "9668.60000", "2020-06-30": "9767.50000", "2020-03-31": "8977.70000", "2019-12-31": "8829.40000", "2019-09-30": "8014.50000", "2019-06-30": "7255.40000", "2019-03-31": "6967.70000", "2018-12-31": "6543.20000", "2018-09-30": "6786.70000", "2018-06-30": "6385.30000", "2018-03-31": "6078.40000", "2017-12-31": "6812.30000", "2017-09-30": "6706.00000", "2017-06-30": "6551.40000", "2017-03-31": "6101.70000", "2016-12-31": "6716.80000", "2016-09-30": "6351.20000", "2016-06-30": "6562.10000", "2016-03-31": "6526.20000", "2015-12-31": "6221.60000", "2015-09-30": "6366.20000", "2015-06-30": "6801.70000", "2015-03-31": "7709.90000", "2014-12-31": "7237.40000", "2014-09-30": "7477.10000", "2014-06-30": "6816.30000", "2014-03-31": "7213.70000", "2013-12-31": "7496.20000", "2013-09-30": "6663.40000", "2013-06-30": "7966.30000", "2013-03-31": "6476.60000", "2012-12-31": "6681.60100", "2012-09-30": "7769.70000", "2012-06-30": "6816.90000", "2012-03-31": "7087.40000", "2011-12-31": "7483.30000", "2011-09-30": "8536.69900", "2011-06-30": "8007.70000", "2011-03-31": "7377.70000", "2010-12-31": "7824.10000", "2010-09-30": "7824.30000", "2010-06-30": "8400.10000", "2010-03-31": "6981.30000", "2009-12-31": "7782.50000", "2009-09-30": "8019.10100", "2009-06-30": "8252.20000", "2009-03-31": "7635.90000", "2008-12-31": "9208.50000", "2008-09-30": "9184.90000", "2008-06-30": "6712.20000", "2008-03-31": "7800.40000", "2007-12-31": "6550.60000", "2007-09-30": "6621.60000", "2007-06-30": "5584.10000", "2007-03-31": "6082.30000", "2006-12-31": "5198.30000", "2006-09-30": "5840.10000", "2006-06-30": "5180.90000", "2006-03-31": "5613.90000", "2005-12-31": "5792.60000", "2005-09-30": "7097.80000", "2005-06-30": "6158.50000", "2005-03-31": "5469.40000"}, "Total Liabilities": {"2020-12-31": "158315.60000", "2020-09-30": "140502.90000", "2020-06-30": "140050.70000", "2020-03-31": "150829.50000", "2019-12-31": "125737.40000", "2019-09-30": "113544.50000", "2019-06-30": "115745.40000", "2019-03-31": "111253.20000", "2018-12-31": "121704.20000", "2018-09-30": "122014.00000", "2018-06-30": "124748.60000", "2018-03-31": "119446.20000", "2017-12-31": "128374.30000", "2017-09-30": "121235.00000", "2017-06-30": "115537.80000", "2017-03-31": "111511.00000", "2016-12-31": "114156.50000", "2016-09-30": "110505.20000", "2016-06-30": "112558.10000", "2016-03-31": "108966.00000", "2015-12-31": "108043.70000", "2015-09-30": "111210.70000", "2015-06-30": "111193.60000", "2015-03-31": "98344.40000", "2014-12-31": "101497.60000", "2014-09-30": "102611.10000", "2014-06-30": "97718.60000", "2014-03-31": "95884.30000", "2013-12-31": "95035.30000", "2013-09-30": "88152.40000", "2013-06-30": "89511.40000", "2013-03-31": "85544.70000", "2012-12-31": "89936.80000", "2012-09-30": "86100.30000", "2012-06-30": "87065.60000", "2012-03-31": "84381.10000", "2011-12-31": "93106.40000", "2011-09-30": "88945.40000", "2011-06-30": "90372.90000", "2011-03-31": "85751.00000", "2010-12-31": "77013.60000", "2010-09-30": "73954.70000", "2010-06-30": "73429.30000", "2010-03-31": "69871.50000", "2009-12-31": "75829.40000", "2009-09-30": "71678.20000", "2009-06-30": "68916.50000", "2009-03-31": "71939.90000", "2008-12-31": "75664.20000", "2008-09-30": "74408.00000", "2008-06-30": "69842.80000", "2008-03-31": "72721.90000", "2007-12-31": "63102.10000", "2007-09-30": "58739.50000", "2007-06-30": "55382.50000", "2007-03-31": "55489.00000", "2006-12-31": "56768.30000", "2006-09-30": "51264.90000", "2006-06-30": "49517.50000", "2006-03-31": "46491.60000", "2005-12-31": "49813.00000", "2005-09-30": "44898.40000", "2005-06-30": "42809.30000", "2005-03-31": "44399.90000"}, "Common Stock Net": {"2020-12-31": "10803.40000", "2020-09-30": "408.60000", "2020-06-30": "408.60000", "2020-03-31": "408.60000", "2019-12-31": "408.60000", "2019-09-30": "408.60000", "2019-06-30": "408.60000", "2019-03-31": "408.60000", "2018-12-31": "408.60000", "2018-09-30": "408.60000", "2018-06-30": "408.60000", "2018-03-31": "408.60000", "2017-12-31": "408.60000", "2017-09-30": "408.60000", "2017-06-30": "408.60000", "2017-03-31": "408.60000", "2016-12-31": "408.60000", "2016-09-30": "408.60000", "2016-06-30": "408.60000", "2016-03-31": "408.60000", "2015-12-31": "408.60000", "2015-09-30": "408.60000", "2015-06-30": "408.60000", "2015-03-31": "408.60000", "2014-12-31": "408.60000", "2014-09-30": "408.60000", "2014-06-30": "408.60000", "2014-03-31": "408.60000", "2013-12-31": "408.60000", "2013-09-30": "408.60000", "2013-06-30": "408.60000", "2013-03-31": "408.60000", "2012-12-31": "408.60000", "2012-09-30": "408.60000", "2012-06-30": "408.60000", "2012-03-31": "408.60000", "2011-12-31": "408.60000", "2011-09-30": "408.60000", "2011-06-30": "408.60000", "2011-03-31": "408.60000", "2010-12-31": "408.60000", "2010-09-30": "408.60000", "2010-06-30": "408.60000", "2010-03-31": "408.60000", "2009-12-31": "408.60000", "2009-09-30": "408.60000", "2009-06-30": "408.60000", "2009-03-31": "379.80000", "2008-12-31": "379.80000", "2008-09-30": "379.80000", "2008-06-30": "379.80000", "2008-03-31": "379.80000", "2007-12-31": "379.80000", "2007-09-30": "379.80000", "2007-06-30": "379.80000", "2007-03-31": "379.80000", "2006-12-31": "379.80000", "2006-09-30": "379.80000", "2006-06-30": "379.80000", "2006-03-31": "379.80000", "2005-12-31": "379.80000", "2005-09-30": "379.80000", "2005-06-30": "379.80000", "2005-03-31": "379.80000"}, "Retained Earnings (Accumulated Deficit)": {"2020-12-31": "", "2020-09-30": "12118.30000", "2020-06-30": "11988.40000", "2020-03-31": "11828.10000", "2019-12-31": "11656.70000", "2019-09-30": "11441.20000", "2019-06-30": "11225.50000", "2019-03-31": "10972.90000", "2018-12-31": "10776.80000", "2018-09-30": "10496.30000", "2018-06-30": "10262.50000", "2018-03-31": "9973.80000", "2017-12-31": "9685.10000", "2017-09-30": "9431.20000", "2017-06-30": "9247.50000", "2017-03-31": "9074.40000", "2016-12-31": "8908.40000", "2016-09-30": "8736.10000", "2016-06-30": "8566.30000", "2016-03-31": "8394.80000", "2015-12-31": "8242.80000", "2015-09-30": "8093.70000", "2015-06-30": "7949.80000", "2015-03-31": "7771.70000", "2014-12-31": "7625.40000", "2014-09-30": "7469.40000", "2014-06-30": "7344.10000", "2014-03-31": "7241.40000", "2013-12-31": "7134.80000", "2013-09-30": "7040.10000", "2013-06-30": "6909.20000", "2013-03-31": "6793.80000", "2012-12-31": "6702.70000", "2012-09-30": "6607.90000", "2012-06-30": "6502.20000", "2012-03-31": "6323.50000", "2011-12-31": "6302.30000", "2011-09-30": "6240.30000", "2011-06-30": "6138.30000", "2011-03-31": "6054.50000", "2010-12-31": "5972.10000", "2010-09-30": "5883.80000", "2010-06-30": "5796.60000", "2010-03-31": "5665.00000", "2009-12-31": "5576.00000", "2009-09-30": "5443.30000", "2009-06-30": "5323.50000", "2009-03-31": "5166.60000", "2008-12-31": "5091.20000", "2008-09-30": "4821.10000", "2008-06-30": "5032.20000", "2008-03-31": "4879.20000", "2007-12-31": "4556.20000", "2007-09-30": "4493.60000", "2007-06-30": "4340.70000", "2007-03-31": "4190.40000", "2006-12-31": "4131.20000", "2006-09-30": "4016.30000", "2006-06-30": "3902.80000", "2006-03-31": "3785.00000", "2005-12-31": "3672.10000", "2005-09-30": "3574.40000", "2005-06-30": "3482.50000", "2005-03-31": "3389.20000"}, "Comprehensive Income": {"2020-12-31": "", "2020-09-30": "424.50000", "2020-06-30": "370.40000", "2020-03-31": "45.00000", "2019-12-31": "-194.70000", "2019-09-30": "-91.00000", "2019-06-30": "-159.80000", "2019-03-31": "-345.30000", "2018-12-31": "-453.70000", "2018-09-30": "-526.90000", "2018-06-30": "-508.10000", "2018-03-31": "-505.70000", "2017-12-31": "-414.30000", "2017-09-30": "-335.10000", "2017-06-30": "-338.90000", "2017-03-31": "-352.00000", "2016-12-31": "-370.00000", "2016-09-30": "-259.70000", "2016-06-30": "-239.60000", "2016-03-31": "-283.90000", "2015-12-31": "-372.70000", "2015-09-30": "-273.70000", "2015-06-30": "-273.70000", "2015-03-31": "-266.40000", "2014-12-31": "-319.70000", "2014-09-30": "-218.40000", "2014-06-30": "-205.20000", "2014-03-31": "-236.10000", "2013-12-31": "-244.30000", "2013-09-30": "-337.90000", "2013-06-30": "-350.70000", "2013-03-31": "-284.10000", "2012-12-31": "-283.00000", "2012-09-30": "-215.90000", "2012-06-30": "-274.10000", "2012-03-31": "-276.30000", "2011-12-31": "-345.60000", "2011-09-30": "-232.50000", "2011-06-30": "-243.30000", "2011-03-31": "-279.60000", "2010-12-31": "-305.30000", "2010-09-30": "-266.10000", "2010-06-30": "-315.30000", "2010-03-31": "-332.50000", "2009-12-31": "-361.60000", "2009-09-30": "-313.10000", "2009-06-30": "-353.40000", "2009-03-31": "-446.10000", "2008-12-31": "-494.90000", "2008-09-30": "-190.20000", "2008-06-30": "-148.40000", "2008-03-31": "-136.80000", "2007-12-31": "-90.30000", "2007-09-30": "-152.50000", "2007-06-30": "-146.80000", "2007-03-31": "-154.50000", "2006-12-31": "-148.60000", "2006-09-30": "-10.50000", "2006-06-30": "-23.20000", "2006-03-31": "-27.00000", "2005-12-31": "-18.70000", "2005-09-30": "-18.60000", "2005-06-30": "-15.50000", "2005-03-31": "-14.90000"}, "Other Share Holders Equity": {"2020-12-31": "", "2020-09-30": "", "2020-06-30": "", "2020-03-31": "", "2019-12-31": "", "2019-09-30": "", "2019-06-30": "", "2019-03-31": "", "2018-12-31": "", "2018-09-30": "", "2018-06-30": "", "2018-03-31": "", "2017-12-31": "", "2017-09-30": "", "2017-06-30": "", "2017-03-31": "", "2016-12-31": "", "2016-09-30": "", "2016-06-30": "", "2016-03-31": "", "2015-12-31": "", "2015-09-30": "", "2015-06-30": "", "2015-03-31": "", "2014-12-31": "", "2014-09-30": "", "2014-06-30": "", "2014-03-31": "", "2013-12-31": "", "2013-09-30": "", "2013-06-30": "", "2013-03-31": "", "2012-12-31": "", "2012-09-30": "", "2012-06-30": "", "2012-03-31": "", "2011-12-31": "", "2011-09-30": "", "2011-06-30": "", "2011-03-31": "", "2010-12-31": "", "2010-09-30": "", "2010-06-30": "", "2010-03-31": "", "2009-12-31": "", "2009-09-30": "", "2009-06-30": "", "2009-03-31": "", "2008-12-31": "", "2008-09-30": "", "2008-06-30": "", "2008-03-31": "", "2007-12-31": "", "2007-09-30": "", "2007-06-30": "", "2007-03-31": "", "2006-12-31": "", "2006-09-30": "", "2006-06-30": "", "2006-03-31": "", "2005-12-31": "", "2005-09-30": "", "2005-06-30": "", "2005-03-31": ""}, "Share Holder Equity": {"2020-12-31": "11688.30000", "2020-09-30": "11579.10000", "2020-06-30": "11382.20000", "2020-03-31": "10879.70000", "2019-12-31": "11091.00000", "2019-09-30": "10811.30000", "2019-06-30": "10805.50000", "2019-03-31": "10616.20000", "2018-12-31": "10508.30000", "2018-09-30": "10364.50000", "2018-06-30": "10357.60000", "2018-03-31": "10226.00000", "2017-12-31": "10216.20000", "2017-09-30": "10165.20000", "2017-06-30": "10067.90000", "2017-03-31": "9977.70000", "2016-12-31": "9770.40000", "2016-09-30": "9579.80000", "2016-06-30": "8951.50000", "2016-03-31": "8832.80000", "2015-12-31": "8705.90000", "2015-09-30": "8784.50000", "2015-06-30": "8749.30000", "2015-03-31": "8607.60000", "2014-12-31": "8448.90000", "2014-09-30": "8542.60000", "2014-06-30": "8042.60000", "2014-03-31": "7948.30000", "2013-12-31": "7912.00000", "2013-09-30": "7817.10000", "2013-06-30": "7724.60000", "2013-03-31": "7612.10000", "2012-12-31": "7527.00000", "2012-09-30": "7532.20000", "2012-06-30": "7390.30000", "2012-03-31": "7223.20000", "2011-12-31": "7117.30000", "2011-09-30": "7152.80000", "2011-06-30": "7025.40000", "2011-03-31": "6928.20000", "2010-12-31": "6830.30000", "2010-09-30": "6768.70000", "2010-06-30": "6619.60000", "2010-03-31": "6447.10000", "2009-12-31": "6312.10000", "2009-09-30": "6223.30000", "2009-06-30": "6128.70000", "2009-03-31": "6524.70000", "2008-12-31": "6389.40000", "2008-09-30": "4836.00000", "2008-06-30": "4964.10000", "2008-03-31": "4758.40000", "2007-12-31": "4509.10000", "2007-09-30": "4359.40000", "2007-06-30": "4227.20000", "2007-03-31": "4043.40000", "2006-12-31": "3943.90000", "2006-09-30": "3936.00000", "2006-06-30": "3808.40000", "2006-03-31": "3703.40000", "2005-12-31": "3600.80000", "2005-09-30": "3529.00000", "2005-06-30": "3446.30000", "2005-03-31": "3361.40000"}, "Total Liabilities And Share Holders Equity": {"2020-12-31": "170003.90000", "2020-09-30": "152082.00000", "2020-06-30": "151432.90000", "2020-03-31": "161709.20000", "2019-12-31": "136828.40000", "2019-09-30": "124355.80000", "2019-06-30": "126550.90000", "2019-03-31": "121869.40000", "2018-12-31": "132212.50000", "2018-09-30": "132378.50000", "2018-06-30": "135106.20000", "2018-03-31": "129672.20000", "2017-12-31": "138590.50000", "2017-09-30": "131400.20000", "2017-06-30": "125605.70000", "2017-03-31": "121488.70000", "2016-12-31": "123926.90000", "2016-09-30": "120085.00000", "2016-06-30": "121509.60000", "2016-03-31": "117798.80000", "2015-12-31": "116749.60000", "2015-09-30": "119995.20000", "2015-06-30": "119942.90000", "2015-03-31": "106952.00000", "2014-12-31": "109946.50000", "2014-09-30": "111153.70000", "2014-06-30": "105761.20000", "2014-03-31": "103832.60000", "2013-12-31": "102947.30000", "2013-09-30": "95969.50000", "2013-06-30": "97236.00000", "2013-03-31": "93156.80000", "2012-12-31": "97463.80000", "2012-09-30": "93632.50000", "2012-06-30": "94455.90000", "2012-03-31": "91604.30000", "2011-12-31": "100223.70000", "2011-09-30": "96098.20000", "2011-06-30": "97398.30000", "2011-03-31": "92679.20000", "2010-12-31": "83843.90000", "2010-09-30": "80723.40000", "2010-06-30": "80048.90000", "2010-03-31": "76318.60000", "2009-12-31": "82141.50000", "2009-09-30": "77901.50000", "2009-06-30": "75045.20000", "2009-03-31": "78464.60000", "2008-12-31": "82053.60000", "2008-09-30": "79244.00000", "2008-06-30": "74806.90000", "2008-03-31": "77480.30000", "2007-12-31": "67611.20000", "2007-09-30": "63098.90000", "2007-06-30": "59609.70000", "2007-03-31": "59532.40000", "2006-12-31": "60712.20000", "2006-09-30": "55200.90000", "2006-06-30": "53325.90000", "2006-03-31": "50195.00000", "2005-12-31": "53413.80000", "2005-09-30": "48427.40000", "2005-06-30": "46255.60000", "2005-03-31": "47761.30000"}}, "cash flow statement": {"Net Income/Loss": {"2020-12-31": "0.00000", "2019-12-31": "1492.20000", "2018-12-31": "1556.40000", "2017-12-31": "1199.00000", "2016-12-31": "1032.50000", "2015-12-31": "973.80000", "2014-12-31": "811.80000", "2013-12-31": "731.30000", "2012-12-31": "687.30000", "2011-12-31": "603.60000", "2010-12-31": "669.50000", "2009-12-31": "864.20000", "2008-12-31": "794.80000", "2007-12-31": "726.90000", "2006-12-31": "665.40000", "2005-12-31": "584.40000"}, "Total Depreciation And Amortization - Cash Flow": {"2020-12-31": "", "2019-12-31": "523.50000", "2018-12-31": "556.80000", "2017-12-31": "526.70000", "2016-12-31": "474.20000", "2015-12-31": "404.90000", "2014-12-31": "370.50000", "2013-12-31": "363.20000", "2012-12-31": "277.70000", "2011-12-31": "230.90000", "2010-12-31": "194.00000", "2009-12-31": "193.30000", "2008-12-31": "200.10000", "2007-12-31": "-44.70000", "2006-12-31": "38.40000", "2005-12-31": "0.80000"}, "Other Non-Cash Items": {"2020-12-31": "", "2019-12-31": "1169.10000", "2018-12-31": "-777.10000", "2017-12-31": "369.20000", "2016-12-31": "-391.80000", "2015-12-31": "591.40000", "2014-12-31": "-404.00000", "2013-12-31": "-183.20000", "2012-12-31": "-133.80000", "2011-12-31": "213.60000", "2010-12-31": "-286.30000", "2009-12-31": "246.50000", "2008-12-31": "-64.30000", "2007-12-31": "46.10000", "2006-12-31": "-85.80000", "2005-12-31": "65.70000"}, "Total Non-Cash Items": {"2020-12-31": "", "2019-12-31": "1692.60000", "2018-12-31": "-220.30000", "2017-12-31": "895.90000", "2016-12-31": "82.40000", "2015-12-31": "996.30000", "2014-12-31": "-33.50000", "2013-12-31": "180.00000", "2012-12-31": "143.90000", "2011-12-31": "444.49990", "2010-12-31": "-92.30000", "2009-12-31": "439.80000", "2008-12-31": "135.80000", "2007-12-31": "1.40000", "2006-12-31": "-47.40000", "2005-12-31": "66.50000"}, "Change In Accounts Receivable": {"2020-12-31": "", "2019-12-31": "-50.30000", "2018-12-31": "-197.00000", "2017-12-31": "-119.30000", "2016-12-31": "-129.20000", "2015-12-31": "-16.20000", "2014-12-31": "20.90000", "2013-12-31": "-206.20000", "2012-12-31": "-41.90000", "2011-12-31": "-179.70000", "2010-12-31": "-90.60000", "2009-12-31": "65.30000", "2008-12-31": "81.50000", "2007-12-31": "-86.10000", "2006-12-31": "-147.20000", "2005-12-31": "-129.10000"}, "Change In Inventories": {"2020-12-31": "", "2019-12-31": "", "2018-12-31": "", "2017-12-31": "", "2016-12-31": "", "2015-12-31": "", "2014-12-31": "", "2013-12-31": "", "2012-12-31": "", "2011-12-31": "", "2010-12-31": "", "2009-12-31": "", "2008-12-31": "", "2007-12-31": "5.50000", "2006-12-31": "-5.80000", "2005-12-31": "-0.20000"}, "Change In Accounts Payable": {"2020-12-31": "", "2019-12-31": "-23.60000", "2018-12-31": "28.50000", "2017-12-31": "10.70000", "2016-12-31": "-0.10000", "2015-12-31": "-8.20000", "2014-12-31": "-4.50000", "2013-12-31": "-11.20000", "2012-12-31": "-10.00000", "2011-12-31": "5.00000", "2010-12-31": "7.70000", "2009-12-31": "-13.80000", "2008-12-31": "-1.00000", "2007-12-31": "3.40000", "2006-12-31": "13.00000", "2005-12-31": "11.80000"}, "Change In Assets/Liabilities": {"2020-12-31": "", "2019-12-31": "", "2018-12-31": "", "2017-12-31": "", "2016-12-31": "", "2015-12-31": "", "2014-12-31": "", "2013-12-31": "", "2012-12-31": "", "2011-12-31": "", "2010-12-31": "", "2009-12-31": "", "2008-12-31": "", "2007-12-31": "", "2006-12-31": "", "2005-12-31": ""}, "Total Change In Assets/Liabilities": {"2020-12-31": "", "2019-12-31": "-144.60000", "2018-12-31": "-298.50000", "2017-12-31": "-72.40000", "2016-12-31": "-258.30000", "2015-12-31": "182.40000", "2014-12-31": "71.60000", "2013-12-31": "-248.90000", "2012-12-31": "-33.40000", "2011-12-31": "-290.20000", "2010-12-31": "70.60000", "2009-12-31": "112.90000", "2008-12-31": "-9.30000", "2007-12-31": "-215.10000", "2006-12-31": "-235.70000", "2005-12-31": "-117.50000"}, "Cash Flow From Operating Activities": {"2020-12-31": "", "2019-12-31": "2592.00000", "2018-12-31": "1767.50000", "2017-12-31": "1720.40000", "2016-12-31": "1510.00000", "2015-12-31": "1834.40000", "2014-12-31": "936.00000", "2013-12-31": "839.30000", "2012-12-31": "814.40000", "2011-12-31": "1254.30000", "2010-12-31": "790.20000", "2009-12-31": "1014.70000", "2008-12-31": "855.30000", "2007-12-31": "880.70000", "2006-12-31": "388.50000", "2005-12-31": "583.10000"}, "Net Change In Property, Plant, And Equipment": {"2020-12-31": "", "2019-12-31": "-158.00000", "2018-12-31": "-97.60000", "2017-12-31": "-91.60000", "2016-12-31": "-111.30000", "2015-12-31": "-98.50000", "2014-12-31": "-81.90000", "2013-12-31": "-91.90000", "2012-12-31": "-73.30000", "2011-12-31": "-96.90000", "2010-12-31": "-90.50000", "2009-12-31": "-132.60000", "2008-12-31": "-102.30000", "2007-12-31": "-89.50000", "2006-12-31": "-99.40000", "2005-12-31": "-64.70000"}, "Net Change In Intangible Assets": {"2020-12-31": "", "2019-12-31": "-441.80000", "2018-12-31": "-408.40000", "2017-12-31": "-381.20000", "2016-12-31": "-362.10000", "2015-12-31": "-335.00000", "2014-12-31": "-327.60000", "2013-12-31": "-293.00000", "2012-12-31": "-239.20000", "2011-12-31": "-274.20000", "2010-12-31": "-220.60000", "2009-12-31": "-181.60000", "2008-12-31": "-205.70000", "2007-12-31": "-164.00000", "2006-12-31": "-139.10000", "2005-12-31": "-109.00000"}, "Net Acquisitions/Divestitures": {"2020-12-31": "", "2019-12-31": "-10.50000", "2018-12-31": "-104.20000", "2017-12-31": "-188.50000", "2016-12-31": "-16.90000", "2015-12-31": "", "2014-12-31": "", "2013-12-31": "", "2012-12-31": "", "2011-12-31": "-172.60000", "2010-12-31": "", "2009-12-31": "", "2008-12-31": "", "2007-12-31": "", "2006-12-31": "", "2005-12-31": "-464.90000"}, "Net Change In Short-term Investments": {"2020-12-31": "", "2019-12-31": "-3811.50000", "2018-12-31": "10859.10000", "2017-12-31": "-12537.50000", "2016-12-31": "-2591.00000", "2015-12-31": "293.70000", "2014-12-31": "-1732.90000", "2013-12-31": "-6543.00000", "2012-12-31": "3782.40000", "2011-12-31": "-3818.70000", "2010-12-31": "1692.20000", "2009-12-31": "-1834.40000", "2008-12-31": "-1221.60000", "2007-12-31": "-8281.90000", "2006-12-31": "-754.60000", "2005-12-31": "50.30000"}, "Net Change In Long-Term Investments": {"2020-12-31": "", "2019-12-31": "382.79880", "2018-12-31": "-5064.60000", "2017-12-31": "-1706.99800", "2016-12-31": "-7971.30000", "2015-12-31": "-4361.40100", "2014-12-31": "-3422.40000", "2013-12-31": "426.80080", "2012-12-31": "59.30080", "2011-12-31": "-10093.90000", "2010-12-31": "-3284.00000", "2009-12-31": "-2128.80000", "2008-12-31": "-7062.00000", "2007-12-31": "3646.50000", "2006-12-31": "-1092.39800", "2005-12-31": "-1954.30100"}, "Net Change In Investments - Total": {"2020-12-31": "", "2019-12-31": "-3428.70100", "2018-12-31": "5794.50000", "2017-12-31": "-14244.50000", "2016-12-31": "-10562.30000", "2015-12-31": "-4067.70100", "2014-12-31": "-5155.30000", "2013-12-31": "-6116.19900", "2012-12-31": "3841.70100", "2011-12-31": "-13912.60000", "2010-12-31": "-1591.80000", "2009-12-31": "-3963.20000", "2008-12-31": "-8283.60000", "2007-12-31": "-4635.40000", "2006-12-31": "-1846.99800", "2005-12-31": "-1904.00100"}, "Investing Activities - Other": {"2020-12-31": "", "2019-12-31": "634.00000", "2018-12-31": "-857.20000", "2017-12-31": "884.20000", "2016-12-31": "860.50000", "2015-12-31": "-2398.90000", "2014-12-31": "-2669.80000", "2013-12-31": "817.80000", "2012-12-31": "-1901.60000", "2011-12-31": "-932.10000", "2010-12-31": "134.90000", "2009-12-31": "2598.80000", "2008-12-31": "-5755.60000", "2007-12-31": "-2580.30000", "2006-12-31": "-3297.70000", "2005-12-31": "-1527.10000"}, "Cash Flow From Investing Activities": {"2020-12-31": "", "2019-12-31": "-3405.00000", "2018-12-31": "4327.10000", "2017-12-31": "-14021.60000", "2016-12-31": "-10192.10000", "2015-12-31": "-6900.10000", "2014-12-31": "-8234.60000", "2013-12-31": "-5683.30000", "2012-12-31": "1627.60000", "2011-12-31": "-15388.40000", "2010-12-31": "-1768.00000", "2009-12-31": "-1678.60000", "2008-12-31": "-14347.20000", "2007-12-31": "-7469.20000", "2006-12-31": "-5383.20000", "2005-12-31": "-4069.70000"}, "Net Long-Term Debt": {"2020-12-31": "", "2019-12-31": "498.00000", "2018-12-31": "183.60000", "2017-12-31": "141.30000", "2016-12-31": "-6.70000", "2015-12-31": "-231.00000", "2014-12-31": "-640.00000", "2013-12-31": "-54.40000", "2012-12-31": "-423.70000", "2011-12-31": "-380.70000", "2010-12-31": "224.40000", "2009-12-31": "77.60000", "2008-12-31": "997.80000", "2007-12-31": "574.20010", "2006-12-31": "-396.90000", "2005-12-31": "316.40000"}, "Net Current Debt": {"2020-12-31": "", "2019-12-31": "-2904.90000", "2018-12-31": "1503.80000", "2017-12-31": "3409.40000", "2016-12-31": "853.90000", "2015-12-31": "1392.90000", "2014-12-31": "-228.70000", "2013-12-31": "1661.20000", "2012-12-31": "-969.60000", "2011-12-31": "-2020.40000", "2010-12-31": "-4786.40000", "2009-12-31": "5717.00000", "2008-12-31": "-1289.90000", "2007-12-31": "-2411.00000", "2006-12-31": "2393.00000", "2005-12-31": "32.40000"}, "Debt Issuance/Retirement Net - Total": {"2020-12-31": "", "2019-12-31": "-2406.90000", "2018-12-31": "1687.40000", "2017-12-31": "3550.70000", "2016-12-31": "847.20000", "2015-12-31": "1161.90000", "2014-12-31": "-868.70000", "2013-12-31": "1606.80000", "2012-12-31": "-1393.30000", "2011-12-31": "-2401.10000", "2010-12-31": "-4562.00000", "2009-12-31": "5794.60000", "2008-12-31": "-292.10000", "2007-12-31": "-1836.80000", "2006-12-31": "1996.10000", "2005-12-31": "348.80000"}, "Net Common Equity Issued/Repurchased": {"2020-12-31": "", "2019-12-31": "-1056.20000", "2018-12-31": "-891.70000", "2017-12-31": "-415.10000", "2016-12-31": "-177.30000", "2015-12-31": "-402.90000", "2014-12-31": "-353.20000", "2013-12-31": "-163.50000", "2012-12-31": "-55.60000", "2011-12-31": "-3.40000", "2010-12-31": "64.70000", "2009-12-31": "775.30000", "2008-12-31": "93.60000", "2007-12-31": "-8.20000", "2006-12-31": "-43.00000", "2005-12-31": "-114.70000"}, "Net Total Equity Issued/Repurchased": {"2020-12-31": "", "2019-12-31": "-663.70000", "2018-12-31": "-891.70000", "2017-12-31": "-415.10000", "2016-12-31": "316.20000", "2015-12-31": "-402.90000", "2014-12-31": "35.30000", "2013-12-31": "-163.50000", "2012-12-31": "-55.60000", "2011-12-31": "-3.40000", "2010-12-31": "64.70000", "2009-12-31": "-800.70000", "2008-12-31": "1669.60000", "2007-12-31": "-8.20000", "2006-12-31": "-43.00000", "2005-12-31": "-114.70000"}, "Total Common And Preferred Stock Dividends Paid": {"2020-12-31": "", "2019-12-31": "-576.10000", "2018-12-31": "-451.80000", "2017-12-31": "-406.60000", "2016-12-31": "-356.40000", "2015-12-31": "-348.40000", "2014-12-31": "-302.90000", "2013-12-31": "-220.60000", "2012-12-31": "-354.30000", "2011-12-31": "-273.70000", "2010-12-31": "-273.20000", "2009-12-31": "-306.90000", "2008-12-31": "-247.70000", "2007-12-31": "-219.50000", "2006-12-31": "-200.50000", "2005-12-31": "-183.50000"}, "Financial Activities - Other": {"2020-12-31": "", "2019-12-31": "4262.60000", "2018-12-31": "-6162.10000", "2017-12-31": "8523.69900", "2016-12-31": "6729.90000", "2015-12-31": "8123.50000", "2014-12-31": "8210.00000", "2013-12-31": "3165.60000", "2012-12-31": "-1269.70000", "2011-12-31": "18481.80000", "2010-12-31": "5915.60000", "2009-12-31": "-4265.80000", "2008-12-31": "11246.30000", "2007-12-31": "7524.90000", "2006-12-31": "5053.90000", "2005-12-31": "4472.70000"}, "Cash Flow From Financial Activities": {"2020-12-31": "", "2019-12-31": "615.90000", "2018-12-31": "-5818.20000", "2017-12-31": "11252.70000", "2016-12-31": "7536.90000", "2015-12-31": "8534.10000", "2014-12-31": "7073.70000", "2013-12-31": "4388.30000", "2012-12-31": "-3072.90000", "2011-12-31": "15803.60000", "2010-12-31": "1145.10000", "2009-12-31": "421.20000", "2008-12-31": "12376.10000", "2007-12-31": "5460.40000", "2006-12-31": "6806.50000", "2005-12-31": "4523.30000"}, "Net Cash Flow": {"2020-12-31": "", "2019-12-31": "-122.40000", "2018-12-31": "63.50000", "2017-12-31": "-813.90000", "2016-12-31": "-1086.50000", "2015-12-31": "3397.50000", "2014-12-31": "-138.00000", "2013-12-31": "-590.30000", "2012-12-31": "-562.60000", "2011-12-31": "1497.30000", "2010-12-31": "326.20000", "2009-12-31": "-156.40000", "2008-12-31": "-1273.40000", "2007-12-31": "-1039.40000", "2006-12-31": "1964.80000", "2005-12-31": "943.70000"}, "Stock-Based Compensation": {"2020-12-31": "", "2019-12-31": "", "2018-12-31": "", "2017-12-31": "", "2016-12-31": "", "2015-12-31": "", "2014-12-31": "", "2013-12-31": "", "2012-12-31": "", "2011-12-31": "", "2010-12-31": "", "2009-12-31": "", "2008-12-31": "", "2007-12-31": "", "2006-12-31": "", "2005-12-31": ""}, "Common Stock Dividends Paid": {"2020-12-31": "", "2019-12-31": "-529.70000", "2018-12-31": "-405.40000", "2017-12-31": "-356.80000", "2016-12-31": "-333.00000", "2015-12-31": "-321.40000", "2014-12-31": "-302.90000", "2013-12-31": "-220.60000", "2012-12-31": "-354.30000", "2011-12-31": "-273.70000", "2010-12-31": "-273.20000", "2009-12-31": "-260.30000", "2008-12-31": "-247.70000", "2007-12-31": "-219.50000", "2006-12-31": "-200.50000", "2005-12-31": "-183.50000"}}, "cash flow statement, quarterly": {"Net Income/Loss": {"2020-12-31": -968.4, "2020-09-30": 294.5, "2020-06-30": 313.3, "2020-03-31": "360.60000", "2019-12-31": 371.1, "2019-09-30": 384.6, "2019-06-30": 389.4, "2019-03-31": "347.10000", "2018-12-31": 409.9, "2018-09-30": 374.5, "2018-06-30": 390.4, "2018-03-31": "381.60000", "2017-12-31": 356.6, "2017-09-30": 298.4, "2017-06-30": 267.9, "2017-03-31": "276.10000", "2016-12-31": 266.5, "2016-09-30": 257.6, "2016-06-30": 263, "2016-03-31": "245.40000", "2015-12-31": 239.3, "2015-09-30": 234.6, "2015-06-30": 269.2, "2015-03-31": "230.70000", "2014-12-31": 244, "2014-09-30": 204.5, "2014-06-30": 181.9, "2014-03-31": "181.40000", "2013-12-31": 169.7, "2013-09-30": 206.5, "2013-06-30": 191.1, "2013-03-31": "164.00000", "2012-12-31": 167.7, "2012-09-30": 178.8, "2012-06-30": 179.6, "2012-03-31": "161.20000", "2011-12-31": 130.2, "2011-09-30": 170.4, "2011-06-30": 152, "2011-03-31": "151.00000", "2010-12-31": 157.1, "2010-09-30": 155.6, "2010-06-30": 199.6, "2010-03-31": "157.20000", "2009-12-31": 200.3, "2009-09-30": 187.9, "2009-06-30": 314.2, "2009-03-31": "161.80000", "2008-12-31": 342.3, "2008-09-30": -148.3, "2008-06-30": 215.6, "2008-03-31": "385.20000", "2007-12-31": 125, "2007-09-30": 208.3, "2007-06-30": 206.9, "2007-03-31": "186.70000", "2006-12-31": 170.8, "2006-09-30": 163.7, "2006-06-30": 167.9, "2006-03-31": "163.00000", "2005-12-31": 147.6, "2005-09-30": 147.7, "2005-06-30": 150, "2005-03-31": "139.10000"}, "Total Depreciation And Amortization - Cash Flow": {"2020-12-31": -435.8, "2020-09-30": 147.4, "2020-06-30": 142.2, "2020-03-31": "146.20000", "2019-12-31": 130.2, "2019-09-30": 129.4, "2019-06-30": 130, "2019-03-31": "133.90000", "2018-12-31": 130.1, "2018-09-30": 134.7, "2018-06-30": 140.5, "2018-03-31": "151.50000", "2017-12-31": 126.9, "2017-09-30": 140.4, "2017-06-30": 139.2, "2017-03-31": "120.20000", "2016-12-31": 131.9, "2016-09-30": 120.2, "2016-06-30": 119.3, "2016-03-31": "102.80000", "2015-12-31": 99.8, "2015-09-30": 97.6, "2015-06-30": 108.4, "2015-03-31": "99.10000", "2014-12-31": 89.8, "2014-09-30": 94.1, "2014-06-30": 100.1, "2014-03-31": "86.50000", "2013-12-31": 99.9, "2013-09-30": 87.5, "2013-06-30": 98, "2013-03-31": "77.80000", "2012-12-31": 100, "2012-09-30": 67.9, "2012-06-30": 57.8, "2012-03-31": "52.00000", "2011-12-31": 53.5, "2011-09-30": 66.3, "2011-06-30": 56.6, "2011-03-31": "54.50000", "2010-12-31": 52.4, "2010-09-30": 50.3, "2010-06-30": 45.7, "2010-03-31": "45.60000", "2009-12-31": 53.9, "2009-09-30": 42, "2009-06-30": 48.6, "2009-03-31": "48.80000", "2008-12-31": 51.7, "2008-09-30": 45.7, "2008-06-30": 69.7, "2008-03-31": "33.00000", "2007-12-31": 25.8, "2007-09-30": -35, "2007-06-30": -22, "2007-03-31": "-13.50000", "2006-12-31": -11.3, "2006-09-30": 15.3, "2006-06-30": 16.1, "2006-03-31": "18.30000", "2005-12-31": 18.4, "2005-09-30": 4.2, "2005-06-30": -12.7, "2005-03-31": "-9.10000"}, "Other Non-Cash Items": {"2020-12-31": 820.4, "2020-09-30": -69.3, "2020-06-30": 2768.7, "2020-03-31": "-3519.80000", "2019-12-31": 1144.9, "2019-09-30": -324.1, "2019-06-30": 58.4, "2019-03-31": "289.90000", "2018-12-31": -433, "2018-09-30": 670.5, "2018-06-30": -320.1, "2018-03-31": "-694.50000", "2017-12-31": -140.2, "2017-09-30": 51.2, "2017-06-30": -102.1, "2017-03-31": "560.30000", "2016-12-31": -50.5, "2016-09-30": 733.8, "2016-06-30": -867.6, "2016-03-31": "-207.50000", "2015-12-31": 797.8, "2015-09-30": -1328.1, "2015-06-30": 853.3, "2015-03-31": "268.40000", "2014-12-31": -559.5, "2014-09-30": -365.1, "2014-06-30": 21.8, "2014-03-31": "498.80000", "2013-12-31": -262.1, "2013-09-30": 1903.6, "2013-06-30": -1865.4, "2013-03-31": "40.70000", "2012-12-31": -57.8, "2012-09-30": 132.6, "2012-06-30": -376.9, "2012-03-31": "168.30000", "2011-12-31": 1371.9, "2011-09-30": -1274.6, "2011-06-30": 169.7, "2011-03-31": "-53.40000", "2010-12-31": -715.7, "2010-09-30": 294.4, "2010-06-30": 491.4, "2010-03-31": "-356.40000", "2009-12-31": 193.4, "2009-09-30": 54.6, "2009-06-30": -53.8, "2009-03-31": "52.30000", "2008-12-31": -622.9, "2008-09-30": 618.3, "2008-06-30": 2.5, "2008-03-31": "-62.20000", "2007-12-31": 42.5, "2007-09-30": -0.4, "2007-06-30": 4, "2007-03-31": "", "2006-12-31": -98.8, "2006-09-30": 6, "2006-06-30": 3, "2006-03-31": "4.00000", "2005-12-31": 67.9, "2005-09-30": 2.9, "2005-06-30": -5.1, "2005-03-31": ""}, "Total Non-Cash Items": {"2020-12-31": 384.6, "2020-09-30": 78.1, "2020-06-30": 2910.9, "2020-03-31": "-3373.60000", "2019-12-31": 1275.1, "2019-09-30": -194.7, "2019-06-30": 188.4, "2019-03-31": "423.80000", "2018-12-31": -302.9, "2018-09-30": 805.2, "2018-06-30": -179.6, "2018-03-31": "-543.00000", "2017-12-31": -13.3, "2017-09-30": 191.6, "2017-06-30": 37.1, "2017-03-31": "680.50000", "2016-12-31": 81.4, "2016-09-30": 854, "2016-06-30": -748.3, "2016-03-31": "-104.70000", "2015-12-31": 897.6, "2015-09-30": -1230.5, "2015-06-30": 961.7, "2015-03-31": "367.50000", "2014-12-31": -469.7, "2014-09-30": -271, "2014-06-30": 121.9, "2014-03-31": "585.30000", "2013-12-31": -162.2, "2013-09-30": 1991.1, "2013-06-30": -1767.4, "2013-03-31": "118.50000", "2012-12-31": 42.2, "2012-09-30": 200.5, "2012-06-30": -319.1, "2012-03-31": "220.30000", "2011-12-31": 1425.3999, "2011-09-30": -1208.3, "2011-06-30": 226.3, "2011-03-31": "1.10000", "2010-12-31": -663.3, "2010-09-30": 344.7, "2010-06-30": 537.1, "2010-03-31": "-310.80000", "2009-12-31": 247.3, "2009-09-30": 96.6, "2009-06-30": -5.2, "2009-03-31": "101.10000", "2008-12-31": -571.2, "2008-09-30": 664, "2008-06-30": 72.2, "2008-03-31": "-29.20000", "2007-12-31": 68.3, "2007-09-30": -35.4, "2007-06-30": -18, "2007-03-31": "-13.50000", "2006-12-31": -110.1, "2006-09-30": 21.3, "2006-06-30": 19.1, "2006-03-31": "22.30000", "2005-12-31": 86.3, "2005-09-30": 7.1, "2005-06-30": -17.8, "2005-03-31": "-9.10000"}, "Change In Accounts Receivable": {"2020-12-31": -47.6, "2020-09-30": 87, "2020-06-30": 83.3, "2020-03-31": "-122.70000", "2019-12-31": 278.3, "2019-09-30": 141.7, "2019-06-30": -365, "2019-03-31": "-105.30000", "2018-12-31": 44, "2018-09-30": -33.5, "2018-06-30": -127.8, "2018-03-31": "-79.70000", "2017-12-31": 15.8, "2017-09-30": -63.7, "2017-06-30": -65.8, "2017-03-31": "-5.60000", "2016-12-31": -48.7, "2016-09-30": -39, "2016-06-30": 53.9, "2016-03-31": "-95.40000", "2015-12-31": -2.9, "2015-09-30": 14.4, "2015-06-30": -78, "2015-03-31": "50.30000", "2014-12-31": -21.2, "2014-09-30": -98.4, "2014-06-30": 395.4, "2014-03-31": "-254.90000", "2013-12-31": -178.3, "2013-09-30": -122.4, "2013-06-30": 126.8, "2013-03-31": "-32.30000", "2012-12-31": -6.3, "2012-09-30": -13.7, "2012-06-30": -4.5, "2012-03-31": "-17.40000", "2011-12-31": -284.2, "2011-09-30": 10.2, "2011-06-30": 129.2, "2011-03-31": "-34.90000", "2010-12-31": 25.2, "2010-09-30": -167.1, "2010-06-30": 51, "2010-03-31": "0.30000", "2009-12-31": 1.6, "2009-09-30": -5.1, "2009-06-30": -51.8, "2009-03-31": "120.60000", "2008-12-31": -6.6, "2008-09-30": 69.5, "2008-06-30": -71.2, "2008-03-31": "89.80000", "2007-12-31": -48.6, "2007-09-30": -57, "2007-06-30": 40.5, "2007-03-31": "-21.00000", "2006-12-31": -35, "2006-09-30": -41.1, "2006-06-30": -28.9, "2006-03-31": "-42.20000", "2005-12-31": -30.5, "2005-09-30": -40.3, "2005-06-30": -30.6, "2005-03-31": "-27.70000"}, "Change In Inventories": {"2020-12-31": 0, "2020-09-30": 0, "2020-06-30": 0, "2020-03-31": "", "2019-12-31": 0, "2019-09-30": 0, "2019-06-30": 0, "2019-03-31": "", "2018-12-31": 0, "2018-09-30": 0, "2018-06-30": 0, "2018-03-31": "", "2017-12-31": 0, "2017-09-30": 0, "2017-06-30": 0, "2017-03-31": "", "2016-12-31": 0, "2016-09-30": 0, "2016-06-30": 0, "2016-03-31": "", "2015-12-31": 0, "2015-09-30": 0, "2015-06-30": 0, "2015-03-31": "", "2014-12-31": 0, "2014-09-30": 0, "2014-06-30": 0, "2014-03-31": "", "2013-12-31": 0, "2013-09-30": 0, "2013-06-30": 0, "2013-03-31": "", "2012-12-31": 0, "2012-09-30": 0, "2012-06-30": 0, "2012-03-31": "", "2011-12-31": 0, "2011-09-30": 0, "2011-06-30": 0, "2011-03-31": "", "2010-12-31": 0, "2010-09-30": 0, "2010-06-30": 0, "2010-03-31": "", "2009-12-31": 7.7, "2009-09-30": -5.3, "2009-06-30": 0.4, "2009-03-31": "-2.80000", "2008-12-31": 5.6, "2008-09-30": 3, "2008-06-30": -0.3, "2008-03-31": "-8.30000", "2007-12-31": 1.2, "2007-09-30": 2.8, "2007-06-30": 1, "2007-03-31": "0.50000", "2006-12-31": -0.8, "2006-09-30": 2.1, "2006-06-30": -3.2, "2006-03-31": "-3.90000", "2005-12-31": 1.1, "2005-09-30": -2.4, "2005-06-30": 8.7, "2005-03-31": "-7.60000"}, "Change In Accounts Payable": {"2020-12-31": 5, "2020-09-30": 11.1, "2020-06-30": -10.4, "2020-03-31": "-5.70000", "2019-12-31": -14.4, "2019-09-30": -3.9, "2019-06-30": -1.7, "2019-03-31": "-3.60000", "2018-12-31": 2.4, "2018-09-30": 13.4, "2018-06-30": 7, "2018-03-31": "5.70000", "2017-12-31": -5.8, "2017-09-30": 8.2, "2017-06-30": 2.4, "2017-03-31": "5.90000", "2016-12-31": -0.8, "2016-09-30": 1.4, "2016-06-30": -3, "2016-03-31": "2.30000", "2015-12-31": -2.3, "2015-09-30": 2.9, "2015-06-30": -2.6, "2015-03-31": "-6.20000", "2014-12-31": -1.6, "2014-09-30": 7.3, "2014-06-30": -10.1, "2014-03-31": "-0.10000", "2013-12-31": 3.5, "2013-09-30": -2.5, "2013-06-30": 6.6, "2013-03-31": "-18.80000", "2012-12-31": -11.2, "2012-09-30": 2.7, "2012-06-30": 12.3, "2012-03-31": "-13.80000", "2011-12-31": 3.4, "2011-09-30": 12.4, "2011-06-30": 1, "2011-03-31": "-11.80000", "2010-12-31": 13.7, "2010-09-30": -1.7, "2010-06-30": 14.1, "2010-03-31": "-18.40000", "2009-12-31": 8.6, "2009-09-30": -12.4, "2009-06-30": 21.7, "2009-03-31": "-31.70000", "2008-12-31": 8.7, "2008-09-30": 15.3, "2008-06-30": -8.2, "2008-03-31": "-16.80000", "2007-12-31": 4.1, "2007-09-30": 7.3, "2007-06-30": 4, "2007-03-31": "-12.00000", "2006-12-31": 14.5, "2006-09-30": 6.9, "2006-06-30": 9.5, "2006-03-31": "-17.90000", "2005-12-31": 9.2, "2005-09-30": 3.5, "2005-06-30": 6.4, "2005-03-31": "-7.30000"}, "Change In Assets/Liabilities": {"2020-12-31": 0, "2020-09-30": 0, "2020-06-30": 0, "2020-03-31": "", "2019-12-31": 0, "2019-09-30": 0, "2019-06-30": 0, "2019-03-31": "", "2018-12-31": 0, "2018-09-30": 0, "2018-06-30": 0, "2018-03-31": "", "2017-12-31": 0, "2017-09-30": 0, "2017-06-30": 0, "2017-03-31": "", "2016-12-31": 0, "2016-09-30": 0, "2016-06-30": 0, "2016-03-31": "", "2015-12-31": 0, "2015-09-30": 0, "2015-06-30": 0, "2015-03-31": "", "2014-12-31": 0, "2014-09-30": 0, "2014-06-30": 0, "2014-03-31": "", "2013-12-31": 0, "2013-09-30": 0, "2013-06-30": 0, "2013-03-31": "", "2012-12-31": 0, "2012-09-30": 0, "2012-06-30": 0, "2012-03-31": "", "2011-12-31": 0, "2011-09-30": 0, "2011-06-30": 0, "2011-03-31": "", "2010-12-31": 0, "2010-09-30": 0, "2010-06-30": 0, "2010-03-31": "", "2009-12-31": 0, "2009-09-30": 0, "2009-06-30": 0, "2009-03-31": "", "2008-12-31": 0, "2008-09-30": 0, "2008-06-30": 0, "2008-03-31": "", "2007-12-31": 0, "2007-09-30": 0, "2007-06-30": 0, "2007-03-31": "", "2006-12-31": 0, "2006-09-30": 0, "2006-06-30": 0, "2006-03-31": "", "2005-12-31": 0, "2005-09-30": 0, "2005-06-30": 0, "2005-03-31": ""}, "Total Change In Assets/Liabilities": {"2020-12-31": -42.6, "2020-09-30": 98.1, "2020-06-30": 72.9, "2020-03-31": "-128.40000", "2019-12-31": 193.2, "2019-09-30": 137.8, "2019-06-30": -366.7, "2019-03-31": "-108.90000", "2018-12-31": -83.6, "2018-09-30": -20.1, "2018-06-30": -120.8, "2018-03-31": "-74.00000", "2017-12-31": 46.2, "2017-09-30": -55.5, "2017-06-30": -63.4, "2017-03-31": "0.30000", "2016-12-31": -178.5, "2016-09-30": -37.6, "2016-06-30": 50.9, "2016-03-31": "-93.10000", "2015-12-31": 201.6, "2015-09-30": 17.3, "2015-06-30": -80.6, "2015-03-31": "44.10000", "2014-12-31": 32.4, "2014-09-30": -91.1, "2014-06-30": 385.3, "2014-03-31": "-255.00000", "2013-12-31": -206.3, "2013-09-30": -124.9, "2013-06-30": 133.4, "2013-03-31": "-51.10000", "2012-12-31": 1, "2012-09-30": -11, "2012-06-30": 7.8, "2012-03-31": "-31.20000", "2011-12-31": -396.3, "2011-09-30": 22.6, "2011-06-30": 130.2, "2011-03-31": "-46.70000", "2010-12-31": 192.4, "2010-09-30": -168.8, "2010-06-30": 65.1, "2010-03-31": "-18.10000", "2009-12-31": 79.3, "2009-09-30": -22.8, "2009-06-30": -29.7, "2009-03-31": "86.10000", "2008-12-31": -82.1, "2008-09-30": 87.8, "2008-06-30": -79.7, "2008-03-31": "64.70000", "2007-12-31": -181.2, "2007-09-30": -46.9, "2007-06-30": 45.5, "2007-03-31": "-32.50000", "2006-12-31": -117, "2006-09-30": -32.1, "2006-06-30": -22.6, "2006-03-31": "-64.00000", "2005-12-31": -20.2, "2005-09-30": -39.2, "2005-06-30": -15.5, "2005-03-31": "-42.60000"}, "Cash Flow From Operating Activities": {"2020-12-31": -420.5, "2020-09-30": -77.9, "2020-06-30": 3183.7, "2020-03-31": "-2685.30000", "2019-12-31": 1636.4, "2019-09-30": 577.1, "2019-06-30": 84.8, "2019-03-31": "293.70000", "2018-12-31": 459.1, "2018-09-30": 1453.9, "2018-06-30": 332.3, "2018-03-31": "-477.80000", "2017-12-31": 850.7, "2017-09-30": 557.1, "2017-06-30": -472.1, "2017-03-31": "784.70000", "2016-12-31": 838.5, "2016-09-30": 1178.7, "2016-06-30": -211.7, "2016-03-31": "-295.50000", "2015-12-31": 1350.6, "2015-09-30": -1043.4, "2015-06-30": 1036.4, "2015-03-31": "490.80000", "2014-12-31": -337.5, "2014-09-30": -266.5, "2014-06-30": 1001.5, "2014-03-31": "538.50000", "2013-12-31": -121.6, "2013-09-30": 2242.6, "2013-06-30": -1594.2, "2013-03-31": "312.50000", "2012-12-31": 23.2, "2012-09-30": 251.9, "2012-06-30": -218.3, "2012-03-31": "757.60000", "2011-12-31": 1391.3, "2011-09-30": -700.2, "2011-06-30": 490.3, "2011-03-31": "72.90000", "2010-12-31": -129.2, "2010-09-30": 152, "2010-06-30": 732.6, "2010-03-31": "34.80000", "2009-12-31": 322.2, "2009-09-30": 349.3, "2009-06-30": -103.6, "2009-03-31": "446.80000", "2008-12-31": -63.9, "2008-09-30": 347.3, "2008-06-30": 300.8, "2008-03-31": "271.10000", "2007-12-31": 278.5, "2007-09-30": 234.8, "2007-06-30": 256.1, "2007-03-31": "111.30000", "2006-12-31": 22.4, "2006-09-30": 182.5, "2006-06-30": 47.2, "2006-03-31": "136.40000", "2005-12-31": 243, "2005-09-30": 95.9, "2005-06-30": 21.8, "2005-03-31": "222.40000"}, "Net Change In Property, Plant, And Equipment": {"2020-12-31": 102.6, "2020-09-30": -26, "2020-06-30": -39, "2020-03-31": "-37.60000", "2019-12-31": -108.2, "2019-09-30": -22.1, "2019-06-30": -18.6, "2019-03-31": "-9.10000", "2018-12-31": -58.6, "2018-09-30": -15.7, "2018-06-30": -17.3, "2018-03-31": "-6.00000", "2017-12-31": -27.9, "2017-09-30": -23.6, "2017-06-30": -25.8, "2017-03-31": "-14.30000", "2016-12-31": -53.3, "2016-09-30": -26, "2016-06-30": -20, "2016-03-31": "-12.00000", "2015-12-31": -43.2, "2015-09-30": -12.7, "2015-06-30": -17.1, "2015-03-31": "-25.50000", "2014-12-31": -30.9, "2014-09-30": -18.6, "2014-06-30": -18.9, "2014-03-31": "-13.50000", "2013-12-31": -86.9, "2013-09-30": 26.7, "2013-06-30": -19.8, "2013-03-31": "-11.90000", "2012-12-31": -45.4, "2012-09-30": -11, "2012-06-30": -7, "2012-03-31": "-9.90000", "2011-12-31": -41.8, "2011-09-30": -30, "2011-06-30": -16.2, "2011-03-31": "-8.90000", "2010-12-31": -31.9, "2010-09-30": -28.3, "2010-06-30": -10.9, "2010-03-31": "-19.40000", "2009-12-31": -26, "2009-09-30": -19.3, "2009-06-30": -37.1, "2009-03-31": "-50.20000", "2008-12-31": -37.9, "2008-09-30": -21.8, "2008-06-30": -21.4, "2008-03-31": "-21.20000", "2007-12-31": -36.5, "2007-09-30": -13.9, "2007-06-30": -23.6, "2007-03-31": "-15.50000", "2006-12-31": -38, "2006-09-30": -29.3, "2006-06-30": -22.7, "2006-03-31": "-9.40000", "2005-12-31": -12.5, "2005-09-30": -15.6, "2005-06-30": -16.4, "2005-03-31": "-20.20000"}, "Net Change In Intangible Assets": {"2020-12-31": 287.5, "2020-09-30": -99.7, "2020-06-30": -93, "2020-03-31": "-94.80000", "2019-12-31": -137.1, "2019-09-30": -95.9, "2019-06-30": -126.9, "2019-03-31": "-81.90000", "2018-12-31": -119.3, "2018-09-30": -114.9, "2018-06-30": -94.4, "2018-03-31": "-79.80000", "2017-12-31": -93, "2017-09-30": -108.9, "2017-06-30": -99.4, "2017-03-31": "-79.90000", "2016-12-31": -111.7, "2016-09-30": -96.6, "2016-06-30": -88.8, "2016-03-31": "-65.00000", "2015-12-31": -106, "2015-09-30": -80.2, "2015-06-30": -80.4, "2015-03-31": "-68.40000", "2014-12-31": -92.4, "2014-09-30": -75.6, "2014-06-30": -84.7, "2014-03-31": "-74.90000", "2013-12-31": -89.2, "2013-09-30": -73.1, "2013-06-30": -70.3, "2013-03-31": "-60.40000", "2012-12-31": -89.8, "2012-09-30": -51.7, "2012-06-30": -50.3, "2012-03-31": "-47.40000", "2011-12-31": -54.4, "2011-09-30": -147.2, "2011-06-30": -3.6, "2011-03-31": "-69.00000", "2010-12-31": -67.9, "2010-09-30": -47, "2010-06-30": -44.7, "2010-03-31": "-61.00000", "2009-12-31": -44.6, "2009-09-30": -41.6, "2009-06-30": -39.7, "2009-03-31": "-55.70000", "2008-12-31": -48.1, "2008-09-30": -50.7, "2008-06-30": -48.9, "2008-03-31": "-58.00000", "2007-12-31": -37.9, "2007-09-30": -40.8, "2007-06-30": -39.6, "2007-03-31": "-45.70000", "2006-12-31": -30.6, "2006-09-30": -35.5, "2006-06-30": -34.5, "2006-03-31": "-38.50000", "2005-12-31": -24.8, "2005-09-30": -29.2, "2005-06-30": -27.4, "2005-03-31": "-27.60000"}, "Net Acquisitions/Divestitures": {"2020-12-31": 0, "2020-09-30": 0, "2020-06-30": 0, "2020-03-31": "", "2019-12-31": 0, "2019-09-30": -10.5, "2019-06-30": 0, "2019-03-31": "", "2018-12-31": -34.2, "2018-09-30": 0, "2018-06-30": -70, "2018-03-31": "", "2017-12-31": -188.5, "2017-09-30": 0, "2017-06-30": 0, "2017-03-31": "", "2016-12-31": 0, "2016-09-30": 0, "2016-06-30": -16.9, "2016-03-31": "", "2015-12-31": 0, "2015-09-30": 0, "2015-06-30": 0, "2015-03-31": "", "2014-12-31": 0, "2014-09-30": 0, "2014-06-30": 0, "2014-03-31": "", "2013-12-31": 0, "2013-09-30": 0, "2013-06-30": 0, "2013-03-31": "", "2012-12-31": 0, "2012-09-30": 0, "2012-06-30": 0, "2012-03-31": "", "2011-12-31": 0, "2011-09-30": -101.6, "2011-06-30": -71, "2011-03-31": "", "2010-12-31": 0, "2010-09-30": 0, "2010-06-30": 0, "2010-03-31": "", "2009-12-31": 0, "2009-09-30": 0, "2009-06-30": 0, "2009-03-31": "", "2008-12-31": 0, "2008-09-30": 0, "2008-06-30": 0, "2008-03-31": "", "2007-12-31": 0, "2007-09-30": 0, "2007-06-30": 0, "2007-03-31": "", "2006-12-31": 0, "2006-09-30": 0, "2006-06-30": 0, "2006-03-31": "", "2005-12-31": -7.1, "2005-09-30": 0, "2005-06-30": 0, "2005-03-31": "-457.80000"}, "Net Change In Short-term Investments": {"2020-12-31": 3115.3, "2020-09-30": 4034.2, "2020-06-30": 5175, "2020-03-31": "-12324.50000", "2019-12-31": -11658.3, "2019-09-30": 4767.9, "2019-06-30": -4681, "2019-03-31": "7759.90000", "2018-12-31": 1188, "2018-09-30": 1686.3, "2018-06-30": -3996.5, "2018-03-31": "11981.30000", "2017-12-31": -5865.9, "2017-09-30": -4876.5, "2017-06-30": -2287.1, "2017-03-31": "492.00000", "2016-12-31": -4071.8, "2016-09-30": 1685.4, "2016-06-30": -2769.9, "2016-03-31": "2565.30000", "2015-12-31": 5126.3, "2015-09-30": -3729, "2015-06-30": -8391.9, "2015-03-31": "7288.30000", "2014-12-31": 3665.9, "2014-09-30": -7500.6, "2014-06-30": -947.1, "2014-03-31": "3048.90000", "2013-12-31": -6636.7, "2013-09-30": -709.1, "2013-06-30": -906.2, "2013-03-31": "1709.00000", "2012-12-31": -537.8, "2012-09-30": 952.3, "2012-06-30": -5508.3, "2012-03-31": "8876.20000", "2011-12-31": -4602.2999, "2011-09-30": 6170.1999, "2011-06-30": 239.5, "2011-03-31": "-5626.10000", "2010-12-31": -3566.8, "2010-09-30": 457.2, "2010-06-30": -343.9, "2010-03-31": "5145.70000", "2009-12-31": -3993.9, "2009-09-30": -4020.6, "2009-06-30": 1662.3, "2009-03-31": "4517.80000", "2008-12-31": -214.8, "2008-09-30": -2272.4, "2008-06-30": 6622.7, "2008-03-31": "-5357.10000", "2007-12-31": -6807.7, "2007-09-30": -2665.7, "2007-06-30": 3942.7, "2007-03-31": "-2751.20000", "2006-12-31": -2133.5, "2006-09-30": -936.7, "2006-06-30": -899, "2006-03-31": "3214.60000", "2005-12-31": -4138.6, "2005-09-30": 728.7, "2005-06-30": 1847.6, "2005-03-31": "1612.60000"}, "Net Change In Long-Term Investments": {"2020-12-31": 7369.502, "2020-09-30": -3674.902, "2020-06-30": -2479, "2020-03-31": "-1215.60000", "2019-12-31": -469.0996, "2019-09-30": -2510.7026, "2019-06-30": 1258.201, "2019-03-31": "2104.40000", "2018-12-31": -523.702, "2018-09-30": -1451.598, "2018-06-30": -1575.199, "2018-03-31": "-1514.10100", "2017-12-31": -2210.8984, "2017-09-30": -1060.9986, "2017-06-30": 795.7994, "2017-03-31": "769.09960", "2016-12-31": -672.499, "2016-09-30": -3835.401, "2016-06-30": -2033.4, "2016-03-31": "-1430.00000", "2015-12-31": -902.701, "2015-09-30": 1709.5, "2015-06-30": -2039.8, "2015-03-31": "-3128.40000", "2014-12-31": -1616.601, "2014-09-30": 1364.601, "2014-06-30": -165.2, "2014-03-31": "-3005.20000", "2013-12-31": -45.999, "2013-09-30": -143.7002, "2013-06-30": -286.6001, "2013-03-31": "903.10010", "2012-12-31": -1968.8982, "2012-09-30": 123.199, "2012-06-30": 2473.1992, "2012-03-31": "-568.19920", "2011-12-31": -1784.201, "2011-09-30": -4312.499, "2011-06-30": -2007.2, "2011-03-31": "-1990.00000", "2010-12-31": -623.601, "2010-09-30": -946.999, "2010-06-30": -1943.1998, "2010-03-31": "229.79980", "2009-12-31": -571.401, "2009-09-30": 201.001, "2009-06-30": 424.4, "2009-03-31": "-2182.80000", "2008-12-31": -2434.8, "2008-09-30": -1694, "2008-06-30": -1175.2, "2008-03-31": "-1758.00000", "2007-12-31": 2818.9961, "2007-09-30": 952.1055, "2007-06-30": -74.8008, "2007-03-31": "-49.80080", "2006-12-31": -496.2964, "2006-09-30": -1207.8008, "2006-06-30": 414, "2006-03-31": "197.69920", "2005-12-31": -1403.1994, "2005-09-30": -1335.502, "2005-06-30": 545.3008, "2005-03-31": "239.09960"}, "Net Change In Investments - Total": {"2020-12-31": 10484.8, "2020-09-30": 359.3, "2020-06-30": 2696, "2020-03-31": "-13540.10000", "2019-12-31": -12127.399, "2019-09-30": 2257.198, "2019-06-30": -3422.8, "2019-03-31": "9864.30000", "2018-12-31": 664.299, "2018-09-30": 234.701, "2018-06-30": -5571.7, "2018-03-31": "10467.20000", "2017-12-31": -8076.8, "2017-09-30": -5937.4994, "2017-06-30": -1491.3006, "2017-03-31": "1261.10000", "2016-12-31": -4744.299, "2016-09-30": -2150.001, "2016-06-30": -4803.3, "2016-03-31": "1135.30000", "2015-12-31": 4223.6, "2015-09-30": -2019.501, "2015-06-30": -10431.7, "2015-03-31": "4159.90000", "2014-12-31": 2049.299, "2014-09-30": -6135.999, "2014-06-30": -1112.3002, "2014-03-31": "43.70020", "2013-12-31": -6682.6988, "2013-09-30": -852.8002, "2013-06-30": -1192.8, "2013-03-31": "2612.10000", "2012-12-31": -2506.698, "2012-09-30": 1075.499, "2012-06-30": -3035.101, "2012-03-31": "8308.00100", "2011-12-31": -6386.5, "2011-09-30": 1857.701, "2011-06-30": -1767.701, "2011-03-31": "-7616.10000", "2010-12-31": -4190.401, "2010-09-30": -489.798, "2010-06-30": -2287.101, "2010-03-31": "5375.50000", "2009-12-31": -4565.3006, "2009-09-30": -3819.5994, "2009-06-30": 2086.7, "2009-03-31": "2335.00000", "2008-12-31": -2649.6, "2008-09-30": -3966.4, "2008-06-30": 5447.501, "2008-03-31": "-7115.10100", "2007-12-31": -3988.704, "2007-09-30": -1713.594, "2007-06-30": 3867.899, "2007-03-31": "-2801.00100", "2006-12-31": -2629.7966, "2006-09-30": -2144.5004, "2006-06-30": -485, "2006-03-31": "3412.29900", "2005-12-31": -5541.799, "2005-09-30": -606.803, "2005-06-30": 2392.901, "2005-03-31": "1851.70000"}, "Investing Activities - Other": {"2020-12-31": 2239.6, "2020-09-30": 943.2, "2020-06-30": 4645, "2020-03-31": "-7827.80000", "2019-12-31": -30.7, "2019-09-30": -461.6, "2019-06-30": -708, "2019-03-31": "1834.30000", "2018-12-31": -1473.3, "2018-09-30": 1626.6, "2018-06-30": -1785.2999, "2018-03-31": "774.79990", "2017-12-31": 330.3, "2017-09-30": 402.3, "2017-06-30": 292, "2017-03-31": "-140.40000", "2016-12-31": -30.1, "2016-09-30": 1950.3, "2016-06-30": -663.9, "2016-03-31": "-395.80000", "2015-12-31": -451.2, "2015-09-30": -742.4, "2015-06-30": 54.8, "2015-03-31": "-1260.10000", "2014-12-31": -1094.7, "2014-09-30": 248.9, "2014-06-30": -1046.6, "2014-03-31": "-777.40000", "2013-12-31": 665.5, "2013-09-30": -1301.9, "2013-06-30": -444.9, "2013-03-31": "1899.10000", "2012-12-31": -1063.4, "2012-09-30": -288.8, "2012-06-30": -201.8, "2012-03-31": "-347.60000", "2011-12-31": 10.6, "2011-09-30": 637, "2011-06-30": -1268, "2011-03-31": "-311.70000", "2010-12-31": 217.8, "2010-09-30": 88, "2010-06-30": -381.8, "2010-03-31": "210.90000", "2009-12-31": -63.5, "2009-09-30": 1072.2, "2009-06-30": 2396.8, "2009-03-31": "-806.70000", "2008-12-31": -761.3, "2008-09-30": -1352.4, "2008-06-30": -2389.5, "2008-03-31": "-1252.40000", "2007-12-31": -631.1, "2007-09-30": -597.4, "2007-06-30": -2948.6, "2007-03-31": "1596.80000", "2006-12-31": -1959.2, "2006-09-30": 293.9, "2006-06-30": -1307.6, "2006-03-31": "-324.80000", "2005-12-31": -184.2, "2005-09-30": 257.9, "2005-06-30": -725.7, "2005-03-31": "-875.10000"}, "Cash Flow From Investing Activities": {"2020-12-31": 13114.5, "2020-09-30": 1176.8, "2020-06-30": 7209, "2020-03-31": "-21500.30000", "2019-12-31": -12403.4, "2019-09-30": 1667.1, "2019-06-30": -4276.3, "2019-03-31": "11607.60000", "2018-12-31": -1021.1, "2018-09-30": 1730.7, "2018-06-30": -7538.7, "2018-03-31": "11156.20000", "2017-12-31": -8055.9, "2017-09-30": -5667.7, "2017-06-30": -1324.5, "2017-03-31": "1026.50000", "2016-12-31": -4939.4, "2016-09-30": -322.3, "2016-06-30": -5592.9, "2016-03-31": "662.50000", "2015-12-31": 3623.2, "2015-09-30": -2854.8, "2015-06-30": -10474.4, "2015-03-31": "2805.90000", "2014-12-31": 831.3, "2014-09-30": -5981.3, "2014-06-30": -2262.5, "2014-03-31": "-822.10000", "2013-12-31": -6193.3, "2013-09-30": -2201.1, "2013-06-30": -1727.8, "2013-03-31": "4438.90000", "2012-12-31": -3705.3, "2012-09-30": 724, "2012-06-30": -3294.2, "2012-03-31": "7903.10000", "2011-12-31": -6472.1, "2011-09-30": 2215.9, "2011-06-30": -3126.5, "2011-03-31": "-8005.70000", "2010-12-31": -4072.4, "2010-09-30": -477.1, "2010-06-30": -2724.5, "2010-03-31": "5506.00000", "2009-12-31": -4699.4, "2009-09-30": -2808.3, "2009-06-30": 4406.7, "2009-03-31": "1422.40000", "2008-12-31": -3496.9, "2008-09-30": -5391.3, "2008-06-30": 2987.7, "2008-03-31": "-8446.70000", "2007-12-31": -4694.2, "2007-09-30": -2365.7, "2007-06-30": 856.1, "2007-03-31": "-1265.40000", "2006-12-31": -4657.6, "2006-09-30": -1915.4, "2006-06-30": -1849.8, "2006-03-31": "3039.60000", "2005-12-31": -5770.4, "2005-09-30": -393.7, "2005-06-30": 1623.4, "2005-03-31": "471.00000"}, "Net Long-Term Debt": {"2020-12-31": -993.2, "2020-09-30": 0, "2020-06-30": 993.2, "2020-03-31": "", "2019-12-31": 0, "2019-09-30": 0, "2019-06-30": 498, "2019-03-31": "", "2018-12-31": -8.9, "2018-09-30": 192.5, "2018-06-30": 1.7, "2018-03-31": "-1.70000", "2017-12-31": -201.7, "2017-09-30": -1.7, "2017-06-30": 348.5, "2017-03-31": "-3.80000", "2016-12-31": -2.5, "2016-09-30": -1.4, "2016-06-30": -1.4, "2016-03-31": "-1.40000", "2015-12-31": -1.5, "2015-09-30": -1.1, "2015-06-30": 1.7, "2015-03-31": "-230.10000", "2014-12-31": -1.3, "2014-09-30": -36.3, "2014-06-30": -601.3, "2014-03-31": "-1.10000", "2013-12-31": 748.8, "2013-09-30": -401.1, "2013-06-30": -201.1, "2013-03-31": "-201.00000", "2012-12-31": -201, "2012-09-30": 254.1, "2012-06-30": -125.9, "2012-03-31": "-350.90000", "2011-12-31": -0.9, "2011-09-30": -62.1, "2011-06-30": -125.8, "2011-03-31": "-191.90000", "2010-12-31": 499.3, "2010-09-30": -592.8, "2010-06-30": 574.4, "2010-03-31": "-256.50000", "2009-12-31": -50.6, "2009-09-30": -232.8, "2009-06-30": 493.1, "2009-03-31": "-132.10000", "2008-12-31": -5.8, "2008-09-30": 897.2, "2008-06-30": 117.4, "2008-03-31": "-11.00000", "2007-12-31": 414.4001, "2007-09-30": 139.6, "2007-06-30": -355.4, "2007-03-31": "375.60000", "2006-12-31": -357.4, "2006-09-30": 128.7, "2006-06-30": -4.3, "2006-03-31": "-163.90000", "2005-12-31": -122.3, "2005-09-30": -191.4, "2005-06-30": 299.7, "2005-03-31": "330.40000"}, "Net Current Debt": {"2020-12-31": -496.9, "2020-09-30": 40.6, "2020-06-30": -2127.8, "2020-03-31": "2584.10000", "2019-12-31": -489.4, "2019-09-30": -0.4, "2019-06-30": -185.5, "2019-03-31": "-2229.60000", "2018-12-31": 323.4, "2018-09-30": -1506.4, "2018-06-30": 3666.2001, "2018-03-31": "-979.40010", "2017-12-31": 455.3, "2017-09-30": 4070.4, "2017-06-30": -210, "2017-03-31": "-906.30000", "2016-12-31": 1113.6, "2016-09-30": -2229.3, "2016-06-30": 2124.4, "2016-03-31": "-154.80000", "2015-12-31": 36.8, "2015-09-30": 1247.8, "2015-06-30": -161.8, "2015-03-31": "270.10000", "2014-12-31": -32.9, "2014-09-30": 1443.3, "2014-06-30": -502.8, "2014-03-31": "-1136.30000", "2013-12-31": 236.2, "2013-09-30": -1614.4, "2013-06-30": 1651.4, "2013-03-31": "1388.00000", "2012-12-31": 455.7, "2012-09-30": -1839.8, "2012-06-30": 55, "2012-03-31": "359.50000", "2011-12-31": 1045.4, "2011-09-30": -2959.0002, "2011-06-30": -2182.4998, "2011-03-31": "2075.70000", "2010-12-31": -2732.799, "2010-09-30": 634.699, "2010-06-30": 1622.2, "2010-03-31": "-4310.50000", "2009-12-31": 1430.9, "2009-09-30": 1251.4, "2009-06-30": -3875.601, "2009-03-31": "6910.30100", "2008-12-31": 1265.4, "2008-09-30": -73.8, "2008-06-30": -3672.6, "2008-03-31": "1191.10000", "2007-12-31": 889, "2007-09-30": 512.6, "2007-06-30": 1549.8, "2007-03-31": "-5362.40000", "2006-12-31": 1145, "2006-09-30": 1095.1, "2006-06-30": -615.4, "2006-03-31": "768.30000", "2005-12-31": 1195.7, "2005-09-30": 711.9, "2005-06-30": -240.1, "2005-03-31": "-1635.10000"}, "Debt Issuance/Retirement Net - Total": {"2020-12-31": -1490.1, "2020-09-30": 40.6, "2020-06-30": -1134.6, "2020-03-31": "2584.10000", "2019-12-31": -489.4, "2019-09-30": -0.4, "2019-06-30": 312.5, "2019-03-31": "-2229.60000", "2018-12-31": 314.5, "2018-09-30": -1313.9, "2018-06-30": 3667.9001, "2018-03-31": "-981.10010", "2017-12-31": 253.6, "2017-09-30": 4068.7, "2017-06-30": 138.5, "2017-03-31": "-910.10000", "2016-12-31": 1111.1, "2016-09-30": -2230.7, "2016-06-30": 2123, "2016-03-31": "-156.20000", "2015-12-31": 35.3, "2015-09-30": 1246.7, "2015-06-30": -160.1, "2015-03-31": "40.00000", "2014-12-31": -34.2, "2014-09-30": 1407, "2014-06-30": -1104.1, "2014-03-31": "-1137.40000", "2013-12-31": 985, "2013-09-30": -2015.5, "2013-06-30": 1450.3, "2013-03-31": "1187.00000", "2012-12-31": 254.7, "2012-09-30": -1585.7, "2012-06-30": -70.9, "2012-03-31": "8.60000", "2011-12-31": 1044.5, "2011-09-30": -3021.1002, "2011-06-30": -2308.2998, "2011-03-31": "1883.80000", "2010-12-31": -2233.5, "2010-09-30": 41.9, "2010-06-30": 2196.6, "2010-03-31": "-4567.00000", "2009-12-31": 1380.3, "2009-09-30": 1018.6, "2009-06-30": -3382.501, "2009-03-31": "6778.20100", "2008-12-31": 1259.6, "2008-09-30": 823.4, "2008-06-30": -3555.2, "2008-03-31": "1180.10000", "2007-12-31": 1303.4, "2007-09-30": 652.2, "2007-06-30": 1194.4, "2007-03-31": "-4986.80000", "2006-12-31": 787.6, "2006-09-30": 1223.8, "2006-06-30": -619.7, "2006-03-31": "604.40000", "2005-12-31": 1073.4, "2005-09-30": 520.5, "2005-06-30": 59.6, "2005-03-31": "-1304.70000"}, "Net Common Equity Issued/Repurchased": {"2020-12-31": 287.8, "2020-09-30": -1.4, "2020-06-30": 1.6, "2020-03-31": "-288.00000", "2019-12-31": -240.3, "2019-09-30": -296.4, "2019-06-30": -267.6, "2019-03-31": "-251.90000", "2018-12-31": -231.9, "2018-09-30": -227.9, "2018-06-30": -187.8, "2018-03-31": "-244.10000", "2017-12-31": -145.7, "2017-09-30": -112, "2017-06-30": -124.5, "2017-03-31": "-32.90000", "2016-12-31": 106.8, "2016-09-30": -29.7, "2016-06-30": -119.4, "2016-03-31": "-135.00000", "2015-12-31": -146.7, "2015-09-30": -128.1, "2015-06-30": -53.1, "2015-03-31": "-75.00000", "2014-12-31": -160, "2014-09-30": -24.7, "2014-06-30": -59.5, "2014-03-31": "-109.00000", "2013-12-31": -110.8, "2013-09-30": -71.3, "2013-06-30": 41.7, "2013-03-31": "-23.10000", "2012-12-31": -34, "2012-09-30": -23.6, "2012-06-30": -14.2, "2012-03-31": "16.20000", "2011-12-31": 15.6, "2011-09-30": 14.8, "2011-06-30": -24, "2011-03-31": "-9.80000", "2010-12-31": 13.6, "2010-09-30": 41.9, "2010-06-30": 9, "2010-03-31": "0.20000", "2009-12-31": 2.2, "2009-09-30": -84.3, "2009-06-30": 846.8, "2009-03-31": "10.60000", "2008-12-31": -1.6, "2008-09-30": 101.1, "2008-06-30": 43, "2008-03-31": "-48.90000", "2007-12-31": -1, "2007-09-30": -35.2, "2007-06-30": 3.2, "2007-03-31": "24.80000", "2006-12-31": 19.5, "2006-09-30": -9.1, "2006-06-30": -32.7, "2006-03-31": "-20.70000", "2005-12-31": -31.3, "2005-09-30": -24.8, "2005-06-30": -26.7, "2005-03-31": "-31.90000"}, "Net Total Equity Issued/Repurchased": {"2020-12-31": 687.8, "2020-09-30": -1.4, "2020-06-30": 1.6, "2020-03-31": "-688.00000", "2019-12-31": 152.2, "2019-09-30": -296.4, "2019-06-30": -267.6, "2019-03-31": "-251.90000", "2018-12-31": -231.9, "2018-09-30": -227.9, "2018-06-30": -187.8, "2018-03-31": "-244.10000", "2017-12-31": -145.7, "2017-09-30": -112, "2017-06-30": -124.5, "2017-03-31": "-32.90000", "2016-12-31": 106.8, "2016-09-30": 463.8, "2016-06-30": -119.4, "2016-03-31": "-135.00000", "2015-12-31": -146.7, "2015-09-30": -128.1, "2015-06-30": -53.1, "2015-03-31": "-75.00000", "2014-12-31": -160, "2014-09-30": 363.8, "2014-06-30": -59.5, "2014-03-31": "-109.00000", "2013-12-31": -110.8, "2013-09-30": -71.3, "2013-06-30": 41.7, "2013-03-31": "-23.10000", "2012-12-31": -34, "2012-09-30": -23.6, "2012-06-30": -14.2, "2012-03-31": "16.20000", "2011-12-31": 15.6, "2011-09-30": 14.8, "2011-06-30": -24, "2011-03-31": "-9.80000", "2010-12-31": 13.6, "2010-09-30": 41.9, "2010-06-30": 9, "2010-03-31": "0.20000", "2009-12-31": 2.2, "2009-09-30": -84.3, "2009-06-30": -729.2, "2009-03-31": "10.60000", "2008-12-31": 1574.4, "2008-09-30": 101.1, "2008-06-30": 43, "2008-03-31": "-48.90000", "2007-12-31": -1, "2007-09-30": -35.2, "2007-06-30": 3.2, "2007-03-31": "24.80000", "2006-12-31": 19.5, "2006-09-30": -9.1, "2006-06-30": -32.7, "2006-03-31": "-20.70000", "2005-12-31": -31.3, "2005-09-30": -24.8, "2005-06-30": -26.7, "2005-03-31": "-31.90000"}, "Total Common And Preferred Stock Dividends Paid": {"2020-12-31": 468.5, "2020-09-30": -150.5, "2020-06-30": -165.1, "2020-03-31": "-152.90000", "2019-12-31": -166, "2019-09-30": -135, "2019-06-30": -148.4, "2019-03-31": "-126.70000", "2018-12-31": -139.1, "2018-09-30": -99.9, "2018-06-30": -111.9, "2018-03-31": "-100.90000", "2017-12-31": -113, "2017-09-30": -92.8, "2017-06-30": -108, "2017-03-31": "-92.80000", "2016-12-31": -91.9, "2016-09-30": -87.7, "2016-06-30": -88.1, "2016-03-31": "-88.70000", "2015-12-31": -89.4, "2015-09-30": -89.6, "2015-06-30": -82.9, "2015-03-31": "-86.50000", "2014-12-31": -77.5, "2014-09-30": -75.5, "2014-06-30": -74.9, "2014-03-31": "-75.00000", "2013-12-31": -74.3, "2013-09-30": -74.5, "2013-06-30": -70.7, "2013-03-31": "-1.10000", "2012-12-31": -144.8, "2012-09-30": -73.4, "2012-06-30": -68.6, "2012-03-31": "-67.50000", "2011-12-31": -68.2, "2011-09-30": -68.4, "2011-06-30": -68.5, "2011-03-31": "-68.60000", "2010-12-31": -68.6, "2010-09-30": -69.1, "2010-06-30": -67.8, "2010-03-31": "-67.70000", "2009-12-31": -67.6, "2009-09-30": -67.6, "2009-06-30": -89.3, "2009-03-31": "-82.40000", "2008-12-31": -62.3, "2008-09-30": -61.9, "2008-06-30": -61.6, "2008-03-31": "-61.90000", "2007-12-31": -55, "2007-09-30": -55, "2007-06-30": -54.9, "2007-03-31": "-54.60000", "2006-12-31": -50.1, "2006-09-30": -50.1, "2006-06-30": -50.2, "2006-03-31": "-50.10000", "2005-12-31": -45.8, "2005-09-30": -45.8, "2005-06-30": -45.9, "2005-03-31": "-46.00000"}, "Financial Activities - Other": {"2020-12-31": -12698.5, "2020-09-30": -727, "2020-06-30": -10539.3, "2020-03-31": "23964.80000", "2019-12-31": 10618, "2019-09-30": -2051.7, "2019-06-30": 4534.5, "2019-03-31": "-8838.20000", "2018-12-31": 134.3, "2018-09-30": -1297.9, "2018-06-30": 2842.6, "2018-03-31": "-7841.10000", "2017-12-31": 6441.199, "2017-09-30": 768.6, "2017-06-30": 2985.7, "2017-03-31": "-1671.80000", "2016-12-31": 3589.4, "2016-09-30": 553.2, "2016-06-30": 2207.6, "2016-03-31": "379.70000", "2015-12-31": -2834.5, "2015-09-30": 310.5, "2015-06-30": 12717.3, "2015-03-31": "-2069.80000", "2014-12-31": -145.699, "2014-09-30": 3580.799, "2014-06-30": 2665.4, "2014-03-31": "2109.50000", "2013-12-31": 6014.2, "2013-09-30": 172, "2013-06-30": 2809.8, "2013-03-31": "-5830.40000", "2012-12-31": 3902.7, "2012-09-30": 509.2, "2012-06-30": 3063, "2012-03-31": "-8744.60000", "2011-12-31": 4163.5, "2011-09-30": 1013.1, "2011-06-30": 6426, "2011-03-31": "6879.20000", "2010-12-31": 5749.9, "2010-09-30": 138.1, "2010-06-30": 759, "2010-03-31": "-731.40000", "2009-12-31": 2665.7, "2009-09-30": 1895.3, "2009-06-30": 246.3, "2009-03-31": "-9073.10000", "2008-12-31": -294.9, "2008-09-30": 2462.7, "2008-06-30": 1963.2, "2008-03-31": "7115.30000", "2007-12-31": 3185.9, "2007-09-30": 1876.2, "2007-06-30": -1315.8, "2007-03-31": "3778.60000", "2006-12-31": 4963.5, "2006-09-30": 33.2, "2006-06-30": 3966, "2006-03-31": "-3908.80000", "2005-12-31": 5067.5, "2005-09-30": 414.5, "2005-06-30": -1947.3, "2005-03-31": "938.00000"}, "Cash Flow From Financial Activities": {"2020-12-31": -13032.3, "2020-09-30": -838.3, "2020-06-30": -11837.4, "2020-03-31": "25708.00000", "2019-12-31": 10114.8, "2019-09-30": -2483.5, "2019-06-30": 4431, "2019-03-31": "-11446.40000", "2018-12-31": 77.8, "2018-09-30": -2939.6, "2018-06-30": 6210.8, "2018-03-31": "-9167.20000", "2017-12-31": 6436.1, "2017-09-30": 4632.5, "2017-06-30": 2891.7, "2017-03-31": "-2707.60000", "2016-12-31": 4715.4, "2016-09-30": -1301.4, "2016-06-30": 4123.1, "2016-03-31": "-0.20000", "2015-12-31": -3035.3, "2015-09-30": 1339.5, "2015-06-30": 12421.2, "2015-03-31": "-2191.30000", "2014-12-31": -417.4, "2014-09-30": 5276.1, "2014-06-30": 1426.9, "2014-03-31": "788.10000", "2013-12-31": 6814.1, "2013-09-30": -1989.3, "2013-06-30": 4231.1, "2013-03-31": "-4667.60000", "2012-12-31": 3978.6, "2012-09-30": -1173.5, "2012-06-30": 2909.3, "2012-03-31": "-8787.30000", "2011-12-31": 5155.4, "2011-09-30": -2061.6, "2011-06-30": 4025.2, "2011-03-31": "8684.60000", "2010-12-31": 3461.4, "2010-09-30": 152.8, "2010-06-30": 2896.8, "2010-03-31": "-5365.90000", "2009-12-31": 3980.6, "2009-09-30": 2762, "2009-06-30": -3954.7, "2009-03-31": "-2366.70000", "2008-12-31": 2476.8, "2008-09-30": 3325.3, "2008-06-30": -1610.6, "2008-03-31": "8184.60000", "2007-12-31": 4433.3, "2007-09-30": 2438.2, "2007-06-30": -173.1, "2007-03-31": "-1238.00000", "2006-12-31": 5720.5, "2006-09-30": 1197.8, "2006-06-30": 3263.4, "2006-03-31": "-3375.20000", "2005-12-31": 6063.8, "2005-09-30": 864.4, "2005-06-30": -1960.3, "2005-03-31": "-444.60000"}, "Net Cash Flow": {"2020-12-31": -278.3, "2020-09-30": 275.3, "2020-06-30": -1371, "2020-03-31": "1374.00000", "2019-12-31": -578.4, "2019-09-30": -310.7, "2019-06-30": 274.2, "2019-03-31": "492.50000", "2018-12-31": -491.8, "2018-09-30": 185.3, "2018-06-30": -1193.3, "2018-03-31": "1563.30000", "2017-12-31": -744.8, "2017-09-30": -431.9, "2017-06-30": 1045.6, "2017-03-31": "-682.80000", "2016-12-31": 439.3, "2016-09-30": -419.4, "2016-06-30": -1676.3, "2016-03-31": "569.90000", "2015-12-31": 1973.4, "2015-09-30": -2671.1, "2015-06-30": 3071, "2015-03-31": "1024.20000", "2014-12-31": 105.5, "2014-09-30": -1026.3, "2014-06-30": 268.9, "2014-03-31": "513.90000", "2013-12-31": 471.7, "2013-09-30": -1940.2, "2013-06-30": 857.4, "2013-03-31": "20.80000", "2012-12-31": 356, "2012-09-30": -197.6, "2012-06-30": -686, "2012-03-31": "-35.00000", "2011-12-31": -21.3, "2011-09-30": -762.5, "2011-06-30": 1506.3, "2011-03-31": "774.80000", "2010-12-31": -671.5, "2010-09-30": -34.7, "2010-06-30": 872.5, "2010-03-31": "159.90000", "2009-12-31": -394.1, "2009-09-30": 354.6, "2009-06-30": 427.2, "2009-03-31": "-544.10000", "2008-12-31": -1127.5, "2008-09-30": -1875.9, "2008-06-30": 1590.1, "2008-03-31": "139.90000", "2007-12-31": 50.1, "2007-09-30": 352.5, "2007-06-30": 947.5, "2007-03-31": "-2389.50000", "2006-12-31": 1136.1, "2006-09-30": -531.8, "2006-06-30": 1541.3, "2006-03-31": "-180.80000", "2005-12-31": 517.8, "2005-09-30": 549.1, "2005-06-30": -348.4, "2005-03-31": "225.20000"}, "Stock-Based Compensation": {"2020-12-31": 0, "2020-09-30": 0, "2020-06-30": 0, "2020-03-31": "", "2019-12-31": 0, "2019-09-30": 0, "2019-06-30": 0, "2019-03-31": "", "2018-12-31": 0, "2018-09-30": 0, "2018-06-30": 0, "2018-03-31": "", "2017-12-31": 0, "2017-09-30": 0, "2017-06-30": 0, "2017-03-31": "", "2016-12-31": 0, "2016-09-30": 0, "2016-06-30": 0, "2016-03-31": "", "2015-12-31": 0, "2015-09-30": 0, "2015-06-30": 0, "2015-03-31": "", "2014-12-31": 0, "2014-09-30": 0, "2014-06-30": 0, "2014-03-31": "", "2013-12-31": 0, "2013-09-30": 0, "2013-06-30": 0, "2013-03-31": "", "2012-12-31": 0, "2012-09-30": 0, "2012-06-30": 0, "2012-03-31": "", "2011-12-31": 0, "2011-09-30": 0, "2011-06-30": 0, "2011-03-31": "", "2010-12-31": 0, "2010-09-30": 0, "2010-06-30": 0, "2010-03-31": "", "2009-12-31": 0, "2009-09-30": 0, "2009-06-30": 0, "2009-03-31": "", "2008-12-31": 0, "2008-09-30": 0, "2008-06-30": 0, "2008-03-31": "", "2007-12-31": 0, "2007-09-30": 0, "2007-06-30": 0, "2007-03-31": "", "2006-12-31": 0, "2006-09-30": 0, "2006-06-30": 0, "2006-03-31": "", "2005-12-31": 0, "2005-09-30": 0, "2005-06-30": 0, "2005-03-31": ""}, "Common Stock Dividends Paid": {"2020-12-31": 438.8, "2020-09-30": -145.8, "2020-06-30": -145.9, "2020-03-31": "-147.10000", "2019-12-31": -148.7, "2019-09-30": -129.1, "2019-06-30": -131.1, "2019-03-31": "-120.80000", "2018-12-31": -121.8, "2018-09-30": -94, "2018-06-30": -94.6, "2018-03-31": "-95.00000", "2017-12-31": -95.6, "2017-09-30": -87, "2017-06-30": -87.3, "2017-03-31": "-86.90000", "2016-12-31": -86.1, "2016-09-30": -81.8, "2016-06-30": -82.3, "2016-03-31": "-82.80000", "2015-12-31": -83.6, "2015-09-30": -83.7, "2015-06-30": -77.1, "2015-03-31": "-77.00000", "2014-12-31": -77.5, "2014-09-30": -75.5, "2014-06-30": -74.9, "2014-03-31": "-75.00000", "2013-12-31": -74.3, "2013-09-30": -74.5, "2013-06-30": -70.7, "2013-03-31": "-1.10000", "2012-12-31": -144.8, "2012-09-30": -73.4, "2012-06-30": -68.6, "2012-03-31": "-67.50000", "2011-12-31": -68.2, "2011-09-30": -68.4, "2011-06-30": -68.5, "2011-03-31": "-68.60000", "2010-12-31": -68.6, "2010-09-30": -69.1, "2010-06-30": -67.8, "2010-03-31": "-67.70000", "2009-12-31": -67.6, "2009-09-30": -67.6, "2009-06-30": -62.6, "2009-03-31": "-62.50000", "2008-12-31": -62.3, "2008-09-30": -61.9, "2008-06-30": -61.6, "2008-03-31": "-61.90000", "2007-12-31": -55, "2007-09-30": -55, "2007-06-30": -54.9, "2007-03-31": "-54.60000", "2006-12-31": -50.1, "2006-09-30": -50.1, "2006-06-30": -50.2, "2006-03-31": "-50.10000", "2005-12-31": -45.8, "2005-09-30": -45.8, "2005-06-30": -45.9, "2005-03-31": "-46.00000"}}, "financial ratios": {"Current Ratio": {"2019-12-31": "", "2018-12-31": "", "2017-12-31": "", "2016-12-31": "", "2015-12-31": "", "2014-12-31": "", "2013-12-31": "", "2012-12-31": "", "2011-12-31": "", "2010-12-31": "", "2009-12-31": "", "2008-12-31": "", "2007-12-31": "", "2006-12-31": "", "2005-12-31": ""}, "Long-term Debt / Capital": {"2019-12-31": "0.26500", "2018-12-31": "0.24450", "2017-12-31": "0.23990", "2016-12-31": "0.24120", "2015-12-31": "0.26540", "2014-12-31": "0.28630", "2013-12-31": "0.33480", "2012-12-31": "0.35290", "2011-12-31": "0.38930", "2010-12-31": "0.41780", "2009-12-31": "0.42500", "2008-12-31": "0.41980", "2007-12-31": "0.44480", "2006-12-31": "0.43450", "2005-12-31": "0.48320"}, "Debt/Equity Ratio": {"2019-12-31": "1.06270", "2018-12-31": "1.33850", "2017-12-31": "1.21330", "2016-12-31": "0.91020", "2015-12-31": "0.93030", "2014-12-31": "0.81580", "2013-12-31": "0.93830", "2012-12-31": "0.79070", "2011-12-31": "1.05130", "2010-12-31": "1.44890", "2009-12-31": "2.28640", "2008-12-31": "1.35720", "2007-12-31": "1.98520", "2006-12-31": "2.73320", "2005-12-31": "2.46280"}, "Gross Margin": {"2019-12-31": "", "2018-12-31": "", "2017-12-31": "", "2016-12-31": "", "2015-12-31": "", "2014-12-31": "", "2013-12-31": "", "2012-12-31": "", "2011-12-31": "", "2010-12-31": "", "2009-12-31": "", "2008-12-31": "", "2007-12-31": "", "2006-12-31": "", "2005-12-31": ""}, "Operating Margin": {"2019-12-31": "", "2018-12-31": "", "2017-12-31": "", "2016-12-31": "", "2015-12-31": "", "2014-12-31": "", "2013-12-31": "", "2012-12-31": "", "2011-12-31": "", "2010-12-31": "", "2009-12-31": "", "2008-12-31": "", "2007-12-31": "", "2006-12-31": "", "2005-12-31": ""}, "EBIT Margin": {"2019-12-31": "", "2018-12-31": "", "2017-12-31": "", "2016-12-31": "", "2015-12-31": "", "2014-12-31": "", "2013-12-31": "", "2012-12-31": "", "2011-12-31": "", "2010-12-31": "", "2009-12-31": "", "2008-12-31": "", "2007-12-31": "", "2006-12-31": "", "2005-12-31": ""}, "EBITDA Margin": {"2019-12-31": "", "2018-12-31": "", "2017-12-31": "", "2016-12-31": "", "2015-12-31": "", "2014-12-31": "", "2013-12-31": "", "2012-12-31": "", "2011-12-31": "", "2010-12-31": "", "2009-12-31": "", "2008-12-31": "", "2007-12-31": "", "2006-12-31": "", "2005-12-31": ""}, "Pre-Tax Profit Margin": {"2019-12-31": "31.93540", "2018-12-31": "32.76820", "2017-12-31": "30.23890", "2016-12-31": "30.41620", "2015-12-31": "30.87070", "2014-12-31": "27.51780", "2013-12-31": "26.42960", "2012-12-31": "25.63350", "2011-12-31": "23.78800", "2010-12-31": "28.37970", "2009-12-31": "35.14100", "2008-12-31": "30.64010", "2007-12-31": "30.38670", "2006-12-31": "34.35650", "2005-12-31": "33.85060"}, "Net Profit Margin": {"2019-12-31": "23.47230", "2018-12-31": "24.93680", "2017-12-31": "20.92060", "2016-12-31": "19.85650", "2015-12-31": "19.70250", "2014-12-31": "18.24190", "2013-12-31": "17.67870", "2012-12-31": "17.49630", "2011-12-31": "16.05700", "2010-12-31": "19.03550", "2009-12-31": "21.08400", "2008-12-31": "18.80150", "2007-12-31": "20.82210", "2006-12-31": "22.32060", "2005-12-31": "22.28240"}, "Asset Turnover": {"2019-12-31": "0.04450", "2018-12-31": "0.04520", "2017-12-31": "0.03900", "2016-12-31": "0.04020", "2015-12-31": "0.04060", "2014-12-31": "0.03930", "2013-12-31": "0.03950", "2012-12-31": "0.03970", "2011-12-31": "0.03710", "2010-12-31": "0.04160", "2009-12-31": "0.04350", "2008-12-31": "0.05070", "2007-12-31": "0.05160", "2006-12-31": "0.04910", "2005-12-31": "0.04910"}, "Inventory Turnover Ratio": {"2019-12-31": "", "2018-12-31": "", "2017-12-31": "", "2016-12-31": "", "2015-12-31": "", "2014-12-31": "", "2013-12-31": "", "2012-12-31": "", "2011-12-31": "", "2010-12-31": "", "2009-12-31": "", "2008-12-31": "", "2007-12-31": "", "2006-12-31": "", "2005-12-31": ""}, "Receiveable Turnover": {"2019-12-31": "", "2018-12-31": "", "2017-12-31": "", "2016-12-31": "", "2015-12-31": "", "2014-12-31": "", "2013-12-31": "", "2012-12-31": "", "2011-12-31": "", "2010-12-31": "", "2009-12-31": "", "2008-12-31": "", "2007-12-31": "", "2006-12-31": "", "2005-12-31": ""}, "Days Sales In Receivables": {"2019-12-31": "", "2018-12-31": "", "2017-12-31": "", "2016-12-31": "", "2015-12-31": "", "2014-12-31": "", "2013-12-31": "", "2012-12-31": "", "2011-12-31": "", "2010-12-31": "", "2009-12-31": "", "2008-12-31": "", "2007-12-31": "", "2006-12-31": "", "2005-12-31": ""}, "ROE - Return On Equity": {"2019-12-31": "15.19920", "2018-12-31": "16.16820", "2017-12-31": "12.84520", "2016-12-31": "11.61630", "2015-12-31": "11.70800", "2014-12-31": "10.07150", "2013-12-31": "9.24290", "2012-12-31": "9.13110", "2011-12-31": "8.48070", "2010-12-31": "9.80190", "2009-12-31": "13.69120", "2008-12-31": "16.25990", "2007-12-31": "16.12070", "2006-12-31": "16.87160", "2005-12-31": "16.22970"}, "Return On Tangible Equity": {"2019-12-31": "14.35610", "2018-12-31": "15.81870", "2017-12-31": "12.47580", "2016-12-31": "11.16100", "2015-12-31": "11.90540", "2014-12-31": "10.25560", "2013-12-31": "9.92090", "2012-12-31": "9.83370", "2011-12-31": "9.16590", "2010-12-31": "10.41310", "2009-12-31": "14.62140", "2008-12-31": "13.24670", "2007-12-31": "17.80180", "2006-12-31": "18.89590", "2005-12-31": "16.22970"}, "ROA - Return On Assets": {"2019-12-31": "1.09060", "2018-12-31": "1.17720", "2017-12-31": "0.86510", "2016-12-31": "0.83320", "2015-12-31": "0.83410", "2014-12-31": "0.73840", "2013-12-31": "0.71040", "2012-12-31": "0.70520", "2011-12-31": "0.60230", "2010-12-31": "0.79850", "2009-12-31": "1.05210", "2008-12-31": "0.96860", "2007-12-31": "1.07510", "2006-12-31": "1.09600", "2005-12-31": "1.09410"}, "ROI - Return On Investment": {"2019-12-31": "9.88880", "2018-12-31": "11.18940", "2017-12-31": "8.92080", "2016-12-31": "8.01920", "2015-12-31": "8.21640", "2014-12-31": "6.85750", "2013-12-31": "6.14800", "2012-12-31": "5.90900", "2011-12-31": "5.17920", "2010-12-31": "5.70630", "2009-12-31": "7.87170", "2008-12-31": "7.21750", "2007-12-31": "8.94980", "2006-12-31": "9.54160", "2005-12-31": "8.38720"}, "Book Value Per Share": {"2019-12-31": "52.88760", "2018-12-31": "47.98050", "2017-12-31": "45.17900", "2016-12-31": "42.73920", "2015-12-31": "37.96830", "2014-12-31": "36.20060", "2013-12-31": "33.33870", "2012-12-31": "31.50490", "2011-12-31": "29.53130", "2010-12-31": "28.19300", "2009-12-31": "26.11760", "2008-12-31": "28.61830", "2007-12-31": "20.43930", "2006-12-31": "18.03330", "2005-12-31": "16.50770"}, "Operating Cash Flow Per Share": {"2019-12-31": 4.1487, "2018-12-31": 0.3822, "2017-12-31": 0.9018, "2016-12-31": -1.2424, "2015-12-31": 3.8945, "2014-12-31": 0.4484, "2013-12-31": 0.1081, "2012-12-31": -1.8062, "2011-12-31": 1.9286, "2010-12-31": -1.0335, "2009-12-31": 0.4746, "2008-12-31": -0.1305, "2007-12-31": 2.1962, "2006-12-31": -0.8801, "2005-12-31": 2.6318}, "Free Cash Flow Per Share": {"2019-12-31": 3.8507, "2018-12-31": 0.3463, "2017-12-31": 0.9886, "2016-12-31": -1.3075, "2015-12-31": 3.8184, "2014-12-31": 0.4859, "2013-12-31": 0.0304, "2012-12-31": -1.7098, "2011-12-31": 1.9011, "2010-12-31": -0.8458, "2009-12-31": 0.3703, "2008-12-31": -0.1859, "2007-12-31": 2.2432, "2006-12-31": -1.0363, "2005-12-31": 2.3398}}, "financial ratios, quarterly": {"Current Ratio": {"2020-09-30": "", "2020-06-30": "", "2020-03-31": "", "2019-12-31": "", "2019-09-30": "", "2019-06-30": "", "2019-03-31": "", "2018-12-31": "", "2018-09-30": "", "2018-06-30": "", "2018-03-31": "", "2017-12-31": "", "2017-09-30": "", "2017-06-30": "", "2017-03-31": "", "2016-12-31": "", "2016-09-30": "", "2016-06-30": "", "2016-03-31": "", "2015-12-31": "", "2015-09-30": "", "2015-06-30": "", "2015-03-31": "", "2014-12-31": "", "2014-09-30": "", "2014-06-30": "", "2014-03-31": "", "2013-12-31": "", "2013-09-30": "", "2013-06-30": "", "2013-03-31": "", "2012-12-31": "", "2012-09-30": "", "2012-06-30": "", "2012-03-31": "", "2011-12-31": "", "2011-09-30": "", "2011-06-30": "", "2011-03-31": "", "2010-12-31": "", "2010-09-30": "", "2010-06-30": "", "2010-03-31": "", "2009-12-31": "", "2009-09-30": "", "2009-06-30": "", "2009-03-31": "", "2008-12-31": "", "2008-09-30": "", "2008-06-30": "", "2008-03-31": "", "2007-12-31": "", "2007-09-30": "", "2007-06-30": "", "2007-03-31": "", "2006-12-31": "", "2006-09-30": "", "2006-06-30": "", "2006-03-31": "", "2005-12-31": "", "2005-09-30": "", "2005-06-30": "", "2005-03-31": ""}, "Long-term Debt / Capital": {"2020-09-30": "0.30700", "2020-06-30": "0.31130", "2020-03-31": "0.27570", "2019-12-31": "0.26500", "2019-09-30": "0.27180", "2019-06-30": "0.26970", "2019-03-31": "0.24410", "2018-12-31": "0.24450", "2018-09-30": "0.24540", "2018-06-30": "0.23520", "2018-03-31": "0.23820", "2017-12-31": "0.23990", "2017-09-30": "0.25270", "2017-06-30": "0.25500", "2017-03-31": "0.23680", "2016-12-31": "0.24120", "2016-09-30": "0.24890", "2016-06-30": "0.26290", "2016-03-31": "0.26470", "2015-12-31": "0.26540", "2015-09-30": "0.26510", "2015-06-30": "0.26390", "2015-03-31": "0.26940", "2014-12-31": "0.28630", "2014-09-30": "0.28310", "2014-06-30": "0.29880", "2014-03-31": "0.33510", "2013-12-31": "0.33480", "2013-09-30": "0.29480", "2013-06-30": "0.32130", "2013-03-31": "0.33750", "2012-12-31": "0.35290", "2012-09-30": "0.36430", "2012-06-30": "0.35440", "2012-03-31": "0.36690", "2011-12-31": "0.38930", "2011-09-30": "0.38870", "2011-06-30": "0.39560", "2011-03-31": "0.40450", "2010-12-31": "0.41780", "2010-09-30": "0.39650", "2010-06-30": "0.43060", "2010-03-31": "0.40550", "2009-12-31": "0.42500", "2009-09-30": "0.43240", "2009-06-30": "0.44750", "2009-03-31": "0.40660", "2008-12-31": "0.41980", "2008-09-30": "0.48650", "2008-06-30": "0.42830", "2008-03-31": "0.43190", "2007-12-31": "0.44480", "2007-09-30": "0.42390", "2007-06-30": "0.42000", "2007-03-31": "0.45710", "2006-12-31": "0.43450", "2006-09-30": "0.46080", "2006-06-30": "0.45860", "2006-03-31": "0.46400", "2005-12-31": "0.48320", "2005-09-30": "0.49780", "2005-06-30": "0.51760", "2005-03-31": "0.50430"}, "Debt/Equity Ratio": {"2020-09-30": "1.15510", "2020-06-30": "1.17500", "2020-03-31": "1.33300", "2019-12-31": "1.06270", "2019-09-30": "1.13780", "2019-06-30": "1.13370", "2019-03-31": "1.11800", "2018-12-31": "1.33850", "2018-09-30": "1.32240", "2018-06-30": "1.45050", "2018-03-31": "1.11230", "2017-12-31": "1.21330", "2017-09-30": "1.19590", "2017-06-30": "0.80660", "2017-03-31": "0.79940", "2016-12-31": "0.91020", "2016-09-30": "0.82020", "2016-06-30": "1.12850", "2016-03-31": "0.90120", "2015-12-31": "0.93030", "2015-09-30": "0.91950", "2015-06-30": "0.78190", "2015-03-31": "0.82150", "2014-12-31": "0.81580", "2014-09-30": "0.79420", "2014-06-30": "0.67980", "2014-03-31": "0.80620", "2013-12-31": "0.93830", "2013-09-30": "0.84360", "2013-06-30": "1.12190", "2013-03-31": "0.93580", "2012-12-31": "0.79070", "2012-09-30": "0.75870", "2012-06-30": "0.98910", "2012-03-31": "1.04470", "2011-12-31": "1.05130", "2011-09-30": "0.90070", "2011-06-30": "1.34690", "2011-03-31": "1.73260", "2010-12-31": "1.44890", "2010-09-30": "1.79240", "2010-06-30": "1.82520", "2010-03-31": "1.52820", "2009-12-31": "2.28640", "2009-09-30": "2.10120", "2009-06-30": "1.96580", "2009-03-31": "2.36480", "2008-12-31": "1.35720", "2008-09-30": "1.52320", "2008-06-30": "1.32450", "2008-03-31": "2.13250", "2007-12-31": "1.98520", "2007-09-30": "1.75630", "2007-06-30": "1.65530", "2007-03-31": "1.43240", "2006-12-31": "2.73320", "2006-09-30": "2.56920", "2006-06-30": "2.33170", "2006-03-31": "2.55840", "2005-12-31": "2.46280", "2005-09-30": "2.21140", "2005-06-30": "2.11570", "2005-03-31": "2.15810"}, "Gross Margin": {"2020-09-30": "", "2020-06-30": "", "2020-03-31": "", "2019-12-31": "", "2019-09-30": "", "2019-06-30": "", "2019-03-31": "", "2018-12-31": "", "2018-09-30": "", "2018-06-30": "", "2018-03-31": "", "2017-12-31": "", "2017-09-30": "", "2017-06-30": "", "2017-03-31": "", "2016-12-31": "", "2016-09-30": "", "2016-06-30": "", "2016-03-31": "", "2015-12-31": "", "2015-09-30": "", "2015-06-30": "", "2015-03-31": "", "2014-12-31": "", "2014-09-30": "", "2014-06-30": "", "2014-03-31": "", "2013-12-31": "", "2013-09-30": "", "2013-06-30": "", "2013-03-31": "", "2012-12-31": "", "2012-09-30": "", "2012-06-30": "", "2012-03-31": "", "2011-12-31": "", "2011-09-30": "", "2011-06-30": "", "2011-03-31": "", "2010-12-31": "", "2010-09-30": "", "2010-06-30": "", "2010-03-31": "", "2009-12-31": "", "2009-09-30": "", "2009-06-30": "", "2009-03-31": "", "2008-12-31": "", "2008-09-30": "", "2008-06-30": "", "2008-03-31": "", "2007-12-31": "", "2007-09-30": "", "2007-06-30": "", "2007-03-31": "", "2006-12-31": "", "2006-09-30": "", "2006-06-30": "", "2006-03-31": "", "2005-12-31": "", "2005-09-30": "", "2005-06-30": "", "2005-03-31": ""}, "Operating Margin": {"2020-09-30": "", "2020-06-30": "", "2020-03-31": "", "2019-12-31": "", "2019-09-30": "", "2019-06-30": "", "2019-03-31": "", "2018-12-31": "", "2018-09-30": "", "2018-06-30": "", "2018-03-31": "", "2017-12-31": "", "2017-09-30": "", "2017-06-30": "", "2017-03-31": "", "2016-12-31": "", "2016-09-30": "", "2016-06-30": "", "2016-03-31": "", "2015-12-31": "", "2015-09-30": "", "2015-06-30": "", "2015-03-31": "", "2014-12-31": "", "2014-09-30": "", "2014-06-30": "", "2014-03-31": "", "2013-12-31": "", "2013-09-30": "", "2013-06-30": "", "2013-03-31": "", "2012-12-31": "", "2012-09-30": "", "2012-06-30": "", "2012-03-31": "", "2011-12-31": "", "2011-09-30": "", "2011-06-30": "", "2011-03-31": "", "2010-12-31": "", "2010-09-30": "", "2010-06-30": "", "2010-03-31": "", "2009-12-31": "", "2009-09-30": "", "2009-06-30": "", "2009-03-31": "", "2008-12-31": "", "2008-09-30": "", "2008-06-30": "", "2008-03-31": "", "2007-12-31": "", "2007-09-30": "", "2007-06-30": "", "2007-03-31": "", "2006-12-31": "", "2006-09-30": "", "2006-06-30": "", "2006-03-31": "", "2005-12-31": "", "2005-09-30": "", "2005-06-30": "", "2005-03-31": ""}, "EBIT Margin": {"2020-09-30": "", "2020-06-30": "", "2020-03-31": "", "2019-12-31": "", "2019-09-30": "", "2019-06-30": "", "2019-03-31": "", "2018-12-31": "", "2018-09-30": "", "2018-06-30": "", "2018-03-31": "", "2017-12-31": "", "2017-09-30": "", "2017-06-30": "", "2017-03-31": "", "2016-12-31": "", "2016-09-30": "", "2016-06-30": "", "2016-03-31": "", "2015-12-31": "", "2015-09-30": "", "2015-06-30": "", "2015-03-31": "", "2014-12-31": "", "2014-09-30": "", "2014-06-30": "", "2014-03-31": "", "2013-12-31": "", "2013-09-30": "", "2013-06-30": "", "2013-03-31": "", "2012-12-31": "", "2012-09-30": "", "2012-06-30": "", "2012-03-31": "", "2011-12-31": "", "2011-09-30": "", "2011-06-30": "", "2011-03-31": "", "2010-12-31": "", "2010-09-30": "", "2010-06-30": "", "2010-03-31": "", "2009-12-31": "", "2009-09-30": "", "2009-06-30": "", "2009-03-31": "", "2008-12-31": "", "2008-09-30": "", "2008-06-30": "", "2008-03-31": "", "2007-12-31": "", "2007-09-30": "", "2007-06-30": "", "2007-03-31": "", "2006-12-31": "", "2006-09-30": "", "2006-06-30": "", "2006-03-31": "", "2005-12-31": "", "2005-09-30": "", "2005-06-30": "", "2005-03-31": ""}, "EBITDA Margin": {"2020-09-30": "", "2020-06-30": "", "2020-03-31": "", "2019-12-31": "", "2019-09-30": "", "2019-06-30": "", "2019-03-31": "", "2018-12-31": "", "2018-09-30": "", "2018-06-30": "", "2018-03-31": "", "2017-12-31": "", "2017-09-30": "", "2017-06-30": "", "2017-03-31": "", "2016-12-31": "", "2016-09-30": "", "2016-06-30": "", "2016-03-31": "", "2015-12-31": "", "2015-09-30": "", "2015-06-30": "", "2015-03-31": "", "2014-12-31": "", "2014-09-30": "", "2014-06-30": "", "2014-03-31": "", "2013-12-31": "", "2013-09-30": "", "2013-06-30": "", "2013-03-31": "", "2012-12-31": "", "2012-09-30": "", "2012-06-30": "", "2012-03-31": "", "2011-12-31": "", "2011-09-30": "", "2011-06-30": "", "2011-03-31": "", "2010-12-31": "", "2010-09-30": "", "2010-06-30": "", "2010-03-31": "", "2009-12-31": "", "2009-09-30": "", "2009-06-30": "", "2009-03-31": "", "2008-12-31": "", "2008-09-30": "", "2008-06-30": "", "2008-03-31": "", "2007-12-31": "", "2007-09-30": "", "2007-06-30": "", "2007-03-31": "", "2006-12-31": "", "2006-09-30": "", "2006-06-30": "", "2006-03-31": "", "2005-12-31": "", "2005-09-30": "", "2005-06-30": "", "2005-03-31": ""}, "Pre-Tax Profit Margin": {"2020-09-30": "26.26300", "2020-06-30": "27.99810", "2020-03-31": "30.20240", "2019-12-31": "30.76130", "2019-09-30": "32.92120", "2019-06-30": "33.50080", "2019-03-31": "30.53550", "2018-12-31": "32.22580", "2018-09-30": "32.42770", "2018-06-30": "33.71000", "2018-03-31": "32.70450", "2017-12-31": "30.30260", "2017-09-30": "30.80910", "2017-06-30": "29.42330", "2017-03-31": "30.41080", "2016-12-31": "30.82950", "2016-09-30": "30.71420", "2016-06-30": "29.90830", "2016-03-31": "30.23570", "2015-12-31": "29.81620", "2015-09-30": "30.30460", "2015-06-30": "32.49860", "2015-03-31": "30.72870", "2014-12-31": "30.68050", "2014-09-30": "28.19540", "2014-06-30": "25.02540", "2014-03-31": "25.97590", "2013-12-31": "23.62050", "2013-09-30": "28.92920", "2013-06-30": "28.14380", "2013-03-31": "24.96400", "2012-12-31": "23.13670", "2012-09-30": "27.64680", "2012-06-30": "27.06660", "2012-03-31": "24.65640", "2011-12-31": "18.17220", "2011-09-30": "26.49900", "2011-06-30": "24.55070", "2011-03-31": "26.05050", "2010-12-31": "25.04380", "2010-09-30": "27.62070", "2010-06-30": "32.79370", "2010-03-31": "27.76550", "2009-12-31": "30.99730", "2009-09-30": "30.13870", "2009-06-30": "48.45160", "2009-03-31": "29.22730", "2008-12-31": "48.47330", "2008-09-30": "-28.05150", "2008-06-30": "39.95710", "2008-03-31": "51.92200", "2007-12-31": "17.65080", "2007-09-30": "34.70090", "2007-06-30": "35.80350", "2007-03-31": "34.92950", "2006-12-31": "31.99420", "2006-09-30": "34.43300", "2006-06-30": "36.36830", "2006-03-31": "34.60000", "2005-12-31": "32.40080", "2005-09-30": "33.85260", "2005-06-30": "34.35410", "2005-03-31": "34.90440"}, "Net Profit Margin": {"2020-09-30": "18.74580", "2020-06-30": "21.42210", "2020-03-31": "21.62180", "2019-12-31": "22.49630", "2019-09-30": "23.76850", "2019-06-30": "25.34530", "2019-03-31": "22.27020", "2018-12-31": "25.46090", "2018-09-30": "24.08140", "2018-06-30": "25.55500", "2018-03-31": "24.63150", "2017-12-31": "23.40170", "2017-09-30": "20.78840", "2017-06-30": "19.72600", "2017-03-31": "19.51920", "2016-12-31": "19.47920", "2016-09-30": "20.68710", "2016-06-30": "19.48930", "2016-03-31": "19.81480", "2015-12-31": "18.55000", "2015-09-30": "19.63110", "2015-06-30": "20.80730", "2015-03-31": "19.73660", "2014-12-31": "19.62560", "2014-09-30": "18.95450", "2014-06-30": "16.81610", "2014-03-31": "17.48430", "2013-12-31": "15.47780", "2013-09-30": "19.81390", "2013-06-30": "18.50320", "2013-03-31": "16.88290", "2012-12-31": "17.13490", "2012-09-30": "18.28570", "2012-06-30": "17.98680", "2012-03-31": "16.56600", "2011-12-31": "13.63440", "2011-09-30": "17.65200", "2011-06-30": "16.06760", "2011-03-31": "16.91020", "2010-12-31": "17.69650", "2010-09-30": "18.10360", "2010-06-30": "21.83330", "2010-03-31": "18.32380", "2009-12-31": "22.24570", "2009-09-30": "21.90740", "2009-06-30": "23.18500", "2009-03-31": "16.55140", "2008-12-31": "30.65430", "2008-09-30": "-16.45580", "2008-06-30": "20.12320", "2008-03-31": "34.59670", "2007-12-31": "13.15650", "2007-09-30": "24.00600", "2007-06-30": "23.91910", "2007-03-31": "23.10070", "2006-12-31": "22.57170", "2006-09-30": "22.50170", "2006-06-30": "21.71500", "2006-03-31": "22.52310", "2005-12-31": "21.84720", "2005-09-30": "22.12400", "2005-06-30": "22.29820", "2005-03-31": "22.92350"}, "Asset Turnover": {"2020-09-30": "0.00980", "2020-06-30": "0.00950", "2020-03-31": "0.00940", "2019-12-31": "0.01130", "2019-09-30": "0.01240", "2019-06-30": "0.01200", "2019-03-31": "0.01220", "2018-12-31": "0.01140", "2018-09-30": "0.01120", "2018-06-30": "0.01110", "2018-03-31": "0.01140", "2017-12-31": "0.01040", "2017-09-30": "0.01030", "2017-06-30": "0.01060", "2017-03-31": "0.01060", "2016-12-31": "0.01020", "2016-09-30": "0.01010", "2016-06-30": "0.01090", "2016-03-31": "0.01010", "2015-12-31": "0.01010", "2015-09-30": "0.00970", "2015-06-30": "0.01060", "2015-03-31": "0.01060", "2014-12-31": "0.01030", "2014-09-30": "0.00970", "2014-06-30": "0.01020", "2014-03-31": "0.01000", "2013-12-31": "0.01010", "2013-09-30": "0.01090", "2013-06-30": "0.01040", "2013-03-31": "0.01040", "2012-12-31": "0.00990", "2012-09-30": "0.01030", "2012-06-30": "0.01040", "2012-03-31": "0.01050", "2011-12-31": "0.00940", "2011-09-30": "0.00990", "2011-06-30": "0.00960", "2011-03-31": "0.00950", "2010-12-31": "0.01020", "2010-09-30": "0.01060", "2010-06-30": "0.01140", "2010-03-31": "0.01120", "2009-12-31": "0.01100", "2009-09-30": "0.01100", "2009-06-30": "0.01300", "2009-03-31": "0.01070", "2008-12-31": "0.01310", "2008-09-30": "0.01140", "2008-06-30": "0.01430", "2008-03-31": "0.01440", "2007-12-31": "0.01410", "2007-09-30": "0.01380", "2007-06-30": "0.01450", "2007-03-31": "0.01360", "2006-12-31": "0.01250", "2006-09-30": "0.01320", "2006-06-30": "0.01450", "2006-03-31": "0.01440", "2005-12-31": "0.01260", "2005-09-30": "0.01380", "2005-06-30": "0.01450", "2005-03-31": "0.01270"}, "Inventory Turnover Ratio": {"2020-09-30": "", "2020-06-30": "", "2020-03-31": "", "2019-12-31": "", "2019-09-30": "", "2019-06-30": "", "2019-03-31": "", "2018-12-31": "", "2018-09-30": "", "2018-06-30": "", "2018-03-31": "", "2017-12-31": "", "2017-09-30": "", "2017-06-30": "", "2017-03-31": "", "2016-12-31": "", "2016-09-30": "", "2016-06-30": "", "2016-03-31": "", "2015-12-31": "", "2015-09-30": "", "2015-06-30": "", "2015-03-31": "", "2014-12-31": "", "2014-09-30": "", "2014-06-30": "", "2014-03-31": "", "2013-12-31": "", "2013-09-30": "", "2013-06-30": "", "2013-03-31": "", "2012-12-31": "", "2012-09-30": "", "2012-06-30": "", "2012-03-31": "", "2011-12-31": "", "2011-09-30": "", "2011-06-30": "", "2011-03-31": "", "2010-12-31": "", "2010-09-30": "", "2010-06-30": "", "2010-03-31": "", "2009-12-31": "", "2009-09-30": "", "2009-06-30": "", "2009-03-31": "", "2008-12-31": "", "2008-09-30": "", "2008-06-30": "", "2008-03-31": "", "2007-12-31": "", "2007-09-30": "", "2007-06-30": "", "2007-03-31": "", "2006-12-31": "", "2006-09-30": "", "2006-06-30": "", "2006-03-31": "", "2005-12-31": "", "2005-09-30": "", "2005-06-30": "", "2005-03-31": ""}, "Receiveable Turnover": {"2020-09-30": "", "2020-06-30": "", "2020-03-31": "", "2019-12-31": "", "2019-09-30": "", "2019-06-30": "", "2019-03-31": "", "2018-12-31": "", "2018-09-30": "", "2018-06-30": "", "2018-03-31": "", "2017-12-31": "", "2017-09-30": "", "2017-06-30": "", "2017-03-31": "", "2016-12-31": "", "2016-09-30": "", "2016-06-30": "", "2016-03-31": "", "2015-12-31": "", "2015-09-30": "", "2015-06-30": "", "2015-03-31": "", "2014-12-31": "", "2014-09-30": "", "2014-06-30": "", "2014-03-31": "", "2013-12-31": "", "2013-09-30": "", "2013-06-30": "", "2013-03-31": "", "2012-12-31": "", "2012-09-30": "", "2012-06-30": "", "2012-03-31": "", "2011-12-31": "", "2011-09-30": "", "2011-06-30": "", "2011-03-31": "", "2010-12-31": "", "2010-09-30": "", "2010-06-30": "", "2010-03-31": "", "2009-12-31": "", "2009-09-30": "", "2009-06-30": "", "2009-03-31": "", "2008-12-31": "", "2008-09-30": "", "2008-06-30": "", "2008-03-31": "", "2007-12-31": "", "2007-09-30": "", "2007-06-30": "", "2007-03-31": "", "2006-12-31": "", "2006-09-30": "", "2006-06-30": "", "2006-03-31": "", "2005-12-31": "", "2005-09-30": "", "2005-06-30": "", "2005-03-31": ""}, "Days Sales In Receivables": {"2020-09-30": "", "2020-06-30": "", "2020-03-31": "", "2019-12-31": "", "2019-09-30": "", "2019-06-30": "", "2019-03-31": "", "2018-12-31": "", "2018-09-30": "", "2018-06-30": "", "2018-03-31": "", "2017-12-31": "", "2017-09-30": "", "2017-06-30": "", "2017-03-31": "", "2016-12-31": "", "2016-09-30": "", "2016-06-30": "", "2016-03-31": "", "2015-12-31": "", "2015-09-30": "", "2015-06-30": "", "2015-03-31": "", "2014-12-31": "", "2014-09-30": "", "2014-06-30": "", "2014-03-31": "", "2013-12-31": "", "2013-09-30": "", "2013-06-30": "", "2013-03-31": "", "2012-12-31": "", "2012-09-30": "", "2012-06-30": "", "2012-03-31": "", "2011-12-31": "", "2011-09-30": "", "2011-06-30": "", "2011-03-31": "", "2010-12-31": "", "2010-09-30": "", "2010-06-30": "", "2010-03-31": "", "2009-12-31": "", "2009-09-30": "", "2009-06-30": "", "2009-03-31": "", "2008-12-31": "", "2008-09-30": "", "2008-06-30": "", "2008-03-31": "", "2007-12-31": "", "2007-09-30": "", "2007-06-30": "", "2007-03-31": "", "2006-12-31": "", "2006-09-30": "", "2006-06-30": "", "2006-03-31": "", "2005-12-31": "", "2005-09-30": "", "2005-06-30": "", "2005-03-31": ""}, "ROE - Return On Equity": {"2020-09-30": "2.75380", "2020-06-30": "2.98460", "2020-03-31": "3.60790", "2019-12-31": "3.77990", "2019-09-30": "3.87340", "2019-06-30": "3.92400", "2019-03-31": "3.56580", "2018-12-31": "4.25810", "2018-09-30": "3.94940", "2018-06-30": "4.12010", "2018-03-31": "4.08390", "2017-12-31": "3.82040", "2017-09-30": "3.21440", "2017-06-30": "2.91640", "2017-03-31": "3.03550", "2016-12-31": "2.99830", "2016-09-30": "2.96170", "2016-06-30": "3.07140", "2016-03-31": "2.90610", "2015-12-31": "2.87710", "2015-09-30": "2.79420", "2015-06-30": "3.21980", "2015-03-31": "2.80690", "2014-12-31": "3.02710", "2014-09-30": "2.50790", "2014-06-30": "2.26170", "2014-03-31": "2.28220", "2013-12-31": "2.14480", "2013-09-30": "2.64160", "2013-06-30": "2.47390", "2013-03-31": "2.15450", "2012-12-31": "2.22800", "2012-09-30": "2.37380", "2012-06-30": "2.43020", "2012-03-31": "2.23170", "2011-12-31": "1.82930", "2011-09-30": "2.38230", "2011-06-30": "2.16360", "2011-03-31": "2.17950", "2010-12-31": "2.30000", "2010-09-30": "2.29880", "2010-06-30": "3.01530", "2010-03-31": "2.43830", "2009-12-31": "3.17330", "2009-09-30": "3.01930", "2009-06-30": "5.12670", "2009-03-31": "3.22300", "2008-12-31": "7.00270", "2008-09-30": "-3.06660", "2008-06-30": "4.34320", "2008-03-31": "8.09520", "2007-12-31": "2.77220", "2007-09-30": "4.77820", "2007-06-30": "4.89450", "2007-03-31": "4.61740", "2006-12-31": "4.33070", "2006-09-30": "4.15900", "2006-06-30": "4.40870", "2006-03-31": "4.40140", "2005-12-31": "4.09910", "2005-09-30": "4.18530", "2005-06-30": "4.35250", "2005-03-31": "4.13820"}, "Return On Tangible Equity": {"2020-09-30": "2.70650", "2020-06-30": "2.93030", "2020-03-31": "3.53860", "2019-12-31": "3.57030", "2019-09-30": "3.79890", "2019-06-30": "3.84650", "2019-03-31": "3.49430", "2018-12-31": "4.16610", "2018-09-30": "3.86410", "2018-06-30": "4.03140", "2018-03-31": "3.96900", "2017-12-31": "3.71050", "2017-09-30": "3.09590", "2017-06-30": "2.80680", "2017-03-31": "2.91910", "2016-12-31": "2.88080", "2016-09-30": "2.84470", "2016-06-30": "3.12210", "2016-03-31": "2.95340", "2015-12-31": "2.92560", "2015-09-30": "2.84200", "2015-06-30": "3.27690", "2015-03-31": "2.85510", "2014-12-31": "3.08250", "2014-09-30": "2.55480", "2014-06-30": "2.42600", "2014-03-31": "2.44910", "2013-12-31": "2.30220", "2013-09-30": "2.83680", "2013-06-30": "2.65630", "2013-03-31": "2.31550", "2012-12-31": "2.39940", "2012-09-30": "2.55640", "2012-06-30": "2.61920", "2012-03-31": "2.41080", "2011-12-31": "1.97710", "2011-09-30": "2.57450", "2011-06-30": "2.30640", "2011-03-31": "2.31510", "2010-12-31": "2.44350", "2010-09-30": "2.44310", "2010-06-30": "3.20560", "2010-03-31": "2.59700", "2009-12-31": "3.38890", "2009-09-30": "3.22750", "2009-06-30": "5.48970", "2009-03-31": "2.63630", "2008-12-31": "5.70500", "2008-09-30": "-3.35070", "2008-06-30": "4.75030", "2008-03-31": "8.88890", "2007-12-31": "3.06120", "2007-09-30": "5.30050", "2007-06-30": "5.44450", "2007-03-31": "5.15560", "2006-12-31": "4.85030", "2006-09-30": "4.15900", "2006-06-30": "4.40870", "2006-03-31": "4.40140", "2005-12-31": "4.09910", "2005-09-30": "4.18530", "2005-06-30": "4.35250", "2005-03-31": "4.13820"}, "ROA - Return On Assets": {"2020-09-30": "0.19360", "2020-06-30": "0.20690", "2020-03-31": "0.22300", "2019-12-31": "0.27120", "2019-09-30": "0.30930", "2019-06-30": "0.30770", "2019-03-31": "0.28480", "2018-12-31": "0.31000", "2018-09-30": "0.28290", "2018-06-30": "0.28900", "2018-03-31": "0.29430", "2017-12-31": "0.25730", "2017-09-30": "0.22710", "2017-06-30": "0.21330", "2017-03-31": "0.22730", "2016-12-31": "0.21500", "2016-09-30": "0.21450", "2016-06-30": "0.21640", "2016-03-31": "0.20830", "2015-12-31": "0.20500", "2015-09-30": "0.19550", "2015-06-30": "0.22440", "2015-03-31": "0.21570", "2014-12-31": "0.22190", "2014-09-30": "0.18400", "2014-06-30": "0.17200", "2014-03-31": "0.17470", "2013-12-31": "0.16480", "2013-09-30": "0.21520", "2013-06-30": "0.19650", "2013-03-31": "0.17600", "2012-12-31": "0.17210", "2012-09-30": "0.19100", "2012-06-30": "0.19010", "2012-03-31": "0.17600", "2011-12-31": "0.12990", "2011-09-30": "0.17730", "2011-06-30": "0.15610", "2011-03-31": "0.16290", "2010-12-31": "0.18740", "2010-09-30": "0.19280", "2010-06-30": "0.24930", "2010-03-31": "0.20600", "2009-12-31": "0.24380", "2009-09-30": "0.24120", "2009-06-30": "0.41870", "2009-03-31": "0.20620", "2008-12-31": "0.41720", "2008-09-30": "-0.18710", "2008-06-30": "0.28820", "2008-03-31": "0.49720", "2007-12-31": "0.18490", "2007-09-30": "0.33010", "2007-06-30": "0.34710", "2007-03-31": "0.31360", "2006-12-31": "0.28130", "2006-09-30": "0.29660", "2006-06-30": "0.31490", "2006-03-31": "0.32470", "2005-12-31": "0.27630", "2005-09-30": "0.30500", "2005-06-30": "0.32430", "2005-03-31": "0.29120"}, "ROI - Return On Investment": {"2020-09-30": "1.76260", "2020-06-30": "1.89560", "2020-03-31": "2.40050", "2019-12-31": "2.45930", "2019-09-30": "2.59060", "2019-06-30": "2.63170", "2019-03-31": "2.47160", "2018-12-31": "2.94690", "2018-09-30": "2.72670", "2018-06-30": "2.88260", "2018-03-31": "2.84280", "2017-12-31": "2.65320", "2017-09-30": "2.19360", "2017-06-30": "1.98240", "2017-03-31": "2.11190", "2016-12-31": "2.06990", "2016-09-30": "2.01970", "2016-06-30": "2.16570", "2016-03-31": "2.04290", "2015-12-31": "2.01910", "2015-09-30": "1.96260", "2015-06-30": "2.26480", "2015-03-31": "1.95820", "2014-12-31": "2.06110", "2014-09-30": "1.71630", "2014-06-30": "1.58590", "2014-03-31": "1.51750", "2013-12-31": "1.42670", "2013-09-30": "1.86300", "2013-06-30": "1.67910", "2013-03-31": "1.42740", "2012-12-31": "1.44180", "2012-09-30": "1.50910", "2012-06-30": "1.56900", "2012-03-31": "1.41300", "2011-12-31": "1.11720", "2011-09-30": "1.45630", "2011-06-30": "1.30770", "2011-03-31": "1.29790", "2010-12-31": "1.33900", "2010-09-30": "1.38730", "2010-06-30": "1.71700", "2010-03-31": "1.44960", "2009-12-31": "1.82450", "2009-09-30": "1.71370", "2009-06-30": "2.83240", "2009-03-31": "1.47160", "2008-12-31": "3.10840", "2008-09-30": "-1.57460", "2008-06-30": "2.48310", "2008-03-31": "4.59850", "2007-12-31": "1.53900", "2007-09-30": "2.75280", "2007-06-30": "2.83890", "2007-03-31": "2.50670", "2006-12-31": "2.44920", "2006-09-30": "2.24270", "2006-06-30": "2.38670", "2006-03-31": "2.35910", "2005-12-31": "2.11830", "2005-09-30": "2.10170", "2005-06-30": "2.09970", "2005-03-31": "2.05110"}, "Book Value Per Share": {"2020-09-30": "55.63640", "2020-06-30": "54.69770", "2020-03-31": "52.29320", "2019-12-31": "52.88760", "2019-09-30": "51.02510", "2019-06-30": "50.28360", "2019-03-31": "48.77040", "2018-12-31": "47.98050", "2018-09-30": "46.81450", "2018-06-30": "46.38800", "2018-03-31": "45.45070", "2017-12-31": "45.17900", "2017-09-30": "44.69770", "2017-06-30": "44.06350", "2017-03-31": "43.45950", "2016-12-31": "42.73920", "2016-09-30": "42.30780", "2016-06-30": "39.50510", "2016-03-31": "38.71250", "2015-12-31": "37.96830", "2015-09-30": "37.99200", "2015-06-30": "37.57440", "2015-03-31": "36.88410", "2014-12-31": "36.20060", "2014-09-30": "36.27350", "2014-06-30": "34.13880", "2014-03-31": "33.61070", "2013-12-31": "33.33870", "2013-09-30": "32.70970", "2013-06-30": "32.16730", "2013-03-31": "31.81780", "2012-12-31": "31.50490", "2012-09-30": "31.41050", "2012-06-30": "30.72670", "2012-03-31": "29.95310", "2011-12-31": "29.53130", "2011-09-30": "29.68000", "2011-06-30": "29.15200", "2011-03-31": "28.65230", "2010-12-31": "28.19300", "2010-09-30": "27.94740", "2010-06-30": "27.34340", "2010-03-31": "26.65740", "2009-12-31": "26.11760", "2009-09-30": "25.76880", "2009-06-30": "25.38780", "2009-03-31": "29.17120", "2008-12-31": "28.61830", "2008-09-30": "21.68280", "2008-06-30": "22.45720", "2008-03-31": "21.61570", "2007-12-31": "20.43930", "2007-09-30": "19.82070", "2007-06-30": "19.20640", "2007-03-31": "18.42880", "2006-12-31": "18.03330", "2006-09-30": "18.05590", "2006-06-30": "17.47660", "2006-03-31": "16.98450", "2005-12-31": "16.50770", "2005-09-30": "16.16980", "2005-06-30": "15.78250", "2005-03-31": "15.37440"}, "Operating Cash Flow Per Share": {"2020-09-30": -0.3746, "2020-06-30": 15.1879, "2020-03-31": "-12.79830", "2019-12-31": 7.5611, "2019-09-30": 2.7182, "2019-06-30": 0.4035, "2019-03-31": "1.33940", "2018-12-31": 2.0288, "2018-09-30": 6.4896, "2018-06-30": 1.4595, "2018-03-31": "-2.10440", "2017-12-31": 3.6987, "2017-09-30": 2.4372, "2017-06-30": -2.047, "2017-03-31": "3.40240", "2016-12-31": 3.645, "2016-09-30": 5.1566, "2016-06-30": -0.9262, "2016-03-31": "-1.28590", "2015-12-31": 5.7658, "2015-09-30": -4.4262, "2015-06-30": 4.4064, "2015-03-31": "2.08590", "2014-12-31": -1.4194, "2014-09-30": -1.1205, "2014-06-30": 4.2246, "2014-03-31": "2.25270", "2013-12-31": -0.4927, "2013-09-30": 9.2991, "2013-06-30": -6.6185, "2013-03-31": "1.30110", "2012-12-31": 0.0938, "2012-09-30": 1.0528, "2012-06-30": -0.902, "2012-03-31": "3.13630", "2011-12-31": 5.7551, "2011-09-30": -2.8961, "2011-06-30": 2.0281, "2011-03-31": "0.30000", "2010-12-31": -0.5382, "2010-09-30": 0.6334, "2010-06-30": 3.0198, "2010-03-31": "0.14350", "2009-12-31": 1.4379, "2009-09-30": 1.402, "2009-06-30": -0.539, "2009-03-31": "1.99110", "2008-12-31": -0.325, "2008-09-30": 1.5878, "2008-06-30": 1.3418, "2008-03-31": "1.21280", "2007-12-31": 1.2617, "2007-09-30": 1.0474, "2007-06-30": 1.1401, "2007-03-31": "0.49870", "2006-12-31": 0.1009, "2006-09-30": 0.8222, "2006-06-30": 0.2127, "2006-03-31": "0.61590", "2005-12-31": 1.0976, "2005-09-30": 0.4309, "2005-06-30": 0.1, "2005-03-31": "1.00330"}, "Free Cash Flow Per Share": {"2020-09-30": -0.4991, "2020-06-30": 14.9999, "2020-03-31": "-12.97750", "2019-12-31": 7.0608, "2019-09-30": 2.6133, "2019-06-30": 0.3174, "2019-03-31": "1.29790", "2018-12-31": 1.7682, "2018-09-30": 6.4187, "2018-06-30": 1.3826, "2018-03-31": "-2.13080", "2017-12-31": 3.5776, "2017-09-30": 2.3333, "2017-06-30": -2.1589, "2017-03-31": "3.34040", "2016-12-31": 3.4137, "2016-09-30": 5.0418, "2016-06-30": -1.0136, "2016-03-31": "-1.33810", "2015-12-31": 5.5814, "2015-09-30": -4.4813, "2015-06-30": 4.3336, "2015-03-31": "1.97760", "2014-12-31": -1.5493, "2014-09-30": -1.1988, "2014-06-30": 4.1448, "2014-03-31": "2.19620", "2013-12-31": -0.854, "2013-09-30": 9.4099, "2013-06-30": -6.7004, "2013-03-31": "1.25150", "2012-12-31": -0.0946, "2012-09-30": 1.0069, "2012-06-30": -0.931, "2012-03-31": "3.09530", "2011-12-31": 5.5829, "2011-09-30": -3.0209, "2011-06-30": 1.961, "2011-03-31": "0.26340", "2010-12-31": -0.6694, "2010-09-30": 0.5163, "2010-06-30": 2.9749, "2010-03-31": "0.06350", "2009-12-31": 1.3163, "2009-09-30": 1.3321, "2009-06-30": -0.6847, "2009-03-31": "1.76740", "2008-12-31": -0.4914, "2008-09-30": 1.4879, "2008-06-30": 1.2463, "2008-03-31": "1.11800", "2007-12-31": 1.097, "2007-09-30": 0.9853, "2007-06-30": 1.0352, "2007-03-31": "0.42920", "2006-12-31": -0.0704, "2006-09-30": 0.6902, "2006-06-30": 0.1103, "2006-03-31": "0.57340", "2005-12-31": 1.041, "2005-09-30": 0.3609, "2005-06-30": 0.0257, "2005-03-31": "0.91220"}}, "revenue": {"Northern Trust Annual Revenue (Millions of US $)": {"2020": "$6,301", "2019": "$6,895", "2018": "$6,659", "2017": "$5,716", "2016": "$5,144", "2015": "$4,857", "2014": "$4,513", "2013": "$4,312", "2012": "$4,194", "2011": "$4,169", "2010": "$4,026", "2009": "$4,193", "2008": "$5,678", "2007": "$5,448", "2006": "$4,501", "2005": "$3,554"}, "Northern Trust Quarterly Revenue (Millions of US $)": {"2020-12-31": "$1,540", "2020-09-30": "$1,512", "2020-06-30": "$1,540", "2020-03-31": "$1,709", "2019-12-31": "$1,703", "2019-09-30": "$1,741", "2019-06-30": "$1,729", "2019-03-31": "$1,722", "2018-12-31": "$1,735", "2018-09-30": "$1,665", "2018-06-30": "$1,661", "2018-03-31": "$1,598", "2017-12-31": "$1,533", "2017-09-30": "$1,445", "2017-06-30": "$1,397", "2017-03-31": "$1,341", "2016-12-31": "$1,288", "2016-09-30": "$1,260", "2016-06-30": "$1,362", "2016-03-31": "$1,234", "2015-12-31": "$1,198", "2015-09-30": "$1,192", "2015-06-30": "$1,294", "2015-03-31": "$1,173", "2014-12-31": "$1,170", "2014-09-30": "$1,123", "2014-06-30": "$1,129", "2014-03-31": "$1,090", "2013-12-31": "$1,098", "2013-09-30": "$1,101", "2013-06-30": "$1,076", "2013-03-31": "$1,037", "2012-12-31": "$1,038", "2012-09-30": "$1,050", "2012-06-30": "$1,056", "2012-03-31": "$1,050", "2011-12-31": "$1,039", "2011-09-30": "$1,062", "2011-06-30": "$1,058", "2011-03-31": "$1,011", "2010-12-31": "$1,008", "2010-09-30": "$986", "2010-06-30": "$1,049", "2010-03-31": "$982", "2009-12-31": "$1,031", "2009-09-30": "$1,013", "2009-06-30": "$1,140", "2009-03-31": "$1,010", "2008-12-31": "$1,373", "2008-09-30": "$1,314", "2008-06-30": "$1,434", "2008-03-31": "$1,557", "2007-12-31": "$1,454", "2007-09-30": "$1,381", "2007-06-30": "$1,352", "2007-03-31": "$1,261", "2006-12-31": "$1,220", "2006-09-30": "$1,117", "2006-06-30": "$1,134", "2006-03-31": "$1,030", "2005-12-31": "$947", "2005-09-30": "$912", "2005-06-30": "$902", "2005-03-31": "$793"}}, "gross-profit": {"Northern Trust Annual Gross Profit (Millions of US $)": {"2020": "$6,101", "2019": "$6,073", "2018": "$5,960", "2017": "$5,375", "2016": "$4,962", "2015": "$4,703", "2014": "$4,331", "2013": "$4,089", "2012": "$3,896", "2011": "$3,770", "2010": "$3,648", "2009": "$3,787", "2008": "$4,279", "2007": "$3,509", "2006": "$2,996", "2005": "$2,625"}, "Northern Trust Quarterly Gross Profit (Millions of US $)": {"2020-12-31": "$1,522", "2020-09-30": "$1,485", "2020-06-30": "$1,506", "2020-03-31": "$1,588", "2019-12-31": "$1,548", "2019-09-30": "$1,538", "2019-06-30": "$1,507", "2019-03-31": "$1,481", "2018-12-31": "$1,504", "2018-09-30": "$1,474", "2018-06-30": "$1,506", "2018-03-31": "$1,476", "2017-12-31": "$1,425", "2017-09-30": "$1,345", "2017-06-30": "$1,321", "2017-03-31": "$1,284", "2016-12-31": "$1,241", "2016-09-30": "$1,214", "2016-06-30": "$1,317", "2016-03-31": "$1,190", "2015-12-31": "$1,157", "2015-09-30": "$1,156", "2015-06-30": "$1,256", "2015-03-31": "$1,135", "2014-12-31": "$1,130", "2014-09-30": "$1,079", "2014-06-30": "$1,082", "2014-03-31": "$1,041", "2013-12-31": "$1,045", "2013-09-30": "$1,047", "2013-06-30": "$1,021", "2013-03-31": "$976", "2012-12-31": "$970", "2012-09-30": "$973", "2012-06-30": "$989", "2012-03-31": "$965", "2011-12-31": "$956", "2011-09-30": "$972", "2011-06-30": "$945", "2011-03-31": "$898", "2010-12-31": "$896", "2010-09-30": "$890", "2010-06-30": "$964", "2010-03-31": "$898", "2009-12-31": "$940", "2009-09-30": "$918", "2009-06-30": "$1,035", "2009-03-31": "$894", "2008-12-31": "$1,138", "2008-09-30": "$926", "2008-06-30": "$1,081", "2008-03-31": "$1,133", "2007-12-31": "$958", "2007-09-30": "$874", "2007-06-30": "$869", "2007-03-31": "$808", "2006-12-31": "$759", "2006-09-30": "$734", "2006-06-30": "$776", "2006-03-31": "$728", "2005-12-31": "$676", "2005-09-30": "$670", "2005-06-30": "$673", "2005-03-31": "$607"}}, "operating-income": {"Northern Trust Annual Operating Income (Millions of US $)": {"2020": "$1,628", "2019": "$1,944", "2018": "$1,958", "2017": "$1,634", "2016": "$1,517", "2015": "$1,465", "2014": "$1,190", "2013": "$1,076", "2012": "$992", "2011": "$884", "2010": "$990", "2009": "$1,255", "2008": "$1,276", "2007": "$1,061", "2006": "$1,024", "2005": "$888"}, "Northern Trust Quarterly Operating Income (Millions of US $)": {"2020-12-31": "$373", "2020-09-30": "$390", "2020-06-30": "$403", "2020-03-31": "$461", "2019-12-31": "$476", "2019-09-30": "$509", "2019-06-30": "$507", "2019-03-31": "$452", "2018-12-31": "$486", "2018-09-30": "$481", "2018-06-30": "$507", "2018-03-31": "$484", "2017-12-31": "$436", "2017-09-30": "$417", "2017-06-30": "$391", "2017-03-31": "$391", "2016-12-31": "$390", "2016-09-30": "$374", "2016-06-30": "$395", "2016-03-31": "$359", "2015-12-31": "$350", "2015-09-30": "$353", "2015-06-30": "$411", "2015-03-31": "$350", "2014-12-31": "$346", "2014-09-30": "$304", "2014-06-30": "$271", "2014-03-31": "$270", "2013-12-31": "$246", "2013-09-30": "$302", "2013-06-30": "$286", "2013-03-31": "$243", "2012-12-31": "$223", "2012-09-30": "$266", "2012-06-30": "$266", "2012-03-31": "$237", "2011-12-31": "$171", "2011-09-30": "$253", "2011-06-30": "$230", "2011-03-31": "$230", "2010-12-31": "$214", "2010-09-30": "$237", "2010-06-30": "$300", "2010-03-31": "$238", "2009-12-31": "$279", "2009-09-30": "$259", "2009-06-30": "$473", "2009-03-31": "$245", "2008-12-31": "$522", "2008-09-30": "$-253", "2008-06-30": "$428", "2008-03-31": "$578", "2007-12-31": "$168", "2007-09-30": "$301", "2007-06-30": "$310", "2007-03-31": "$282", "2006-12-31": "$242", "2006-09-30": "$251", "2006-06-30": "$281", "2006-03-31": "$250", "2005-12-31": "$219", "2005-09-30": "$226", "2005-06-30": "$231", "2005-03-31": "$212"}}, "ebitda": {"Northern Trust Annual EBITDA (Millions of US $)": {"2019": "$", "2018": "$", "2017": "$", "2016": "$", "2015": "$", "2014": "$", "2013": "$", "2012": "$", "2011": "$", "2010": "$", "2009": "$", "2008": "$", "2007": "$", "2006": "$", "2005": "$"}, "Northern Trust Quarterly EBITDA (Millions of US $)": {"2020-09-30": "", "2020-06-30": "", "2020-03-31": "", "2019-12-31": "", "2019-09-30": "", "2019-06-30": "", "2019-03-31": "", "2018-12-31": "", "2018-09-30": "", "2018-06-30": "", "2018-03-31": "", "2017-12-31": "", "2017-09-30": "", "2017-06-30": "", "2017-03-31": "", "2016-12-31": "", "2016-09-30": "", "2016-06-30": "", "2016-03-31": "", "2015-12-31": "", "2015-09-30": "", "2015-06-30": "", "2015-03-31": "", "2014-12-31": "", "2014-09-30": "", "2014-06-30": "", "2014-03-31": "", "2013-12-31": "", "2013-09-30": "", "2013-06-30": "", "2013-03-31": "", "2012-12-31": "", "2012-09-30": "", "2012-06-30": "", "2012-03-31": "", "2011-12-31": "", "2011-09-30": "", "2011-06-30": "", "2011-03-31": "", "2010-12-31": "", "2010-09-30": "", "2010-06-30": "", "2010-03-31": "", "2009-12-31": "", "2009-09-30": "", "2009-06-30": "", "2009-03-31": "", "2008-12-31": "", "2008-09-30": "", "2008-06-30": "", "2008-03-31": "", "2007-12-31": "", "2007-09-30": "", "2007-06-30": "", "2007-03-31": "", "2006-12-31": "", "2006-09-30": "", "2006-06-30": "", "2006-03-31": "", "2005-12-31": "", "2005-09-30": "", "2005-06-30": "", "2005-03-31": ""}}, "net-income": {"Northern Trust Annual Net Income (Millions of US $)": {"2020": "$1,141", "2019": "$1,429", "2018": "$1,490", "2017": "$1,130", "2016": "$990", "2015": "$935", "2014": "$789", "2013": "$719", "2012": "$677", "2011": "$597", "2010": "$664", "2009": "$753", "2008": "$783", "2007": "$727", "2006": "$665", "2005": "$584"}, "Northern Trust Quarterly Net Income (Millions of US $)": {"2020-12-31": "$235", "2020-09-30": "$278", "2020-06-30": "$309", "2020-03-31": "$330", "2019-12-31": "$348", "2019-09-30": "$367", "2019-06-30": "$384", "2019-03-31": "$330", "2018-12-31": "$384", "2018-09-30": "$357", "2018-06-30": "$385", "2018-03-31": "$364", "2017-12-31": "$336", "2017-09-30": "$281", "2017-06-30": "$262", "2017-03-31": "$251", "2016-12-31": "$246", "2016-09-30": "$252", "2016-06-30": "$257", "2016-03-31": "$235", "2015-12-31": "$218", "2015-09-30": "$229", "2015-06-30": "$263", "2015-03-31": "$225", "2014-12-31": "$221", "2014-09-30": "$205", "2014-06-30": "$182", "2014-03-31": "$181", "2013-12-31": "$161", "2013-09-30": "$207", "2013-06-30": "$188", "2013-03-31": "$164", "2012-12-31": "$165", "2012-09-30": "$176", "2012-06-30": "$177", "2012-03-31": "$159", "2011-12-31": "$129", "2011-09-30": "$168", "2011-06-30": "$150", "2011-03-31": "$149", "2010-12-31": "$152", "2010-09-30": "$156", "2010-06-30": "$200", "2010-03-31": "$157", "2009-12-31": "$200", "2009-09-30": "$188", "2009-06-30": "$226", "2009-03-31": "$139", "2008-12-31": "$330", "2008-09-30": "$-148", "2008-06-30": "$216", "2008-03-31": "$385", "2007-12-31": "$125", "2007-09-30": "$208", "2007-06-30": "$207", "2007-03-31": "$187", "2006-12-31": "$171", "2006-09-30": "$164", "2006-06-30": "$168", "2006-03-31": "$163", "2005-12-31": "$148", "2005-09-30": "$148", "2005-06-30": "$150", "2005-03-31": "$139"}}, "eps-earnings-per-share-diluted": {"Northern Trust Annual EPS": {"2020": "$5.46", "2019": "$6.63", "2018": "$6.64", "2017": "$4.92", "2016": "$4.32", "2015": "$3.99", "2014": "$3.32", "2013": "$2.99", "2012": "$2.81", "2011": "$2.47", "2010": "$2.74", "2009": "$3.16", "2008": "$3.47", "2007": "$3.23", "2006": "$3.00", "2005": "$2.64"}, "Northern Trust Quarterly EPS": {"2020-12-31": "$1.12", "2020-09-30": "$1.32", "2020-06-30": "$1.46", "2020-03-31": "$1.55", "2019-12-31": "$1.71", "2019-09-30": "$1.69", "2019-06-30": "$1.75", "2019-03-31": "$1.48", "2018-12-31": "$1.80", "2018-09-30": "$1.58", "2018-06-30": "$1.68", "2018-03-31": "$1.58", "2017-12-31": "$1.51", "2017-09-30": "$1.20", "2017-06-30": "$1.12", "2017-03-31": "$1.09", "2016-12-31": "$1.11", "2016-09-30": "$1.08", "2016-06-30": "$1.10", "2016-03-31": "$1.03", "2015-12-31": "$0.99", "2015-09-30": "$0.96", "2015-06-30": "$1.10", "2015-03-31": "$0.94", "2014-12-31": "$0.98", "2014-09-30": "$0.84", "2014-06-30": "$0.75", "2014-03-31": "$0.75", "2013-12-31": "$0.70", "2013-09-30": "$0.84", "2013-06-30": "$0.78", "2013-03-31": "$0.67", "2012-12-31": "$0.69", "2012-09-30": "$0.73", "2012-06-30": "$0.73", "2012-03-31": "$0.66", "2011-12-31": "$0.54", "2011-09-30": "$0.70", "2011-06-30": "$0.62", "2011-03-31": "$0.61", "2010-12-31": "$0.64", "2010-09-30": "$0.64", "2010-06-30": "$0.82", "2010-03-31": "$0.64", "2009-12-31": "$0.83", "2009-09-30": "$0.77", "2009-06-30": "$0.95", "2009-03-31": "$0.61", "2008-12-31": "$1.46", "2008-09-30": "$-0.66", "2008-06-30": "$0.96", "2008-03-31": "$1.71", "2007-12-31": "$0.54", "2007-09-30": "$0.93", "2007-06-30": "$0.92", "2007-03-31": "$0.84", "2006-12-31": "$0.76", "2006-09-30": "$0.74", "2006-06-30": "$0.76", "2006-03-31": "$0.74", "2005-12-31": "$0.66", "2005-09-30": "$0.67", "2005-06-30": "$0.68", "2005-03-31": "$0.63"}}, "shares-outstanding": {"Northern Trust Annual Shares Outstanding (Millions of Shares)": {"2020": "209", "2019": "216", "2018": "224", "2017": "230", "2016": "229", "2015": "234", "2014": "238", "2013": "241", "2012": "241", "2011": "242", "2010": "243", "2009": "236", "2008": "224", "2007": "223", "2006": "222", "2005": "222"}, "Northern Trust Quarterly Shares Outstanding (Millions of Shares)": {"2020-12-31": "209", "2020-09-30": "209", "2020-06-30": "209", "2020-03-31": "210", "2019-12-31": "216", "2019-09-30": "214", "2019-06-30": "217", "2019-03-31": "219", "2018-12-31": "224", "2018-09-30": "224", "2018-06-30": "226", "2018-03-31": "227", "2017-12-31": "230", "2017-09-30": "229", "2017-06-30": "231", "2017-03-31": "231", "2016-12-31": "229", "2016-09-30": "228", "2016-06-30": "229", "2016-03-31": "230", "2015-12-31": "234", "2015-09-30": "234", "2015-06-30": "235", "2015-03-31": "235", "2014-12-31": "238", "2014-09-30": "238", "2014-06-30": "238", "2014-03-31": "239", "2013-12-31": "241", "2013-09-30": "241", "2013-06-30": "241", "2013-03-31": "240", "2012-12-31": "241", "2012-09-30": "241", "2012-06-30": "241", "2012-03-31": "242", "2011-12-31": "242", "2011-09-30": "241", "2011-06-30": "242", "2011-03-31": "243", "2010-12-31": "243", "2010-09-30": "242", "2010-06-30": "243", "2010-03-31": "243", "2009-12-31": "236", "2009-09-30": "243", "2009-06-30": "236", "2009-03-31": "224", "2008-12-31": "224", "2008-09-30": "222", "2008-06-30": "224", "2008-03-31": "224", "2007-12-31": "223", "2007-09-30": "224", "2007-06-30": "224", "2007-03-31": "223", "2006-12-31": "222", "2006-09-30": "222", "2006-06-30": "222", "2006-03-31": "221", "2005-12-31": "222", "2005-09-30": "222", "2005-06-30": "221", "2005-03-31": "222"}}, "total-assets": {"Northern Trust Annual Total Assets (Millions of US $)": {"2019": "$136,828", "2018": "$132,213", "2017": "$138,591", "2016": "$123,927", "2015": "$116,750", "2014": "$109,947", "2013": "$102,947", "2012": "$97,464", "2011": "$100,224", "2010": "$83,844", "2009": "$82,142", "2008": "$82,054", "2007": "$67,611", "2006": "$60,712", "2005": "$53,414"}, "Northern Trust Quarterly Total Assets (Millions of US $)": {"2020-09-30": "$152,082", "2020-06-30": "$151,433", "2020-03-31": "$161,709", "2019-12-31": "$136,828", "2019-09-30": "$124,356", "2019-06-30": "$126,551", "2019-03-31": "$121,869", "2018-12-31": "$132,213", "2018-09-30": "$132,379", "2018-06-30": "$135,106", "2018-03-31": "$129,672", "2017-12-31": "$138,591", "2017-09-30": "$131,400", "2017-06-30": "$125,606", "2017-03-31": "$121,489", "2016-12-31": "$123,927", "2016-09-30": "$120,085", "2016-06-30": "$121,510", "2016-03-31": "$117,799", "2015-12-31": "$116,750", "2015-09-30": "$119,995", "2015-06-30": "$119,943", "2015-03-31": "$106,952", "2014-12-31": "$109,947", "2014-09-30": "$111,154", "2014-06-30": "$105,761", "2014-03-31": "$103,833", "2013-12-31": "$102,947", "2013-09-30": "$95,970", "2013-06-30": "$97,236", "2013-03-31": "$93,157", "2012-12-31": "$97,464", "2012-09-30": "$93,633", "2012-06-30": "$94,456", "2012-03-31": "$91,604", "2011-12-31": "$100,224", "2011-09-30": "$96,098", "2011-06-30": "$97,398", "2011-03-31": "$92,679", "2010-12-31": "$83,844", "2010-09-30": "$80,723", "2010-06-30": "$80,049", "2010-03-31": "$76,319", "2009-12-31": "$82,142", "2009-09-30": "$77,902", "2009-06-30": "$75,045", "2009-03-31": "$78,465", "2008-12-31": "$82,054", "2008-09-30": "$79,244", "2008-06-30": "$74,807", "2008-03-31": "$77,480", "2007-12-31": "$67,611", "2007-09-30": "$63,099", "2007-06-30": "$59,610", "2007-03-31": "$59,532", "2006-12-31": "$60,712", "2006-09-30": "$55,201", "2006-06-30": "$53,326", "2006-03-31": "$50,195", "2005-12-31": "$53,414", "2005-09-30": "$48,427", "2005-06-30": "$46,256", "2005-03-31": "$47,761"}}, "cash-on-hand": {"Northern Trust Annual Cash on Hand (Millions of US $)": {"2019": "$43,935", "2018": "$40,092", "2017": "$51,934", "2016": "$38,781", "2015": "$38,602", "2014": "$36,433", "2013": "$36,003", "2012": "$30,245", "2011": "$34,590", "2010": "$29,261", "2009": "$30,630", "2008": "$28,944", "2007": "$28,997", "2006": "$21,760", "2005": "$19,035"}, "Northern Trust Quarterly Cash on Hand (Millions of US $)": {"2020-09-30": "$48,271", "2020-06-30": "$51,037", "2020-03-31": "$56,853", "2019-12-31": "$43,935", "2019-09-30": "$32,037", "2019-06-30": "$37,757", "2019-03-31": "$32,910", "2018-12-31": "$40,092", "2018-09-30": "$42,184", "2018-06-30": "$43,900", "2018-03-31": "$42,003", "2017-12-31": "$51,934", "2017-09-30": "$46,680", "2017-06-30": "$41,697", "2017-03-31": "$37,792", "2016-12-31": "$38,781", "2016-09-30": "$35,024", "2016-06-30": "$37,205", "2016-03-31": "$36,721", "2015-12-31": "$38,602", "2015-09-30": "$41,929", "2015-06-30": "$41,313", "2015-03-31": "$29,427", "2014-12-31": "$36,433", "2014-09-30": "$40,596", "2014-06-30": "$34,926", "2014-03-31": "$33,555", "2013-12-31": "$36,003", "2013-09-30": "$29,072", "2013-06-30": "$29,777", "2013-03-31": "$28,555", "2012-12-31": "$30,245", "2012-09-30": "$29,554", "2012-06-30": "$30,499", "2012-03-31": "$25,680", "2011-12-31": "$34,590", "2011-09-30": "$30,007", "2011-06-30": "$36,942", "2011-03-31": "$35,661", "2010-12-31": "$29,261", "2010-09-30": "$26,370", "2010-06-30": "$26,862", "2010-03-31": "$25,644", "2009-12-31": "$30,630", "2009-09-30": "$27,030", "2009-06-30": "$22,650", "2009-03-31": "$23,885", "2008-12-31": "$28,944", "2008-09-30": "$29,863", "2008-06-30": "$29,470", "2008-03-31": "$34,502", "2007-12-31": "$28,997", "2007-09-30": "$22,140", "2007-06-30": "$19,125", "2007-03-31": "$22,121", "2006-12-31": "$21,760", "2006-09-30": "$18,490", "2006-06-30": "$18,087", "2006-03-31": "$15,643", "2005-12-31": "$19,035", "2005-09-30": "$14,379", "2005-06-30": "$14,557", "2005-03-31": "$16,761"}}, "long-term-debt": {"Northern Trust Annual Long Term Debt (Millions of US $)": {"2019": "$3,999", "2018": "$3,401", "2017": "$3,224", "2016": "$3,105", "2015": "$3,146", "2014": "$3,389", "2013": "$3,983", "2012": "$4,104", "2011": "$4,537", "2010": "$4,902", "2009": "$4,666", "2008": "$4,623", "2007": "$3,613", "2006": "$3,030", "2005": "$3,367"}, "Northern Trust Quarterly Long Term Debt (Millions of US $)": {"2020-09-30": "$5,129", "2020-06-30": "$5,145", "2020-03-31": "$4,142", "2019-12-31": "$3,999", "2019-09-30": "$4,035", "2019-06-30": "$3,991", "2019-03-31": "$3,428", "2018-12-31": "$3,401", "2018-09-30": "$3,370", "2018-06-30": "$3,186", "2018-03-31": "$3,198", "2017-12-31": "$3,224", "2017-09-30": "$3,438", "2017-06-30": "$3,446", "2017-03-31": "$3,096", "2016-12-31": "$3,105", "2016-09-30": "$3,175", "2016-06-30": "$3,192", "2016-03-31": "$3,180", "2015-12-31": "$3,146", "2015-09-30": "$3,169", "2015-06-30": "$3,137", "2015-03-31": "$3,173", "2014-12-31": "$3,389", "2014-09-30": "$3,373", "2014-06-30": "$3,427", "2014-03-31": "$4,005", "2013-12-31": "$3,983", "2013-09-30": "$3,267", "2013-06-30": "$3,656", "2013-03-31": "$3,878", "2012-12-31": "$4,104", "2012-09-30": "$4,316", "2012-06-30": "$4,057", "2012-03-31": "$4,185", "2011-12-31": "$4,537", "2011-09-30": "$4,548", "2011-06-30": "$4,598", "2011-03-31": "$4,706", "2010-12-31": "$4,902", "2010-09-30": "$4,447", "2010-06-30": "$5,005", "2010-03-31": "$4,397", "2009-12-31": "$4,666", "2009-09-30": "$4,741", "2009-06-30": "$4,964", "2009-03-31": "$4,470", "2008-12-31": "$4,623", "2008-09-30": "$4,582", "2008-06-30": "$3,719", "2008-03-31": "$3,618", "2007-12-31": "$3,613", "2007-09-30": "$3,207", "2007-06-30": "$3,061", "2007-03-31": "$3,405", "2006-12-31": "$3,030", "2006-09-30": "$3,363", "2006-06-30": "$3,226", "2006-03-31": "$3,206", "2005-12-31": "$3,367", "2005-09-30": "$3,499", "2005-06-30": "$3,698", "2005-03-31": "$3,420"}}, "total-liabilities": {"Northern Trust Annual Total Liabilities (Millions of US $)": {"2019": "$125,737", "2018": "$121,704", "2017": "$128,374", "2016": "$114,157", "2015": "$108,044", "2014": "$101,498", "2013": "$95,035", "2012": "$89,937", "2011": "$93,106", "2010": "$77,014", "2009": "$75,829", "2008": "$75,664", "2007": "$63,102", "2006": "$56,768", "2005": "$49,813"}, "Northern Trust Quarterly Total Liabilities (Millions of US $)": {"2020-09-30": "$140,503", "2020-06-30": "$140,051", "2020-03-31": "$150,830", "2019-12-31": "$125,737", "2019-09-30": "$113,545", "2019-06-30": "$115,745", "2019-03-31": "$111,253", "2018-12-31": "$121,704", "2018-09-30": "$122,014", "2018-06-30": "$124,749", "2018-03-31": "$119,446", "2017-12-31": "$128,374", "2017-09-30": "$121,235", "2017-06-30": "$115,538", "2017-03-31": "$111,511", "2016-12-31": "$114,157", "2016-09-30": "$110,505", "2016-06-30": "$112,558", "2016-03-31": "$108,966", "2015-12-31": "$108,044", "2015-09-30": "$111,211", "2015-06-30": "$111,194", "2015-03-31": "$98,344", "2014-12-31": "$101,498", "2014-09-30": "$102,611", "2014-06-30": "$97,719", "2014-03-31": "$95,884", "2013-12-31": "$95,035", "2013-09-30": "$88,152", "2013-06-30": "$89,511", "2013-03-31": "$85,545", "2012-12-31": "$89,937", "2012-09-30": "$86,100", "2012-06-30": "$87,066", "2012-03-31": "$84,381", "2011-12-31": "$93,106", "2011-09-30": "$88,945", "2011-06-30": "$90,373", "2011-03-31": "$85,751", "2010-12-31": "$77,014", "2010-09-30": "$73,955", "2010-06-30": "$73,429", "2010-03-31": "$69,872", "2009-12-31": "$75,829", "2009-09-30": "$71,678", "2009-06-30": "$68,917", "2009-03-31": "$71,940", "2008-12-31": "$75,664", "2008-09-30": "$74,408", "2008-06-30": "$69,843", "2008-03-31": "$72,722", "2007-12-31": "$63,102", "2007-09-30": "$58,740", "2007-06-30": "$55,383", "2007-03-31": "$55,489", "2006-12-31": "$56,768", "2006-09-30": "$51,265", "2006-06-30": "$49,518", "2006-03-31": "$46,492", "2005-12-31": "$49,813", "2005-09-30": "$44,898", "2005-06-30": "$42,809", "2005-03-31": "$44,400"}}, "total-share-holder-equity": {"Northern Trust Annual Share Holder Equity (Millions of US $)": {"2019": "$11,091", "2018": "$10,508", "2017": "$10,216", "2016": "$9,770", "2015": "$8,706", "2014": "$8,449", "2013": "$7,912", "2012": "$7,527", "2011": "$7,117", "2010": "$6,830", "2009": "$6,312", "2008": "$6,389", "2007": "$4,509", "2006": "$3,944", "2005": "$3,601"}, "Northern Trust Quarterly Share Holder Equity (Millions of US $)": {"2020-09-30": "$11,579", "2020-06-30": "$11,382", "2020-03-31": "$10,880", "2019-12-31": "$11,091", "2019-09-30": "$10,811", "2019-06-30": "$10,806", "2019-03-31": "$10,616", "2018-12-31": "$10,508", "2018-09-30": "$10,365", "2018-06-30": "$10,358", "2018-03-31": "$10,226", "2017-12-31": "$10,216", "2017-09-30": "$10,165", "2017-06-30": "$10,068", "2017-03-31": "$9,978", "2016-12-31": "$9,770", "2016-09-30": "$9,580", "2016-06-30": "$8,952", "2016-03-31": "$8,833", "2015-12-31": "$8,706", "2015-09-30": "$8,785", "2015-06-30": "$8,749", "2015-03-31": "$8,608", "2014-12-31": "$8,449", "2014-09-30": "$8,543", "2014-06-30": "$8,043", "2014-03-31": "$7,948", "2013-12-31": "$7,912", "2013-09-30": "$7,817", "2013-06-30": "$7,725", "2013-03-31": "$7,612", "2012-12-31": "$7,527", "2012-09-30": "$7,532", "2012-06-30": "$7,390", "2012-03-31": "$7,223", "2011-12-31": "$7,117", "2011-09-30": "$7,153", "2011-06-30": "$7,025", "2011-03-31": "$6,928", "2010-12-31": "$6,830", "2010-09-30": "$6,769", "2010-06-30": "$6,620", "2010-03-31": "$6,447", "2009-12-31": "$6,312", "2009-09-30": "$6,223", "2009-06-30": "$6,129", "2009-03-31": "$6,525", "2008-12-31": "$6,389", "2008-09-30": "$4,836", "2008-06-30": "$4,964", "2008-03-31": "$4,758", "2007-12-31": "$4,509", "2007-09-30": "$4,359", "2007-06-30": "$4,227", "2007-03-31": "$4,043", "2006-12-31": "$3,944", "2006-09-30": "$3,936", "2006-06-30": "$3,808", "2006-03-31": "$3,703", "2005-12-31": "$3,601", "2005-09-30": "$3,529", "2005-06-30": "$3,446", "2005-03-31": "$3,361"}}, "profit-margins": {"current": "19.19%"}, "gross margin": {"2020-12-31": "96.83%", "2020-09-30": "94.79%", "2020-06-30": "92.34%", "2020-03-31": "89.81%", "2019-12-31": "88.09%", "2019-09-30": "87.05%", "2019-06-30": "87.08%", "2019-03-31": "87.94%", "2018-12-31": "89.50%", "2018-09-30": "91.08%", "2018-06-30": "92.22%", "2018-03-31": "93.20%", "2017-12-31": "94.03%", "2017-09-30": "94.88%", "2017-06-30": "95.72%", "2017-03-31": "96.29%", "2016-12-31": "96.46%", "2016-09-30": "96.52%", "2016-06-30": "96.67%", "2016-03-31": "96.77%", "2015-12-31": "96.85%", "2015-09-30": "96.85%", "2015-06-30": "96.64%", "2015-03-31": "96.32%", "2014-12-31": "96.01%", "2014-09-30": "95.65%", "2014-06-30": "95.41%", "2014-03-31": "95.17%", "2013-12-31": "94.83%", "2013-09-30": "94.40%", "2013-06-30": "93.79%", "2013-03-31": "93.47%", "2012-12-31": "92.92%", "2012-09-30": "92.56%", "2012-06-30": "92.27%", "2012-03-31": "91.19%", "2011-12-31": "90.43%", "2011-09-30": "89.66%", "2011-06-30": "89.32%", "2011-03-31": "89.99%", "2010-12-31": "90.63%", "2010-09-30": "91.21%", "2010-06-30": "91.29%", "2010-03-31": "91.00%", "2009-12-31": "90.30%", "2009-09-30": "87.85%", "2009-06-30": "82.55%", "2009-03-31": "78.72%", "2008-12-31": "75.34%", "2008-09-30": "71.16%", "2008-06-30": "69.45%", "2008-03-31": "66.75%", "2007-12-31": "64.41%", "2007-09-30": "63.48%", "2007-06-30": "64.02%", "2007-03-31": "65.00%", "2006-12-31": "66.56%", "2006-09-30": "68.90%", "2006-06-30": "70.84%", "2006-03-31": "72.46%", "2005-12-31": "73.89%"}, "operating margin": {"2020-12-31": "25.82%", "2020-09-30": "26.76%", "2020-06-30": "27.63%", "2020-03-31": "28.38%", "2019-12-31": "28.19%", "2019-09-30": "28.21%", "2019-06-30": "28.11%", "2019-03-31": "28.39%", "2018-12-31": "29.40%", "2018-09-30": "29.55%", "2018-06-30": "29.57%", "2018-03-31": "28.93%", "2017-12-31": "28.60%", "2017-09-30": "29.03%", "2017-06-30": "29.23%", "2017-03-31": "29.50%", "2016-12-31": "29.49%", "2016-09-30": "29.24%", "2016-06-30": "29.22%", "2016-03-31": "29.95%", "2015-12-31": "30.14%", "2015-09-30": "30.23%", "2015-06-30": "29.64%", "2015-03-31": "27.66%", "2014-12-31": "26.37%", "2014-09-30": "24.55%", "2014-06-30": "24.63%", "2014-03-31": "25.27%", "2013-12-31": "24.98%", "2013-09-30": "24.79%", "2013-06-30": "24.23%", "2013-03-31": "23.87%", "2012-12-31": "23.65%", "2012-09-30": "22.41%", "2012-06-30": "22.03%", "2012-03-31": "21.17%", "2011-12-31": "21.20%", "2011-09-30": "22.40%", "2011-06-30": "22.42%", "2011-03-31": "24.20%", "2010-12-31": "24.57%", "2010-09-30": "26.04%", "2010-06-30": "26.40%", "2010-03-31": "29.96%", "2009-12-31": "29.92%", "2009-09-30": "33.02%", "2009-06-30": "20.38%", "2009-03-31": "18.36%", "2008-12-31": "22.46%", "2008-09-30": "15.99%", "2008-06-30": "25.32%", "2008-03-31": "23.62%", "2007-12-31": "19.48%", "2007-09-30": "21.77%", "2007-06-30": "21.90%", "2007-03-31": "22.30%", "2006-12-31": "22.73%", "2006-09-30": "23.65%", "2006-06-30": "24.26%", "2006-03-31": "24.43%", "2005-12-31": "24.99%"}, "ebitda margin": {"2020-09-30": "0.00%", "2020-06-30": "0.00%", "2020-03-31": "0.00%", "2019-12-31": "0.00%", "2019-09-30": "0.00%", "2019-06-30": "0.00%", "2019-03-31": "0.00%", "2018-12-31": "0.00%", "2018-09-30": "0.00%", "2018-06-30": "0.00%", "2018-03-31": "0.00%", "2017-12-31": "0.00%", "2017-09-30": "0.00%", "2017-06-30": "0.00%", "2017-03-31": "0.00%", "2016-12-31": "0.00%", "2016-09-30": "0.00%", "2016-06-30": "0.00%", "2016-03-31": "0.00%", "2015-12-31": "0.00%", "2015-09-30": "0.00%", "2015-06-30": "0.00%", "2015-03-31": "0.00%", "2014-12-31": "0.00%", "2014-09-30": "0.00%", "2014-06-30": "0.00%", "2014-03-31": "0.00%", "2013-12-31": "0.00%", "2013-09-30": "0.00%", "2013-06-30": "0.00%", "2013-03-31": "0.00%", "2012-12-31": "0.00%", "2012-09-30": "0.00%", "2012-06-30": "0.00%", "2012-03-31": "0.00%", "2011-12-31": "0.00%", "2011-09-30": "0.00%", "2011-06-30": "0.00%", "2011-03-31": "0.00%", "2010-12-31": "0.00%", "2010-09-30": "0.00%", "2010-06-30": "0.00%", "2010-03-31": "0.00%", "2009-12-31": "0.00%", "2009-09-30": "0.00%", "2009-06-30": "0.00%", "2009-03-31": "0.00%", "2008-12-31": "0.00%", "2008-09-30": "0.00%", "2008-06-30": "0.00%", "2008-03-31": "0.00%", "2007-12-31": "0.00%", "2007-09-30": "0.00%", "2007-06-30": "0.00%", "2007-03-31": "0.00%", "2006-12-31": "0.00%", "2006-09-30": "0.00%", "2006-06-30": "0.00%", "2006-03-31": "0.00%", "2005-12-31": "0.00%"}, "pre tax profit margin": {"2020-12-31": "25.82%", "2020-09-30": "26.76%", "2020-06-30": "27.63%", "2020-03-31": "28.38%", "2019-12-31": "28.19%", "2019-09-30": "28.21%", "2019-06-30": "28.11%", "2019-03-31": "28.39%", "2018-12-31": "29.40%", "2018-09-30": "29.55%", "2018-06-30": "29.57%", "2018-03-31": "28.93%", "2017-12-31": "28.60%", "2017-09-30": "29.03%", "2017-06-30": "29.23%", "2017-03-31": "29.50%", "2016-12-31": "29.49%", "2016-09-30": "29.24%", "2016-06-30": "29.22%", "2016-03-31": "29.95%", "2015-12-31": "30.14%", "2015-09-30": "30.23%", "2015-06-30": "29.64%", "2015-03-31": "27.66%", "2014-12-31": "26.40%", "2014-09-30": "24.57%", "2014-06-30": "24.65%", "2014-03-31": "25.29%", "2013-12-31": "24.98%", "2013-09-30": "24.79%", "2013-06-30": "24.23%", "2013-03-31": "23.87%", "2012-12-31": "23.65%", "2012-09-30": "22.41%", "2012-06-30": "22.03%", "2012-03-31": "21.17%", "2011-12-31": "21.20%", "2011-09-30": "22.40%", "2011-06-30": "22.42%", "2011-03-31": "24.20%", "2010-12-31": "24.57%", "2010-09-30": "26.04%", "2010-06-30": "26.40%", "2010-03-31": "29.98%", "2009-12-31": "29.95%", "2009-09-30": "33.05%", "2009-06-30": "20.41%", "2009-03-31": "18.36%", "2008-12-31": "22.46%", "2008-09-30": "15.99%", "2008-06-30": "25.32%", "2008-03-31": "23.62%", "2007-12-31": "19.48%", "2007-09-30": "21.77%", "2007-06-30": "21.92%", "2007-03-31": "22.32%", "2006-12-31": "22.75%", "2006-09-30": "23.68%", "2006-06-30": "24.26%", "2006-03-31": "24.43%", "2005-12-31": "24.99%"}, "net profit margin": {"2020-12-31": "18.28%", "2020-09-30": "19.57%", "2020-06-30": "20.23%", "2020-03-31": "20.76%", "2019-12-31": "20.73%", "2019-09-30": "21.15%", "2019-06-30": "21.24%", "2019-03-31": "21.47%", "2018-12-31": "22.38%", "2018-09-30": "22.33%", "2018-06-30": "21.90%", "2018-03-31": "20.81%", "2017-12-31": "19.77%", "2017-09-30": "19.01%", "2017-06-30": "19.13%", "2017-03-31": "19.16%", "2016-12-31": "19.25%", "2016-09-30": "19.03%", "2016-06-30": "18.83%", "2016-03-31": "19.22%", "2015-12-31": "19.25%", "2015-09-30": "19.42%", "2015-06-30": "19.20%", "2015-03-31": "18.13%", "2014-12-31": "17.49%", "2014-09-30": "16.42%", "2014-06-30": "16.55%", "2014-03-31": "16.88%", "2013-12-31": "16.70%", "2013-09-30": "17.03%", "2013-06-30": "16.50%", "2013-03-31": "16.31%", "2012-12-31": "16.14%", "2012-09-30": "15.28%", "2012-06-30": "15.05%", "2012-03-31": "14.40%", "2011-12-31": "14.29%", "2011-09-30": "14.96%", "2011-06-30": "14.94%", "2011-03-31": "16.21%", "2010-12-31": "16.52%", "2010-09-30": "17.61%", "2010-06-30": "18.28%", "2010-03-31": "18.51%", "2009-12-31": "17.95%", "2009-09-30": "19.47%", "2009-06-30": "11.31%", "2009-03-31": "10.47%", "2008-12-31": "13.79%", "2008-09-30": "10.04%", "2008-06-30": "16.03%", "2008-03-31": "16.10%", "2007-12-31": "13.34%", "2007-09-30": "14.83%", "2007-06-30": "14.73%", "2007-03-31": "14.58%", "2006-12-31": "14.80%", "2006-09-30": "15.21%", "2006-06-30": "15.59%", "2006-03-31": "16.06%", "2005-12-31": "16.46%"}, "pe ratio": {"current": "16.80", "2021-02-11": "22.40", "2020-12-31": "21.51", "2020-09-30": "12.83", "2020-06-30": "12.19", "2020-03-31": "11.00", "2019-12-31": "15.48", "2019-09-30": "13.31", "2019-06-30": "12.96", "2019-03-31": "13.07", "2018-12-31": "11.82", "2018-09-30": "15.01", "2018-06-30": "16.00", "2018-03-31": "17.62", "2017-12-31": "18.70", "2017-09-30": "18.65", "2017-06-30": "20.16", "2017-03-31": "18.00", "2016-12-31": "18.78", "2016-09-30": "14.68", "2016-06-30": "14.66", "2016-03-31": "14.31", "2015-12-31": "16.02", "2015-09-30": "15.11", "2015-06-30": "17.38", "2015-03-31": "17.33", "2014-12-31": "17.65", "2014-09-30": "19.36", "2014-06-30": "18.18", "2014-03-31": "18.29", "2013-12-31": "17.64", "2013-09-30": "15.47", "2013-06-30": "17.00", "2013-03-31": "16.22", "2012-12-31": "14.88", "2012-09-30": "14.51", "2012-06-30": "14.40", "2012-03-31": "15.39", "2011-12-31": "13.04", "2011-09-30": "10.94", "2011-06-30": "14.66", "2011-03-31": "14.90", "2010-12-31": "16.01", "2010-09-30": "13.01", "2010-06-30": "11.98", "2010-03-31": "13.52", "2009-12-31": "12.88", "2009-09-30": "11.78", "2009-06-30": "16.79", "2009-03-31": "18.54", "2008-12-31": "11.10", "2008-09-30": "20.61", "2008-06-30": "12.41", "2008-03-31": "12.10", "2007-12-31": "17.61", "2007-09-30": "14.22", "2007-06-30": "14.53", "2007-03-31": "14.25", "2006-12-31": "14.79"}, "price sales": {"2021-02-11": "3.22", "2020-12-31": "3.09", "2020-09-30": "2.52", "2020-06-30": "2.47", "2020-03-31": "2.29", "2019-12-31": "3.22", "2019-09-30": "2.82", "2019-06-30": "2.76", "2019-03-31": "2.81", "2018-12-31": "2.65", "2018-09-30": "3.34", "2018-06-30": "3.49", "2018-03-31": "3.66", "2017-12-31": "3.70", "2017-09-30": "3.54", "2017-06-30": "3.85", "2017-03-31": "3.44", "2016-12-31": "3.59", "2016-09-30": "2.79", "2016-06-30": "2.76", "2016-03-31": "2.76", "2015-12-31": "3.09", "2015-09-30": "2.93", "2015-06-30": "3.33", "2015-03-31": "3.14", "2014-12-31": "3.09", "2014-09-30": "3.16", "2014-06-30": "3.00", "2014-03-31": "3.09", "2013-12-31": "2.94", "2013-09-30": "2.61", "2013-06-30": "2.80", "2013-03-31": "2.63", "2012-12-31": "2.40", "2012-09-30": "2.21", "2012-06-30": "2.17", "2012-03-31": "2.23", "2011-12-31": "1.87", "2011-09-30": "1.65", "2011-06-30": "2.19", "2011-03-31": "2.42", "2010-12-31": "2.64", "2010-09-30": "2.26", "2010-06-30": "2.16", "2010-03-31": "2.47", "2009-12-31": "2.27", "2009-09-30": "2.28", "2009-06-30": "1.92", "2009-03-31": "1.99", "2008-12-31": "1.55", "2008-09-30": "2.11", "2008-06-30": "1.98", "2008-03-31": "1.94", "2007-12-31": "2.34", "2007-09-30": "2.11", "2007-06-30": "2.14", "2007-03-31": "2.08", "2006-12-31": "2.19"}, "price book": {"current": "1.88", "2021-02-11": "1.74", "2020-09-30": "1.39", "2020-06-30": "1.43", "2020-03-31": "1.41", "2019-12-31": "1.94", "2019-09-30": "1.75", "2019-06-30": "1.70", "2019-03-31": "1.75", "2018-12-31": "1.64", "2018-09-30": "2.04", "2018-06-30": "2.06", "2018-03-31": "2.10", "2017-12-31": "2.04", "2017-09-30": "1.89", "2017-06-30": "2.01", "2017-03-31": "1.81", "2016-12-31": "1.89", "2016-09-30": "1.45", "2016-06-30": "1.50", "2016-03-31": "1.50", "2015-12-31": "1.68", "2015-09-30": "1.58", "2015-06-30": "1.79", "2015-03-31": "1.65", "2014-12-31": "1.62", "2014-09-30": "1.62", "2014-06-30": "1.62", "2014-03-31": "1.67", "2013-12-31": "1.58", "2013-09-30": "1.41", "2013-06-30": "1.52", "2013-03-31": "1.44", "2012-12-31": "1.33", "2012-09-30": "1.22", "2012-06-30": "1.23", "2012-03-31": "1.29", "2011-12-31": "1.09", "2011-09-30": "0.95", "2011-06-30": "1.26", "2011-03-31": "1.41", "2010-12-31": "1.56", "2010-09-30": "1.36", "2010-06-30": "1.34", "2010-03-31": "1.61", "2009-12-31": "1.55", "2009-09-30": "1.74", "2009-06-30": "1.62", "2009-03-31": "1.56", "2008-12-31": "1.38", "2008-09-30": "2.51", "2008-06-30": "2.29", "2008-03-31": "2.30", "2007-12-31": "2.79", "2007-09-30": "2.48", "2007-06-30": "2.47", "2007-03-31": "2.40", "2006-12-31": "2.47", "2006-09-30": "2.36", "2006-06-30": "2.30", "2006-03-31": "2.24"}, "price fcf": {"2021-02-11": "", "2020-09-30": "$8.58", "2020-06-30": "$11.70", "2020-03-31": "$-2.99", "2019-12-31": "$11.29", "2019-09-30": "$6.00", "2019-06-30": "$9.80", "2019-03-31": "$10.87", "2018-12-31": "$7.44", "2018-09-30": "$9.25", "2018-06-30": "$5.16", "2018-03-31": "$1.62", "2017-12-31": "$7.09", "2017-09-30": "$6.93", "2017-06-30": "$9.64", "2017-03-31": "$10.78", "2016-12-31": "$6.10", "2016-09-30": "$8.27", "2016-06-30": "$-1.25", "2016-03-31": "$4.10", "2015-12-31": "$7.41", "2015-09-30": "$0.28", "2015-06-30": "$3.56", "2015-03-31": "$3.37", "2014-12-31": "$3.59", "2014-09-30": "$4.29", "2014-06-30": "$14.90", "2014-03-31": "$4.05", "2013-12-31": "$3.11", "2013-09-30": "$3.87", "2013-06-30": "$-4.54", "2013-03-31": "$1.23", "2012-12-31": "$3.08", "2012-09-30": "$8.75", "2012-06-30": "$4.73", "2012-03-31": "$7.62", "2011-12-31": "$4.79", "2011-09-30": "$-1.47", "2011-06-30": "$2.07", "2011-03-31": "$3.09", "2010-12-31": "$2.89", "2010-09-30": "$4.87", "2010-06-30": "$5.69", "2010-03-31": "$2.03", "2009-12-31": "$3.73", "2009-09-30": "$1.92", "2009-06-30": "$2.08", "2009-03-31": "$4.01", "2008-12-31": "$3.36", "2008-09-30": "$4.95", "2008-06-30": "$4.45", "2008-03-31": "$4.24", "2007-12-31": "$3.55", "2007-09-30": "$2.38", "2007-06-30": "$2.08", "2007-03-31": "$1.16", "2006-12-31": "$1.30"}, "net worth": {"value": "$20.34B"}, "current ratio": {"2020-12-31": "0.68", "2020-09-30": "0.64", "2020-06-30": "0.67", "2020-03-31": "0.68", "2019-12-31": "0.65", "2019-09-30": "0.62", "2019-06-30": "0.65", "2019-03-31": "0.63", "2018-12-31": "0.64", "2018-09-30": "0.65", "2018-06-30": "0.66", "2018-03-31": "0.66", "2017-12-31": "0.71", "2017-09-30": "0.71", "2017-06-30": "0.70", "2017-03-31": "0.69", "2016-12-31": "0.68", "2016-09-30": "0.67", "2016-06-30": "0.70", "2016-03-31": "0.71", "2015-12-31": "0.72", "2015-09-30": "0.73", "2015-06-30": "0.73", "2015-03-31": "0.71", "2014-12-31": "0.74", "2014-09-30": "0.76", "2014-06-30": "0.74", "2014-03-31": "0.73", "2013-12-31": "0.76", "2013-09-30": "0.73", "2013-06-30": "0.73", "2013-03-31": "0.73", "2012-12-31": "0.74", "2012-09-30": "0.76", "2012-06-30": "0.75", "2012-03-31": "0.72", "2011-12-31": "0.75", "2011-09-30": "0.74", "2011-06-30": "0.81", "2011-03-31": "0.82", "2010-12-31": "0.84", "2010-09-30": "0.83", "2010-06-30": "0.86", "2010-03-31": "0.86", "2009-12-31": "0.87", "2009-09-30": "0.87", "2009-06-30": "0.87", "2009-03-31": "0.85", "2008-12-31": "0.91", "2008-09-30": "0.93", "2008-06-30": "0.93", "2008-03-31": "0.95", "2007-12-31": "0.97", "2007-09-30": "0.91", "2007-06-30": "0.87", "2007-03-31": "0.89", "2006-12-31": "0.86", "2006-09-30": "0.88", "2006-06-30": "0.89", "2006-03-31": "0.88", "2005-12-31": "0.89", "2005-09-30": "0.90", "2005-06-30": "0.94", "2005-03-31": "0.92"}, "quick ratio": {"2020-12-31": "0.00", "2020-09-30": "0.00", "2020-06-30": "0.00", "2020-03-31": "0.00", "2019-12-31": "0.00", "2019-09-30": "0.00", "2019-06-30": "0.00", "2019-03-31": "0.00", "2018-12-31": "0.00", "2018-09-30": "0.00", "2018-06-30": "0.00", "2018-03-31": "0.00", "2017-12-31": "0.00", "2017-09-30": "0.00", "2017-06-30": "0.00", "2017-03-31": "0.00", "2016-12-31": "0.00", "2016-09-30": "0.00", "2016-06-30": "0.00", "2016-03-31": "0.00", "2015-12-31": "0.00", "2015-09-30": "0.00", "2015-06-30": "0.00", "2015-03-31": "0.00", "2014-12-31": "0.00", "2014-09-30": "0.00", "2014-06-30": "0.00", "2014-03-31": "0.00", "2013-12-31": "0.00", "2013-09-30": "0.00", "2013-06-30": "0.00", "2013-03-31": "0.00", "2012-12-31": "0.00", "2012-09-30": "0.00", "2012-06-30": "0.00", "2012-03-31": "0.00", "2011-12-31": "0.00", "2011-09-30": "0.00", "2011-06-30": "0.00", "2011-03-31": "0.00", "2010-12-31": "0.00", "2010-09-30": "0.00", "2010-06-30": "0.00", "2010-03-31": "0.00", "2009-12-31": "0.00", "2009-09-30": "0.00", "2009-06-30": "0.00", "2009-03-31": "0.00", "2008-12-31": "0.00", "2008-09-30": "0.00", "2008-06-30": "0.00", "2008-03-31": "0.00", "2007-12-31": "0.00", "2007-09-30": "0.00", "2007-06-30": "0.00", "2007-03-31": "0.00", "2006-12-31": "0.00", "2006-09-30": "0.00", "2006-06-30": "0.00", "2006-03-31": "0.00", "2005-12-31": "0.00", "2005-09-30": "0.00", "2005-06-30": "0.00", "2005-03-31": "0.00"}, "debt equity ratio": {"current": "0.42", "2020-12-31": "13.55", "2020-09-30": "12.13", "2020-06-30": "12.30", "2020-03-31": "13.86", "2019-12-31": "11.34", "2019-09-30": "10.50", "2019-06-30": "10.71", "2019-03-31": "10.48", "2018-12-31": "11.58", "2018-09-30": "11.77", "2018-06-30": "12.04", "2018-03-31": "11.68", "2017-12-31": "12.57", "2017-09-30": "11.93", "2017-06-30": "11.48", "2017-03-31": "11.18", "2016-12-31": "11.68", "2016-09-30": "11.54", "2016-06-30": "12.57", "2016-03-31": "12.34", "2015-12-31": "12.41", "2015-09-30": "12.66", "2015-06-30": "12.71", "2015-03-31": "11.43", "2014-12-31": "12.01", "2014-09-30": "12.01", "2014-06-30": "12.15", "2014-03-31": "12.06", "2013-12-31": "12.01", "2013-09-30": "11.28", "2013-06-30": "11.59", "2013-03-31": "11.24", "2012-12-31": "11.95", "2012-09-30": "11.43", "2012-06-30": "11.78", "2012-03-31": "11.68", "2011-12-31": "13.08", "2011-09-30": "12.44", "2011-06-30": "12.86", "2011-03-31": "12.38", "2010-12-31": "11.28", "2010-09-30": "10.93", "2010-06-30": "11.09", "2010-03-31": "10.84", "2009-12-31": "12.01", "2009-09-30": "11.52", "2009-06-30": "11.25", "2009-03-31": "11.03", "2008-12-31": "11.84", "2008-09-30": "15.39", "2008-06-30": "14.07", "2008-03-31": "15.28", "2007-12-31": "13.99", "2007-09-30": "13.47", "2007-06-30": "13.10", "2007-03-31": "13.72", "2006-12-31": "14.39", "2006-09-30": "13.03", "2006-06-30": "13.00", "2006-03-31": "12.55", "2005-12-31": "13.83", "2005-09-30": "12.72", "2005-06-30": "12.42", "2005-03-31": "13.21"}, "return on equity": {"2020-12-31": "10.12%", "2020-09-30": "11.26%", "2020-06-30": "12.26%", "2020-03-31": "13.11%", "2019-12-31": "13.19%", "2019-09-30": "13.71%", "2019-06-30": "13.76%", "2019-03-31": "13.92%", "2018-12-31": "14.38%", "2018-09-30": "14.01%", "2018-06-30": "13.34%", "2018-03-31": "12.22%", "2017-12-31": "11.18%", "2017-09-30": "10.40%", "2017-06-30": "10.27%", "2017-03-31": "10.51%", "2016-12-31": "10.66%", "2016-09-30": "10.67%", "2016-06-30": "10.65%", "2016-03-31": "10.78%", "2015-12-31": "10.73%", "2015-09-30": "10.85%", "2015-06-30": "10.64%", "2015-03-31": "9.90%", "2014-12-31": "9.57%", "2014-09-30": "8.99%", "2014-06-30": "9.22%", "2014-03-31": "9.39%", "2013-12-31": "9.27%", "2013-09-30": "9.44%", "2013-06-30": "9.12%", "2013-03-31": "9.07%", "2012-12-31": "9.13%", "2012-09-30": "8.76%", "2012-06-30": "8.77%", "2012-03-31": "8.50%", "2011-12-31": "8.45%", "2011-09-30": "8.86%", "2011-06-30": "8.81%", "2011-03-31": "9.68%", "2010-12-31": "9.98%", "2010-09-30": "10.91%", "2010-06-30": "11.64%", "2010-03-31": "12.28%", "2009-12-31": "11.96%", "2009-09-30": "13.98%", "2009-06-30": "9.16%", "2009-03-31": "9.46%", "2008-12-31": "14.95%", "2008-09-30": "12.13%", "2008-06-30": "20.10%", "2008-03-31": "20.72%", "2007-12-31": "16.97%", "2007-09-30": "18.66%", "2007-06-30": "18.06%", "2007-03-31": "17.54%", "2006-12-31": "17.31%", "2006-09-30": "17.09%", "2006-06-30": "17.13%", "2006-03-31": "17.06%", "2005-12-31": "16.79%"}, "return on assets": {"2020-12-31": "0.73%", "2020-09-30": "0.84%", "2020-06-30": "0.94%", "2020-03-31": "1.04%", "2019-12-31": "1.12%", "2019-09-30": "1.16%", "2019-06-30": "1.13%", "2019-03-31": "1.12%", "2018-12-31": "1.13%", "2018-09-30": "1.08%", "2018-06-30": "1.02%", "2018-03-31": "0.95%", "2017-12-31": "0.87%", "2017-09-30": "0.83%", "2017-06-30": "0.82%", "2017-03-31": "0.83%", "2016-12-31": "0.82%", "2016-09-30": "0.81%", "2016-06-30": "0.79%", "2016-03-31": "0.80%", "2015-12-31": "0.81%", "2015-09-30": "0.82%", "2015-06-30": "0.82%", "2015-03-31": "0.77%", "2014-12-31": "0.73%", "2014-09-30": "0.69%", "2014-06-30": "0.72%", "2014-03-31": "0.74%", "2013-12-31": "0.74%", "2013-09-30": "0.75%", "2013-06-30": "0.73%", "2013-03-31": "0.72%", "2012-12-31": "0.72%", "2012-09-30": "0.67%", "2012-06-30": "0.66%", "2012-03-31": "0.63%", "2011-12-31": "0.62%", "2011-09-30": "0.67%", "2011-06-30": "0.68%", "2011-03-31": "0.78%", "2010-12-31": "0.83%", "2010-09-30": "0.89%", "2010-06-30": "0.94%", "2010-03-31": "0.99%", "2009-12-31": "0.96%", "2009-09-30": "1.13%", "2009-06-30": "0.70%", "2009-03-31": "0.68%", "2008-12-31": "1.00%", "2008-09-30": "0.77%", "2008-06-30": "1.32%", "2008-03-31": "1.38%", "2007-12-31": "1.16%", "2007-09-30": "1.27%", "2007-06-30": "1.24%", "2007-03-31": "1.21%", "2006-12-31": "1.21%", "2006-09-30": "1.21%", "2006-06-30": "1.22%", "2006-03-31": "1.23%", "2005-12-31": "1.19%"}, "return on investments": {"2020-12-31": "10.08%", "2020-09-30": "10.92%", "2020-06-30": "12.03%", "2020-03-31": "13.07%", "2019-12-31": "13.23%", "2019-09-30": "13.57%", "2019-06-30": "13.64%", "2019-03-31": "13.95%", "2018-12-31": "14.34%", "2018-09-30": "14.10%", "2018-06-30": "13.66%", "2018-03-31": "12.80%", "2017-12-31": "12.19%", "2017-09-30": "11.97%", "2017-06-30": "11.83%", "2017-03-31": "12.19%", "2016-12-31": "12.19%", "2016-09-30": "12.12%", "2016-06-30": "12.15%", "2016-03-31": "12.35%", "2015-12-31": "12.34%", "2015-09-30": "12.31%", "2015-06-30": "11.90%", "2015-03-31": "10.82%", "2014-12-31": "10.09%", "2014-09-30": "9.23%", "2014-06-30": "9.38%", "2014-03-31": "9.53%", "2013-12-31": "9.40%", "2013-09-30": "9.25%", "2013-06-30": "8.79%", "2013-03-31": "8.60%", "2012-12-31": "8.56%", "2012-09-30": "8.11%", "2012-06-30": "8.02%", "2012-03-31": "7.68%", "2011-12-31": "7.59%", "2011-09-30": "7.94%", "2011-06-30": "7.89%", "2011-03-31": "8.49%", "2010-12-31": "8.71%", "2010-09-30": "9.44%", "2010-06-30": "9.69%", "2010-03-31": "11.38%", "2009-12-31": "11.40%", "2009-09-30": "13.60%", "2009-06-30": "9.28%", "2009-03-31": "9.39%", "2008-12-31": "13.60%", "2008-09-30": "10.65%", "2008-06-30": "18.02%", "2008-03-31": "17.31%", "2007-12-31": "13.95%", "2007-09-30": "15.51%", "2007-06-30": "14.95%", "2007-03-31": "14.68%", "2006-12-31": "14.50%", "2006-09-30": "14.18%", "2006-06-30": "13.97%", "2006-03-31": "13.21%", "2005-12-31": "12.72%"}, "return on tangible equity": {"2020-09-30": "12.00%", "2020-06-30": "13.08%", "2020-03-31": "14.00%", "2019-12-31": "14.09%", "2019-09-30": "14.64%", "2019-06-30": "14.70%", "2019-03-31": "14.88%", "2018-12-31": "15.35%", "2018-09-30": "14.94%", "2018-06-30": "14.17%", "2018-03-31": "12.94%", "2017-12-31": "11.82%", "2017-09-30": "10.98%", "2017-06-30": "10.84%", "2017-03-31": "11.12%", "2016-12-31": "11.30%", "2016-09-30": "11.33%", "2016-06-30": "11.32%", "2016-03-31": "11.47%", "2015-12-31": "11.43%", "2015-09-30": "11.56%", "2015-06-30": "11.35%", "2015-03-31": "10.58%", "2014-12-31": "10.24%", "2014-09-30": "9.63%", "2014-06-30": "9.89%", "2014-03-31": "10.08%", "2013-12-31": "9.96%", "2013-09-30": "10.15%", "2013-06-30": "9.81%", "2013-03-31": "9.77%", "2012-12-31": "9.84%", "2012-09-30": "9.45%", "2012-06-30": "9.47%", "2012-03-31": "9.15%", "2011-12-31": "9.06%", "2011-09-30": "9.46%", "2011-06-30": "9.37%", "2011-03-31": "10.29%", "2010-12-31": "10.61%", "2010-09-30": "11.61%", "2010-06-30": "12.41%", "2010-03-31": "13.12%", "2009-12-31": "12.77%", "2009-09-30": "14.91%", "2009-06-30": "9.82%", "2009-03-31": "10.18%", "2008-12-31": "16.23%", "2008-09-30": "13.30%", "2008-06-30": "22.13%", "2008-03-31": "22.92%", "2007-12-31": "18.84%", "2007-09-30": "20.79%", "2007-06-30": "19.60%", "2007-03-31": "18.54%", "2006-12-31": "17.80%", "2006-09-30": "17.09%", "2006-06-30": "17.13%", "2006-03-31": "17.06%", "2005-12-31": "16.79%"}, "dividend yield history": {"last payout": "$2.80", "last yield": "2.86%"}}