{"ticker": "NUS", "price": {"title": "Nu Skin Enterprises Historical Annual Stock Price Data", "value": 60.18, "historical": {"2021": {"Average Stock Price": "57.5783", "Year Open": "55.3500", "Year High": "60.3900", "Year Low": "55.0000", "Year Close": "60.1800", "Annual % Change": "10.16%"}, "2020": {"Average Stock Price": "40.6800", "Year Open": "40.4300", "Year High": "56.1000", "Year Low": "12.5200", "Year Close": "54.6300", "Annual % Change": "33.31%"}, "2019": {"Average Stock Price": "48.4029", "Year Open": "60.8400", "Year High": "69.5000", "Year Low": "37.7000", "Year Close": "40.9800", "Annual % Change": "-33.18%"}, "2018": {"Average Stock Price": "73.8764", "Year Open": "68.5600", "Year High": "85.4600", "Year Low": "56.4400", "Year Close": "61.3300", "Annual % Change": "-10.11%"}, "2017": {"Average Stock Price": "58.6677", "Year Open": "48.7700", "Year High": "69.9700", "Year Low": "47.2200", "Year Close": "68.2300", "Annual % Change": "42.80%"}, "2016": {"Average Stock Price": "46.5176", "Year Open": "37.7800", "Year High": "65.8900", "Year Low": "28.1300", "Year Close": "47.7800", "Annual % Change": "26.10%"}, "2015": {"Average Stock Price": "46.1096", "Year Open": "42.2400", "Year High": "62.2000", "Year Low": "31.8900", "Year Close": "37.8900", "Annual % Change": "-13.30%"}, "2014": {"Average Stock Price": "65.7487", "Year Open": "138.0700", "Year High": "138.0700", "Year Low": "38.2800", "Year Close": "43.7000", "Annual % Change": "-68.38%"}, "2013": {"Average Stock Price": "75.5769", "Year Open": "37.1900", "Year High": "138.6600", "Year Low": "37.1900", "Year Close": "138.2200", "Annual % Change": "273.06%"}, "2012": {"Average Stock Price": "47.2445", "Year Open": "48.5200", "Year High": "61.5000", "Year Low": "33.0500", "Year Close": "37.0500", "Annual % Change": "-23.72%"}, "2011": {"Average Stock Price": "38.0707", "Year Open": "30.4800", "Year High": "51.6100", "Year Low": "27.8100", "Year Close": "48.5700", "Annual % Change": "60.51%"}, "2010": {"Average Stock Price": "28.5502", "Year Open": "26.9600", "Year High": "33.7000", "Year Low": "23.2400", "Year Close": "30.2600", "Annual % Change": "12.62%"}, "2009": {"Average Stock Price": "16.5985", "Year Open": "10.5800", "Year High": "28.0400", "Year Low": "8.0400", "Year Close": "26.8700", "Annual % Change": "157.62%"}, "2008": {"Average Stock Price": "15.4768", "Year Open": "16.5800", "Year High": "19.6700", "Year Low": "9.0900", "Year Close": "10.4300", "Annual % Change": "-36.52%"}, "2007": {"Average Stock Price": "16.8511", "Year Open": "18.5400", "Year High": "18.8800", "Year Low": "14.1300", "Year Close": "16.4300", "Annual % Change": "-9.87%"}, "2006": {"Average Stock Price": "17.2837", "Year Open": "18.1700", "Year High": "19.6400", "Year Low": "13.7700", "Year Close": "18.2300", "Annual % Change": "3.70%"}, "2005": {"Average Stock Price": "21.3335", "Year Open": "25.0100", "Year High": "25.7500", "Year Low": "16.4500", "Year Close": "17.5800", "Annual % Change": "-30.73%"}, "2004": {"Average Stock Price": "22.5099", "Year Open": "17.1900", "Year High": "27.6700", "Year Low": "16.4600", "Year Close": "25.3800", "Annual % Change": "48.51%"}, "2003": {"Average Stock Price": "12.0531", "Year Open": "12.3000", "Year High": "17.8500", "Year Low": "8.8500", "Year Close": "17.0900", "Annual % Change": "42.77%"}, "2002": {"Average Stock Price": "11.0808", "Year Open": "8.6000", "Year High": "14.5500", "Year Low": "7.2000", "Year Close": "11.9700", "Annual % Change": "36.80%"}, "2001": {"Average Stock Price": "7.3488", "Year Open": "5.5600", "Year High": "8.8000", "Year Low": "5.2500", "Year Close": "8.7500", "Annual % Change": "64.78%"}, "2000": {"Average Stock Price": "6.9179", "Year Open": "9.1200", "Year High": "10.1200", "Year Low": "4.3100", "Year Close": "5.3100", "Annual % Change": "-41.39%"}, "1999": {"Average Stock Price": "16.2913", "Year Open": "24.1200", "Year High": "24.7500", "Year Low": "8.5000", "Year Close": "9.0600", "Annual % Change": "-61.64%"}, "1998": {"Average Stock Price": "20.1133", "Year Open": "17.3800", "Year High": "28.5000", "Year Low": "10.3800", "Year Close": "23.6200", "Annual % Change": "29.42%"}, "1997": {"Average Stock Price": "24.4577", "Year Open": "30.0000", "Year High": "30.8800", "Year Low": "16.6900", "Year Close": "18.2500", "Annual % Change": "-40.90%"}}}, "market cap": {"value": "$3.07B"}, "income statement": {"Revenue": {"2019-12-31": "2420.41600", "2018-12-31": "2679.00800", "2017-12-31": "2279.09900", "2016-12-31": "2207.79700", "2015-12-31": "2247.04700", "2014-12-31": "2569.49500", "2013-12-31": "3176.71800", "2012-12-31": "2132.25700", "2011-12-31": "1719.58800", "2010-12-31": "1537.25900", "2009-12-31": "1331.05800", "2008-12-31": "1247.64600", "2007-12-31": "1157.66700", "2006-12-31": "1115.40900", "2005-12-31": "1180.93000"}, "Cost Of Goods Sold": {"2019-12-31": "581.42000", "2018-12-31": "634.14000", "2017-12-31": "502.07800", "2016-12-31": "500.45700", "2015-12-31": "489.51000", "2014-12-31": "478.43400", "2013-12-31": "505.80600", "2012-12-31": "353.15200", "2011-12-31": "322.62400", "2010-12-31": "272.43100", "2009-12-31": "243.64800", "2008-12-31": "228.59700", "2007-12-31": "209.28300", "2006-12-31": "195.20300", "2005-12-31": "206.16300"}, "Gross Profit": {"2019-12-31": "1838.99600", "2018-12-31": "2044.86800", "2017-12-31": "1777.02100", "2016-12-31": "1707.34000", "2015-12-31": "1757.53700", "2014-12-31": "2091.06100", "2013-12-31": "2670.91200", "2012-12-31": "1779.10500", "2011-12-31": "1396.96400", "2010-12-31": "1264.82800", "2009-12-31": "1087.41000", "2008-12-31": "1019.04900", "2007-12-31": "948.38400", "2006-12-31": "920.20610", "2005-12-31": "974.76710"}, "Research And Development Expenses": {"2019-12-31": "", "2018-12-31": "", "2017-12-31": "", "2016-12-31": "", "2015-12-31": "", "2014-12-31": "", "2013-12-31": "", "2012-12-31": "", "2011-12-31": "", "2010-12-31": "", "2009-12-31": "", "2008-12-31": "", "2007-12-31": "", "2006-12-31": "", "2005-12-31": ""}, "SG&A Expenses": {"2019-12-31": "1571.57000", "2018-12-31": "1733.32200", "2017-12-31": "1502.53800", "2016-12-31": "1476.23600", "2015-12-31": "1512.83500", "2014-12-31": "1738.87300", "2013-12-31": "2116.80000", "2012-12-31": "1438.26100", "2011-12-31": "1163.22200", "2010-12-31": "1047.76600", "2009-12-31": "928.97300", "2008-12-31": "893.62100", "2007-12-31": "857.69600", "2006-12-31": "833.54800", "2005-12-31": "851.64400"}, "Other Operating Income Or Expenses": {"2019-12-31": "", "2018-12-31": "", "2017-12-31": "", "2016-12-31": "", "2015-12-31": "", "2014-12-31": "", "2013-12-31": "", "2012-12-31": "", "2011-12-31": "", "2010-12-31": "", "2009-12-31": "", "2008-12-31": "", "2007-12-31": "", "2006-12-31": "-20.84000", "2005-12-31": ""}, "Operating Expenses": {"2019-12-31": "2152.99000", "2018-12-31": "2438.14800", "2017-12-31": "2004.61600", "2016-12-31": "1976.69300", "2015-12-31": "2002.34500", "2014-12-31": "2217.30700", "2013-12-31": "2622.60600", "2012-12-31": "1791.41300", "2011-12-31": "1485.84600", "2010-12-31": "1320.19700", "2009-12-31": "1183.34500", "2008-12-31": "1122.21800", "2007-12-31": "1086.75400", "2006-12-31": "1060.70600", "2005-12-31": "1057.80700"}, "Operating Income": {"2019-12-31": "267.42600", "2018-12-31": "240.86010", "2017-12-31": "274.48320", "2016-12-31": "231.10410", "2015-12-31": "244.70210", "2014-12-31": "352.18800", "2013-12-31": "554.11210", "2012-12-31": "340.84410", "2011-12-31": "233.74190", "2010-12-31": "217.06200", "2009-12-31": "147.71300", "2008-12-31": "125.42800", "2007-12-31": "70.91300", "2006-12-31": "54.70310", "2005-12-31": "123.12300"}, "Total Non-Operating Income/Expense": {"2019-12-31": "-12.25400", "2018-12-31": "-21.19400", "2017-12-31": "-8.91600", "2016-12-31": "-18.26500", "2015-12-31": "-32.74300", "2014-12-31": "-53.68100", "2013-12-31": "2.82800", "2012-12-31": "4.39800", "2011-12-31": "-6.97300", "2010-12-31": "-9.44900", "2009-12-31": "-6.58900", "2008-12-31": "-24.77500", "2007-12-31": "-2.43500", "2006-12-31": "-2.02700", "2005-12-31": "-4.17200"}, "Pre-Tax Income": {"2019-12-31": "255.17200", "2018-12-31": "219.66600", "2017-12-31": "265.56700", "2016-12-31": "212.83900", "2015-12-31": "211.95900", "2014-12-31": "298.50700", "2013-12-31": "556.94000", "2012-12-31": "345.24200", "2011-12-31": "226.76900", "2010-12-31": "207.61300", "2009-12-31": "141.12400", "2008-12-31": "100.65300", "2007-12-31": "68.47800", "2006-12-31": "52.67600", "2005-12-31": "118.95100"}, "Income Taxes": {"2019-12-31": "81.61900", "2018-12-31": "97.77900", "2017-12-31": "136.13000", "2016-12-31": "69.75300", "2015-12-31": "78.91300", "2014-12-31": "109.33100", "2013-12-31": "192.05200", "2012-12-31": "123.59700", "2011-12-31": "73.43900", "2010-12-31": "71.56200", "2009-12-31": "51.27900", "2008-12-31": "35.30600", "2007-12-31": "24.60600", "2006-12-31": "19.85900", "2005-12-31": "44.91800"}, "Income After Taxes": {"2019-12-31": "173.55300", "2018-12-31": "121.88700", "2017-12-31": "129.43700", "2016-12-31": "143.08600", "2015-12-31": "133.04600", "2014-12-31": "189.17600", "2013-12-31": "364.88800", "2012-12-31": "221.64500", "2011-12-31": "153.33000", "2010-12-31": "136.05100", "2009-12-31": "89.84500", "2008-12-31": "65.34700", "2007-12-31": "43.87200", "2006-12-31": "32.81700", "2005-12-31": "74.03300"}, "Other Income": {"2019-12-31": "", "2018-12-31": "", "2017-12-31": "", "2016-12-31": "", "2015-12-31": "", "2014-12-31": "", "2013-12-31": "", "2012-12-31": "", "2011-12-31": "", "2010-12-31": "", "2009-12-31": "", "2008-12-31": "", "2007-12-31": "", "2006-12-31": "", "2005-12-31": ""}, "Income From Continuous Operations": {"2019-12-31": "173.55300", "2018-12-31": "121.88700", "2017-12-31": "129.43700", "2016-12-31": "143.08600", "2015-12-31": "133.04600", "2014-12-31": "189.17600", "2013-12-31": "364.88800", "2012-12-31": "221.64500", "2011-12-31": "153.33000", "2010-12-31": "136.05100", "2009-12-31": "89.84500", "2008-12-31": "65.34700", "2007-12-31": "43.87200", "2006-12-31": "32.81700", "2005-12-31": "74.03300"}, "Income From Discontinued Operations": {"2019-12-31": "", "2018-12-31": "", "2017-12-31": "", "2016-12-31": "", "2015-12-31": "", "2014-12-31": "", "2013-12-31": "", "2012-12-31": "", "2011-12-31": "", "2010-12-31": "", "2009-12-31": "", "2008-12-31": "", "2007-12-31": "", "2006-12-31": "", "2005-12-31": ""}, "Net Income": {"2019-12-31": "173.55300", "2018-12-31": "121.88700", "2017-12-31": "129.43700", "2016-12-31": "143.08600", "2015-12-31": "133.04600", "2014-12-31": "189.17600", "2013-12-31": "364.88800", "2012-12-31": "221.64500", "2011-12-31": "153.33000", "2010-12-31": "136.05100", "2009-12-31": "89.84500", "2008-12-31": "65.34700", "2007-12-31": "43.87200", "2006-12-31": "32.81700", "2005-12-31": "74.03300"}, "EBITDA": {"2019-12-31": "344.07600", "2018-12-31": "323.86310", "2017-12-31": "346.04710", "2016-12-31": "303.50110", "2015-12-31": "316.06710", "2014-12-31": "407.11200", "2013-12-31": "589.03500", "2012-12-31": "374.25610", "2011-12-31": "266.59190", "2010-12-31": "246.67800", "2009-12-31": "176.27000", "2008-12-31": "155.82100", "2007-12-31": "103.88000", "2006-12-31": "83.83510", "2005-12-31": "153.58200"}, "EBIT": {"2019-12-31": "267.42600", "2018-12-31": "240.86010", "2017-12-31": "274.48320", "2016-12-31": "231.10410", "2015-12-31": "244.70210", "2014-12-31": "352.18800", "2013-12-31": "554.11210", "2012-12-31": "340.84410", "2011-12-31": "233.74190", "2010-12-31": "217.06200", "2009-12-31": "147.71300", "2008-12-31": "125.42800", "2007-12-31": "70.91300", "2006-12-31": "54.70310", "2005-12-31": "123.12300"}, "Basic Shares Outstanding": {"2019-12-31": "55.51800", "2018-12-31": "55.17000", "2017-12-31": "52.80600", "2016-12-31": "55.41200", "2015-12-31": "57.99700", "2014-12-31": "59.07300", "2013-12-31": "58.60600", "2012-12-31": "60.60000", "2011-12-31": "62.06600", "2010-12-31": "62.37000", "2009-12-31": "63.33300", "2008-12-31": "63.51000", "2007-12-31": "64.78300", "2006-12-31": "69.41800", "2005-12-31": "70.04700"}, "Shares Outstanding": {"2019-12-31": "55.92700", "2018-12-31": "56.47600", "2017-12-31": "54.85200", "2016-12-31": "56.09700", "2015-12-31": "59.05700", "2014-12-31": "60.88700", "2013-12-31": "61.44800", "2012-12-31": "63.02500", "2011-12-31": "64.54600", "2010-12-31": "64.54700", "2009-12-31": "64.29600", "2008-12-31": "64.13200", "2007-12-31": "65.58400", "2006-12-31": "70.50600", "2005-12-31": "71.35600"}, "Basic EPS": {"2019-12-31": "3.13000", "2018-12-31": "2.21000", "2017-12-31": "2.45000", "2016-12-31": "2.58000", "2015-12-31": "2.29000", "2014-12-31": "3.20000", "2013-12-31": "6.23000", "2012-12-31": "3.66000", "2011-12-31": "2.47000", "2010-12-31": "2.18000", "2009-12-31": "1.42000", "2008-12-31": "1.03000", "2007-12-31": "0.68000", "2006-12-31": "0.47000", "2005-12-31": "1.06000"}, "EPS - Earnings Per Share": {"2019-12-31": "3.10000", "2018-12-31": "2.16000", "2017-12-31": "2.36000", "2016-12-31": "2.55000", "2015-12-31": "2.25000", "2014-12-31": "3.11000", "2013-12-31": "5.94000", "2012-12-31": "3.52000", "2011-12-31": "2.38000", "2010-12-31": "2.11000", "2009-12-31": "1.40000", "2008-12-31": "1.02000", "2007-12-31": "0.67000", "2006-12-31": "0.47000", "2005-12-31": "1.04000"}}, "income statement, quarterly": {"Revenue": {"2020-09-30": "703.34700", "2020-06-30": "612.36600", "2020-03-31": "518.02800", "2019-12-31": "583.35890", "2019-09-30": "589.93400", "2019-06-30": "623.50000", "2019-03-31": "623.62300", "2018-12-31": "683.28710", "2018-09-30": "675.31200", "2018-06-30": "704.19000", "2018-03-31": "616.21900", "2017-12-31": "666.20100", "2017-09-30": "563.69800", "2017-06-30": "550.10100", "2017-03-31": "499.09900", "2016-12-31": "531.32920", "2016-09-30": "604.16200", "2016-06-30": "600.47500", "2016-03-31": "471.83100", "2015-12-31": "572.19820", "2015-09-30": "571.30800", "2015-06-30": "560.20900", "2015-03-31": "543.33200", "2014-12-31": "609.60710", "2014-09-30": "638.80000", "2014-06-30": "650.02700", "2014-03-31": "671.06100", "2013-12-31": "1055.78600", "2013-09-30": "908.29900", "2013-06-30": "671.32800", "2013-03-31": "541.30500", "2012-12-31": "550.83810", "2012-09-30": "526.18200", "2012-06-30": "593.23500", "2012-03-31": "462.00200", "2011-12-31": "470.90100", "2011-09-30": "428.41600", "2011-06-30": "424.42600", "2011-03-31": "395.84500", "2010-12-31": "401.22010", "2010-09-30": "383.55300", "2010-06-30": "388.36200", "2010-03-31": "364.12400", "2009-12-31": "378.05300", "2009-09-30": "334.24200", "2009-06-30": "322.56500", "2009-03-31": "296.19800", "2008-12-31": "317.57800", "2008-09-30": "310.26600", "2008-06-30": "321.71300", "2008-03-31": "298.08900", "2007-12-31": "306.07500", "2007-09-30": "290.71100", "2007-06-30": "287.24100", "2007-03-31": "273.64000", "2006-12-31": "289.17310", "2006-09-30": "276.34500", "2006-06-30": "284.11100", "2006-03-31": "265.78000", "2005-12-31": "290.73100", "2005-09-30": "290.79100", "2005-06-30": "310.05700", "2005-03-31": "289.35100"}, "Cost Of Goods Sold": {"2020-09-30": "183.37400", "2020-06-30": "154.11000", "2020-03-31": "125.79300", "2019-12-31": "140.56600", "2019-09-30": "140.16200", "2019-06-30": "154.02800", "2019-03-31": "146.66400", "2018-12-31": "161.85300", "2018-09-30": "157.45700", "2018-06-30": "168.54900", "2018-03-31": "146.28100", "2017-12-31": "148.45900", "2017-09-30": "120.83200", "2017-06-30": "121.52100", "2017-03-31": "111.26600", "2016-12-31": "108.52000", "2016-09-30": "125.86300", "2016-06-30": "128.20500", "2016-03-31": "137.86900", "2015-12-31": "121.43700", "2015-09-30": "152.75500", "2015-06-30": "110.26300", "2015-03-31": "105.05500", "2014-12-31": "106.50500", "2014-09-30": "109.27500", "2014-06-30": "156.01000", "2014-03-31": "106.64400", "2013-12-31": "164.67200", "2013-09-30": "139.81600", "2013-06-30": "111.27300", "2013-03-31": "90.04500", "2012-12-31": "95.04400", "2012-09-30": "86.76800", "2012-06-30": "95.58400", "2012-03-31": "75.75600", "2011-12-31": "80.17100", "2011-09-30": "70.63100", "2011-06-30": "71.16800", "2011-03-31": "100.65400", "2010-12-31": "70.90600", "2010-09-30": "68.75500", "2010-06-30": "67.93700", "2010-03-31": "64.83300", "2009-12-31": "67.09700", "2009-09-30": "62.10800", "2009-06-30": "60.63700", "2009-03-31": "53.80600", "2008-12-31": "58.16400", "2008-09-30": "56.91700", "2008-06-30": "59.31900", "2008-03-31": "54.19700", "2007-12-31": "55.27500", "2007-09-30": "52.23900", "2007-06-30": "51.09000", "2007-03-31": "50.67900", "2006-12-31": "51.39200", "2006-09-30": "48.37200", "2006-06-30": "48.44500", "2006-03-31": "46.99400", "2005-12-31": "51.04800", "2005-09-30": "51.53200", "2005-06-30": "53.91900", "2005-03-31": "49.66400"}, "Gross Profit": {"2020-09-30": "519.97300", "2020-06-30": "458.25600", "2020-03-31": "392.23500", "2019-12-31": "442.79300", "2019-09-30": "449.77200", "2019-06-30": "469.47200", "2019-03-31": "476.95900", "2018-12-31": "521.43410", "2018-09-30": "517.85500", "2018-06-30": "535.64100", "2018-03-31": "469.93800", "2017-12-31": "517.74210", "2017-09-30": "442.86600", "2017-06-30": "428.58000", "2017-03-31": "387.83300", "2016-12-31": "422.80920", "2016-09-30": "478.29900", "2016-06-30": "472.27000", "2016-03-31": "333.96200", "2015-12-31": "450.76120", "2015-09-30": "418.55300", "2015-06-30": "449.94600", "2015-03-31": "438.27700", "2014-12-31": "503.10210", "2014-09-30": "529.52500", "2014-06-30": "494.01700", "2014-03-31": "564.41700", "2013-12-31": "891.11390", "2013-09-30": "768.48300", "2013-06-30": "560.05500", "2013-03-31": "451.26000", "2012-12-31": "455.79410", "2012-09-30": "439.41400", "2012-06-30": "497.65100", "2012-03-31": "386.24600", "2011-12-31": "390.73000", "2011-09-30": "357.78500", "2011-06-30": "353.25800", "2011-03-31": "295.19100", "2010-12-31": "330.31410", "2010-09-30": "314.79800", "2010-06-30": "320.42500", "2010-03-31": "299.29100", "2009-12-31": "310.95600", "2009-09-30": "272.13400", "2009-06-30": "261.92800", "2009-03-31": "242.39200", "2008-12-31": "259.41400", "2008-09-30": "253.34900", "2008-06-30": "262.39400", "2008-03-31": "243.89200", "2007-12-31": "250.79990", "2007-09-30": "238.47200", "2007-06-30": "236.15100", "2007-03-31": "222.96100", "2006-12-31": "237.78110", "2006-09-30": "227.97300", "2006-06-30": "235.66600", "2006-03-31": "218.78600", "2005-12-31": "239.68300", "2005-09-30": "239.25900", "2005-06-30": "256.13800", "2005-03-31": "239.68700"}, "Research And Development Expenses": {"2020-09-30": "", "2020-06-30": "", "2020-03-31": "", "2019-12-31": "", "2019-09-30": "", "2019-06-30": "", "2019-03-31": "", "2018-12-31": "", "2018-09-30": "", "2018-06-30": "", "2018-03-31": "", "2017-12-31": "", "2017-09-30": "", "2017-06-30": "", "2017-03-31": "", "2016-12-31": "", "2016-09-30": "", "2016-06-30": "", "2016-03-31": "", "2015-12-31": "", "2015-09-30": "", "2015-06-30": "", "2015-03-31": "", "2014-12-31": "", "2014-09-30": "", "2014-06-30": "", "2014-03-31": "", "2013-12-31": "", "2013-09-30": "", "2013-06-30": "", "2013-03-31": "", "2012-12-31": "", "2012-09-30": "", "2012-06-30": "", "2012-03-31": "", "2011-12-31": "", "2011-09-30": "", "2011-06-30": "", "2011-03-31": "", "2010-12-31": "", "2010-09-30": "", "2010-06-30": "", "2010-03-31": "", "2009-12-31": "", "2009-09-30": "", "2009-06-30": "", "2009-03-31": "", "2008-12-31": "", "2008-09-30": "", "2008-06-30": "", "2008-03-31": "", "2007-12-31": "", "2007-09-30": "", "2007-06-30": "", "2007-03-31": "", "2006-12-31": "", "2006-09-30": "", "2006-06-30": "", "2006-03-31": "", "2005-12-31": "", "2005-09-30": "", "2005-06-30": "", "2005-03-31": ""}, "SG&A Expenses": {"2020-09-30": "445.74500", "2020-06-30": "400.18200", "2020-03-31": "355.67000", "2019-12-31": "388.11390", "2019-09-30": "379.88000", "2019-06-30": "395.27000", "2019-03-31": "408.30600", "2018-12-31": "432.31710", "2018-09-30": "437.18000", "2018-06-30": "452.87700", "2018-03-31": "410.94800", "2017-12-31": "418.62190", "2017-09-30": "378.50400", "2017-06-30": "363.84100", "2017-03-31": "341.57100", "2016-12-31": "362.02610", "2016-09-30": "395.92500", "2016-06-30": "392.47200", "2016-03-31": "325.81300", "2015-12-31": "389.04700", "2015-09-30": "376.01200", "2015-06-30": "378.14500", "2015-03-31": "369.63100", "2014-12-31": "411.80400", "2014-09-30": "424.56900", "2014-06-30": "439.28000", "2014-03-31": "463.22000", "2013-12-31": "702.51900", "2013-09-30": "600.20800", "2013-06-30": "445.47200", "2013-03-31": "368.60100", "2012-12-31": "366.89200", "2012-09-30": "357.04700", "2012-06-30": "399.73900", "2012-03-31": "314.58300", "2011-12-31": "315.15400", "2011-09-30": "290.57200", "2011-06-30": "287.21200", "2011-03-31": "270.28400", "2010-12-31": "271.42500", "2010-09-30": "261.90300", "2010-06-30": "261.26400", "2010-03-31": "253.17400", "2009-12-31": "259.82300", "2009-09-30": "230.37900", "2009-06-30": "225.91600", "2009-03-31": "212.85500", "2008-12-31": "220.59300", "2008-09-30": "223.09700", "2008-06-30": "233.46300", "2008-03-31": "216.46800", "2007-12-31": "217.90700", "2007-09-30": "219.25200", "2007-06-30": "215.12700", "2007-03-31": "205.41000", "2006-12-31": "212.52690", "2006-09-30": "206.96200", "2006-06-30": "211.75800", "2006-03-31": "202.30100", "2005-12-31": "212.36600", "2005-09-30": "209.25000", "2005-06-30": "219.10200", "2005-03-31": "210.92600"}, "Other Operating Income Or Expenses": {"2020-09-30": "", "2020-06-30": "", "2020-03-31": "", "2019-12-31": "", "2019-09-30": "", "2019-06-30": "", "2019-03-31": "", "2018-12-31": "", "2018-09-30": "", "2018-06-30": "", "2018-03-31": "", "2017-12-31": "", "2017-09-30": "", "2017-06-30": "", "2017-03-31": "", "2016-12-31": "", "2016-09-30": "", "2016-06-30": "", "2016-03-31": "", "2015-12-31": "", "2015-09-30": "", "2015-06-30": "", "2015-03-31": "", "2014-12-31": "", "2014-09-30": "", "2014-06-30": "", "2014-03-31": "", "2013-12-31": "", "2013-09-30": "", "2013-06-30": "", "2013-03-31": "", "2012-12-31": "", "2012-09-30": "", "2012-06-30": "", "2012-03-31": "", "2011-12-31": "", "2011-09-30": "", "2011-06-30": "", "2011-03-31": "", "2010-12-31": "", "2010-09-30": "", "2010-06-30": "", "2010-03-31": "", "2009-12-31": "", "2009-09-30": "", "2009-06-30": "", "2009-03-31": "", "2008-12-31": "", "2008-09-30": "", "2008-06-30": "", "2008-03-31": "", "2007-12-31": "", "2007-09-30": "", "2007-06-30": "", "2007-03-31": "", "2006-12-31": "", "2006-09-30": "", "2006-06-30": "", "2006-03-31": "-20.84000", "2005-12-31": "", "2005-09-30": "", "2005-06-30": "", "2005-03-31": ""}, "Operating Expenses": {"2020-09-30": "629.11900", "2020-06-30": "554.29200", "2020-03-31": "481.46300", "2019-12-31": "528.68010", "2019-09-30": "520.04200", "2019-06-30": "549.29800", "2019-03-31": "554.97000", "2018-12-31": "664.85600", "2018-09-30": "594.63700", "2018-06-30": "621.42600", "2018-03-31": "557.22900", "2017-12-31": "567.08110", "2017-09-30": "499.33600", "2017-06-30": "485.36200", "2017-03-31": "452.83700", "2016-12-31": "470.54600", "2016-09-30": "521.78800", "2016-06-30": "520.67700", "2016-03-31": "463.68200", "2015-12-31": "510.48400", "2015-09-30": "528.76700", "2015-06-30": "488.40800", "2015-03-31": "474.68600", "2014-12-31": "518.30910", "2014-09-30": "533.84400", "2014-06-30": "595.29000", "2014-03-31": "569.86400", "2013-12-31": "867.19100", "2013-09-30": "740.02400", "2013-06-30": "556.74500", "2013-03-31": "458.64600", "2012-12-31": "461.93590", "2012-09-30": "443.81500", "2012-06-30": "495.32300", "2012-03-31": "390.33900", "2011-12-31": "395.32510", "2011-09-30": "361.20300", "2011-06-30": "358.38000", "2011-03-31": "370.93800", "2010-12-31": "342.33110", "2010-09-30": "330.65800", "2010-06-30": "329.20100", "2010-03-31": "318.00700", "2009-12-31": "325.88490", "2009-09-30": "293.29900", "2009-06-30": "288.11400", "2009-03-31": "276.04700", "2008-12-31": "278.75700", "2008-09-30": "280.01400", "2008-06-30": "292.78200", "2008-03-31": "270.66500", "2007-12-31": "292.95700", "2007-09-30": "271.49100", "2007-06-30": "266.21700", "2007-03-31": "256.08900", "2006-12-31": "263.91890", "2006-09-30": "255.33400", "2006-06-30": "260.20300", "2006-03-31": "281.25000", "2005-12-31": "263.41400", "2005-09-30": "260.78200", "2005-06-30": "273.02100", "2005-03-31": "260.59000"}, "Operating Income": {"2020-09-30": "74.22800", "2020-06-30": "58.07400", "2020-03-31": "36.56500", "2019-12-31": "54.67890", "2019-09-30": "69.89200", "2019-06-30": "74.20200", "2019-03-31": "68.65300", "2018-12-31": "18.43120", "2018-09-30": "80.67510", "2018-06-30": "82.76400", "2018-03-31": "58.99000", "2017-12-31": "99.12000", "2017-09-30": "64.36200", "2017-06-30": "64.73900", "2017-03-31": "46.26200", "2016-12-31": "60.78310", "2016-09-30": "82.37400", "2016-06-30": "79.79800", "2016-03-31": "8.14900", "2015-12-31": "61.71410", "2015-09-30": "42.54100", "2015-06-30": "71.80100", "2015-03-31": "68.64600", "2014-12-31": "91.29800", "2014-09-30": "104.95600", "2014-06-30": "54.73700", "2014-03-31": "101.19700", "2013-12-31": "188.59480", "2013-09-30": "168.27500", "2013-06-30": "114.58300", "2013-03-31": "82.65900", "2012-12-31": "88.90220", "2012-09-30": "82.36700", "2012-06-30": "97.91200", "2012-03-31": "71.66300", "2011-12-31": "75.57590", "2011-09-30": "67.21300", "2011-06-30": "66.04600", "2011-03-31": "24.90700", "2010-12-31": "58.88900", "2010-09-30": "52.89500", "2010-06-30": "59.16100", "2010-03-31": "46.11700", "2009-12-31": "52.16800", "2009-09-30": "40.94300", "2009-06-30": "34.45100", "2009-03-31": "20.15100", "2008-12-31": "38.82100", "2008-09-30": "30.25200", "2008-06-30": "28.93100", "2008-03-31": "27.42400", "2007-12-31": "13.11790", "2007-09-30": "19.22000", "2007-06-30": "21.02400", "2007-03-31": "17.55100", "2006-12-31": "25.25420", "2006-09-30": "21.01100", "2006-06-30": "23.90800", "2006-03-31": "-15.47000", "2005-12-31": "27.31700", "2005-09-30": "30.00900", "2005-06-30": "37.03600", "2005-03-31": "28.76100"}, "Total Non-Operating Income/Expense": {"2020-09-30": "0.52500", "2020-06-30": "1.58100", "2020-03-31": "-6.17400", "2019-12-31": "-1.10100", "2019-09-30": "-4.97900", "2019-06-30": "-3.32600", "2019-03-31": "-2.84800", "2018-12-31": "-4.25400", "2018-09-30": "-6.98200", "2018-06-30": "-11.16500", "2018-03-31": "1.20700", "2017-12-31": "-0.44600", "2017-09-30": "-1.17200", "2017-06-30": "-2.73100", "2017-03-31": "-4.56700", "2016-12-31": "1.35300", "2016-09-30": "-5.69500", "2016-06-30": "-11.06000", "2016-03-31": "-2.86300", "2015-12-31": "-3.28900", "2015-09-30": "-14.42800", "2015-06-30": "-2.75800", "2015-03-31": "-12.26800", "2014-12-31": "-16.12700", "2014-09-30": "1.07300", "2014-06-30": "-21.11900", "2014-03-31": "-17.50800", "2013-12-31": "3.39900", "2013-09-30": "0.50400", "2013-06-30": "-1.18700", "2013-03-31": "0.11200", "2012-12-31": "2.89300", "2012-09-30": "1.23900", "2012-06-30": "-3.36900", "2012-03-31": "3.63500", "2011-12-31": "0.45500", "2011-09-30": "-6.87900", "2011-06-30": "-0.12700", "2011-03-31": "-0.42200", "2010-12-31": "-2.10200", "2010-09-30": "-0.67400", "2010-06-30": "-7.28700", "2010-03-31": "0.61400", "2009-12-31": "-3.40200", "2009-09-30": "-2.83300", "2009-06-30": "0.88200", "2009-03-31": "-1.23600", "2008-12-31": "-14.78700", "2008-09-30": "-8.26900", "2008-06-30": "4.11000", "2008-03-31": "-5.82900", "2007-12-31": "-2.54400", "2007-09-30": "0.00600", "2007-06-30": "0.89700", "2007-03-31": "-0.79400", "2006-12-31": "0.21400", "2006-09-30": "0.22000", "2006-06-30": "-1.40700", "2006-03-31": "-1.05400", "2005-12-31": "-0.71100", "2005-09-30": "-1.63300", "2005-06-30": "-1.17300", "2005-03-31": "-0.65500"}, "Pre-Tax Income": {"2020-09-30": "74.75300", "2020-06-30": "59.65500", "2020-03-31": "30.39100", "2019-12-31": "53.57800", "2019-09-30": "64.91300", "2019-06-30": "70.87600", "2019-03-31": "65.80500", "2018-12-31": "14.17700", "2018-09-30": "73.69300", "2018-06-30": "71.59900", "2018-03-31": "60.19700", "2017-12-31": "98.67400", "2017-09-30": "63.19000", "2017-06-30": "62.00800", "2017-03-31": "41.69500", "2016-12-31": "62.13600", "2016-09-30": "76.67900", "2016-06-30": "68.73800", "2016-03-31": "5.28600", "2015-12-31": "58.42500", "2015-09-30": "28.11300", "2015-06-30": "69.04300", "2015-03-31": "56.37800", "2014-12-31": "75.17100", "2014-09-30": "106.02900", "2014-06-30": "33.61800", "2014-03-31": "83.68900", "2013-12-31": "191.99400", "2013-09-30": "168.77900", "2013-06-30": "113.39600", "2013-03-31": "82.77100", "2012-12-31": "91.79500", "2012-09-30": "83.60600", "2012-06-30": "94.54300", "2012-03-31": "75.29800", "2011-12-31": "76.03100", "2011-09-30": "60.33400", "2011-06-30": "65.91900", "2011-03-31": "24.48500", "2010-12-31": "56.78700", "2010-09-30": "52.22100", "2010-06-30": "51.87400", "2010-03-31": "46.73100", "2009-12-31": "48.76600", "2009-09-30": "38.11000", "2009-06-30": "35.33300", "2009-03-31": "18.91500", "2008-12-31": "24.03400", "2008-09-30": "21.98300", "2008-06-30": "33.04100", "2008-03-31": "21.59500", "2007-12-31": "10.57400", "2007-09-30": "19.22600", "2007-06-30": "21.92100", "2007-03-31": "16.75700", "2006-12-31": "25.46800", "2006-09-30": "21.23100", "2006-06-30": "22.50100", "2006-03-31": "-16.52400", "2005-12-31": "26.60600", "2005-09-30": "28.37600", "2005-06-30": "35.86300", "2005-03-31": "28.10600"}, "Income Taxes": {"2020-09-30": "18.44600", "2020-06-30": "17.80400", "2020-03-31": "10.66100", "2019-12-31": "13.46600", "2019-09-30": "20.82300", "2019-06-30": "24.52700", "2019-03-31": "22.80300", "2018-12-31": "31.93600", "2018-09-30": "20.54700", "2018-06-30": "20.63800", "2018-03-31": "24.65800", "2017-12-31": "80.43900", "2017-09-30": "21.51800", "2017-06-30": "19.96700", "2017-03-31": "14.20600", "2016-12-31": "23.95100", "2016-09-30": "19.80700", "2016-06-30": "24.02500", "2016-03-31": "1.97000", "2015-12-31": "22.58500", "2015-09-30": "11.84600", "2015-06-30": "24.38600", "2015-03-31": "20.09600", "2014-12-31": "28.66400", "2014-09-30": "37.72100", "2014-06-30": "14.11100", "2014-03-31": "28.83500", "2013-12-31": "66.72300", "2013-09-30": "57.87900", "2013-06-30": "38.96100", "2013-03-31": "28.48900", "2012-12-31": "32.56200", "2012-09-30": "29.43000", "2012-06-30": "34.13600", "2012-03-31": "27.46900", "2011-12-31": "26.50800", "2011-09-30": "13.53600", "2011-06-30": "24.21800", "2011-03-31": "9.17700", "2010-12-31": "19.45700", "2010-09-30": "16.93200", "2010-06-30": "19.48200", "2010-03-31": "15.69100", "2009-12-31": "18.44700", "2009-09-30": "12.53900", "2009-06-30": "13.21900", "2009-03-31": "7.07400", "2008-12-31": "9.53700", "2008-09-30": "5.22300", "2008-06-30": "12.44000", "2008-03-31": "8.10600", "2007-12-31": "4.53900", "2007-09-30": "5.68100", "2007-06-30": "8.12900", "2007-03-31": "6.25700", "2006-12-31": "9.60400", "2006-09-30": "8.01300", "2006-06-30": "8.43800", "2006-03-31": "-6.19600", "2005-12-31": "10.83600", "2005-09-30": "10.62900", "2005-06-30": "13.05400", "2005-03-31": "10.39900"}, "Income After Taxes": {"2020-09-30": "56.30700", "2020-06-30": "41.85100", "2020-03-31": "19.73000", "2019-12-31": "40.11200", "2019-09-30": "44.09000", "2019-06-30": "46.34900", "2019-03-31": "43.00200", "2018-12-31": "-17.75900", "2018-09-30": "53.14600", "2018-06-30": "50.96100", "2018-03-31": "35.53900", "2017-12-31": "18.23500", "2017-09-30": "41.67200", "2017-06-30": "42.04100", "2017-03-31": "27.48900", "2016-12-31": "38.18500", "2016-09-30": "56.87200", "2016-06-30": "44.71300", "2016-03-31": "3.31600", "2015-12-31": "35.84000", "2015-09-30": "16.26700", "2015-06-30": "44.65700", "2015-03-31": "36.28200", "2014-12-31": "46.50700", "2014-09-30": "68.30800", "2014-06-30": "19.50700", "2014-03-31": "54.85400", "2013-12-31": "125.27100", "2013-09-30": "110.90000", "2013-06-30": "74.43500", "2013-03-31": "54.28200", "2012-12-31": "59.23300", "2012-09-30": "54.17600", "2012-06-30": "60.40700", "2012-03-31": "47.82900", "2011-12-31": "49.52300", "2011-09-30": "46.79800", "2011-06-30": "41.70100", "2011-03-31": "15.30800", "2010-12-31": "37.33000", "2010-09-30": "35.28900", "2010-06-30": "32.39200", "2010-03-31": "31.04000", "2009-12-31": "30.31900", "2009-09-30": "25.57100", "2009-06-30": "22.11400", "2009-03-31": "11.84100", "2008-12-31": "14.49700", "2008-09-30": "16.76000", "2008-06-30": "20.60100", "2008-03-31": "13.48900", "2007-12-31": "6.03500", "2007-09-30": "13.54500", "2007-06-30": "13.79200", "2007-03-31": "10.50000", "2006-12-31": "15.86400", "2006-09-30": "13.21800", "2006-06-30": "14.06300", "2006-03-31": "-10.32800", "2005-12-31": "15.77000", "2005-09-30": "17.74700", "2005-06-30": "22.80900", "2005-03-31": "17.70700"}, "Other Income": {"2020-09-30": "", "2020-06-30": "", "2020-03-31": "", "2019-12-31": "", "2019-09-30": "", "2019-06-30": "", "2019-03-31": "", "2018-12-31": "", "2018-09-30": "", "2018-06-30": "", "2018-03-31": "", "2017-12-31": "", "2017-09-30": "", "2017-06-30": "", "2017-03-31": "", "2016-12-31": "", "2016-09-30": "", "2016-06-30": "", "2016-03-31": "", "2015-12-31": "", "2015-09-30": "", "2015-06-30": "", "2015-03-31": "", "2014-12-31": "", "2014-09-30": "", "2014-06-30": "", "2014-03-31": "", "2013-12-31": "", "2013-09-30": "", "2013-06-30": "", "2013-03-31": "", "2012-12-31": "", "2012-09-30": "", "2012-06-30": "", "2012-03-31": "", "2011-12-31": "", "2011-09-30": "", "2011-06-30": "", "2011-03-31": "", "2010-12-31": "", "2010-09-30": "", "2010-06-30": "", "2010-03-31": "", "2009-12-31": "", "2009-09-30": "", "2009-06-30": "", "2009-03-31": "", "2008-12-31": "", "2008-09-30": "", "2008-06-30": "", "2008-03-31": "", "2007-12-31": "", "2007-09-30": "", "2007-06-30": "", "2007-03-31": "", "2006-12-31": "", "2006-09-30": "", "2006-06-30": "", "2006-03-31": "", "2005-12-31": "", "2005-09-30": "", "2005-06-30": "", "2005-03-31": ""}, "Income From Continuous Operations": {"2020-09-30": "56.30700", "2020-06-30": "41.85100", "2020-03-31": "19.73000", "2019-12-31": "40.11200", "2019-09-30": "44.09000", "2019-06-30": "46.34900", "2019-03-31": "43.00200", "2018-12-31": "-17.75900", "2018-09-30": "53.14600", "2018-06-30": "50.96100", "2018-03-31": "35.53900", "2017-12-31": "18.23500", "2017-09-30": "41.67200", "2017-06-30": "42.04100", "2017-03-31": "27.48900", "2016-12-31": "38.18500", "2016-09-30": "56.87200", "2016-06-30": "44.71300", "2016-03-31": "3.31600", "2015-12-31": "35.84000", "2015-09-30": "16.26700", "2015-06-30": "44.65700", "2015-03-31": "36.28200", "2014-12-31": "46.50700", "2014-09-30": "68.30800", "2014-06-30": "19.50700", "2014-03-31": "54.85400", "2013-12-31": "125.27100", "2013-09-30": "110.90000", "2013-06-30": "74.43500", "2013-03-31": "54.28200", "2012-12-31": "59.23300", "2012-09-30": "54.17600", "2012-06-30": "60.40700", "2012-03-31": "47.82900", "2011-12-31": "49.52300", "2011-09-30": "46.79800", "2011-06-30": "41.70100", "2011-03-31": "15.30800", "2010-12-31": "37.33000", "2010-09-30": "35.28900", "2010-06-30": "32.39200", "2010-03-31": "31.04000", "2009-12-31": "30.31900", "2009-09-30": "25.57100", "2009-06-30": "22.11400", "2009-03-31": "11.84100", "2008-12-31": "14.49700", "2008-09-30": "16.76000", "2008-06-30": "20.60100", "2008-03-31": "13.48900", "2007-12-31": "6.03500", "2007-09-30": "13.54500", "2007-06-30": "13.79200", "2007-03-31": "10.50000", "2006-12-31": "15.86400", "2006-09-30": "13.21800", "2006-06-30": "14.06300", "2006-03-31": "-10.32800", "2005-12-31": "15.77000", "2005-09-30": "17.74700", "2005-06-30": "22.80900", "2005-03-31": "17.70700"}, "Income From Discontinued Operations": {"2020-09-30": "", "2020-06-30": "", "2020-03-31": "", "2019-12-31": "", "2019-09-30": "", "2019-06-30": "", "2019-03-31": "", "2018-12-31": "", "2018-09-30": "", "2018-06-30": "", "2018-03-31": "", "2017-12-31": "", "2017-09-30": "", "2017-06-30": "", "2017-03-31": "", "2016-12-31": "", "2016-09-30": "", "2016-06-30": "", "2016-03-31": "", "2015-12-31": "", "2015-09-30": "", "2015-06-30": "", "2015-03-31": "", "2014-12-31": "", "2014-09-30": "", "2014-06-30": "", "2014-03-31": "", "2013-12-31": "", "2013-09-30": "", "2013-06-30": "", "2013-03-31": "", "2012-12-31": "", "2012-09-30": "", "2012-06-30": "", "2012-03-31": "", "2011-12-31": "", "2011-09-30": "", "2011-06-30": "", "2011-03-31": "", "2010-12-31": "", "2010-09-30": "", "2010-06-30": "", "2010-03-31": "", "2009-12-31": "", "2009-09-30": "", "2009-06-30": "", "2009-03-31": "", "2008-12-31": "", "2008-09-30": "", "2008-06-30": "", "2008-03-31": "", "2007-12-31": "", "2007-09-30": "", "2007-06-30": "", "2007-03-31": "", "2006-12-31": "", "2006-09-30": "", "2006-06-30": "", "2006-03-31": "", "2005-12-31": "", "2005-09-30": "", "2005-06-30": "", "2005-03-31": ""}, "Net Income": {"2020-09-30": "56.30700", "2020-06-30": "41.85100", "2020-03-31": "19.73000", "2019-12-31": "40.11200", "2019-09-30": "44.09000", "2019-06-30": "46.34900", "2019-03-31": "43.00200", "2018-12-31": "-17.75900", "2018-09-30": "53.14600", "2018-06-30": "50.96100", "2018-03-31": "35.53900", "2017-12-31": "18.23500", "2017-09-30": "41.67200", "2017-06-30": "42.04100", "2017-03-31": "27.48900", "2016-12-31": "38.18500", "2016-09-30": "56.87200", "2016-06-30": "44.71300", "2016-03-31": "3.31600", "2015-12-31": "35.84000", "2015-09-30": "16.26700", "2015-06-30": "44.65700", "2015-03-31": "36.28200", "2014-12-31": "46.50700", "2014-09-30": "68.30800", "2014-06-30": "19.50700", "2014-03-31": "54.85400", "2013-12-31": "125.27100", "2013-09-30": "110.90000", "2013-06-30": "74.43500", "2013-03-31": "54.28200", "2012-12-31": "59.23300", "2012-09-30": "54.17600", "2012-06-30": "60.40700", "2012-03-31": "47.82900", "2011-12-31": "49.52300", "2011-09-30": "46.79800", "2011-06-30": "41.70100", "2011-03-31": "15.30800", "2010-12-31": "37.33000", "2010-09-30": "35.28900", "2010-06-30": "32.39200", "2010-03-31": "31.04000", "2009-12-31": "30.31900", "2009-09-30": "25.57100", "2009-06-30": "22.11400", "2009-03-31": "11.84100", "2008-12-31": "14.49700", "2008-09-30": "16.76000", "2008-06-30": "20.60100", "2008-03-31": "13.48900", "2007-12-31": "6.03500", "2007-09-30": "13.54500", "2007-06-30": "13.79200", "2007-03-31": "10.50000", "2006-12-31": "15.86400", "2006-09-30": "13.21800", "2006-06-30": "14.06300", "2006-03-31": "-10.32800", "2005-12-31": "15.77000", "2005-09-30": "17.74700", "2005-06-30": "22.80900", "2005-03-31": "17.70700"}, "EBITDA": {"2020-09-30": "92.14800", "2020-06-30": "76.33800", "2020-03-31": "55.66000", "2019-12-31": "73.36490", "2019-09-30": "89.19700", "2019-06-30": "93.25400", "2019-03-31": "88.26000", "2018-12-31": "38.60120", "2018-09-30": "103.36610", "2018-06-30": "103.99900", "2018-03-31": "77.89700", "2017-12-31": "118.15900", "2017-09-30": "81.80700", "2017-06-30": "82.19400", "2017-03-31": "63.88700", "2016-12-31": "79.77810", "2016-09-30": "101.09200", "2016-06-30": "97.53700", "2016-03-31": "25.09400", "2015-12-31": "80.97810", "2015-09-30": "60.54100", "2015-06-30": "89.30700", "2015-03-31": "85.24100", "2014-12-31": "107.28900", "2014-09-30": "118.92400", "2014-06-30": "67.45100", "2014-03-31": "113.44800", "2013-12-31": "199.49190", "2013-09-30": "176.77400", "2013-06-30": "122.49800", "2013-03-31": "90.27100", "2012-12-31": "97.08620", "2012-09-30": "90.65700", "2012-06-30": "106.34600", "2012-03-31": "80.16700", "2011-12-31": "84.40490", "2011-09-30": "75.38100", "2011-06-30": "73.98100", "2011-03-31": "32.82500", "2010-12-31": "65.93200", "2010-09-30": "60.46200", "2010-06-30": "66.87900", "2010-03-31": "53.40500", "2009-12-31": "59.37200", "2009-09-30": "47.82100", "2009-06-30": "41.51700", "2009-03-31": "27.56000", "2008-12-31": "46.37600", "2008-09-30": "37.75700", "2008-06-30": "36.29700", "2008-03-31": "35.39100", "2007-12-31": "22.09290", "2007-09-30": "27.25600", "2007-06-30": "29.16300", "2007-03-31": "25.36800", "2006-12-31": "33.33320", "2006-09-30": "27.89100", "2006-06-30": "30.49600", "2006-03-31": "-7.88500", "2005-12-31": "34.95800", "2005-09-30": "37.78600", "2005-06-30": "44.54500", "2005-03-31": "36.29300"}, "EBIT": {"2020-09-30": "74.22800", "2020-06-30": "58.07400", "2020-03-31": "36.56500", "2019-12-31": "54.67900", "2019-09-30": "69.89200", "2019-06-30": "74.20200", "2019-03-31": "68.65300", "2018-12-31": "18.43100", "2018-09-30": "80.67510", "2018-06-30": "82.76400", "2018-03-31": "58.99000", "2017-12-31": "99.12020", "2017-09-30": "64.36200", "2017-06-30": "64.73900", "2017-03-31": "46.26200", "2016-12-31": "60.78310", "2016-09-30": "82.37400", "2016-06-30": "79.79800", "2016-03-31": "8.14900", "2015-12-31": "61.71420", "2015-09-30": "42.54100", "2015-06-30": "71.80100", "2015-03-31": "68.64600", "2014-12-31": "91.29800", "2014-09-30": "104.95600", "2014-06-30": "54.73700", "2014-03-31": "101.19700", "2013-12-31": "188.59500", "2013-09-30": "168.27500", "2013-06-30": "114.58300", "2013-03-31": "82.65900", "2012-12-31": "88.90210", "2012-09-30": "82.36700", "2012-06-30": "97.91200", "2012-03-31": "71.66300", "2011-12-31": "75.57600", "2011-09-30": "67.21300", "2011-06-30": "66.04600", "2011-03-31": "24.90700", "2010-12-31": "58.88900", "2010-09-30": "52.89500", "2010-06-30": "59.16100", "2010-03-31": "46.11700", "2009-12-31": "52.16800", "2009-09-30": "40.94300", "2009-06-30": "34.45100", "2009-03-31": "20.15100", "2008-12-31": "38.82100", "2008-09-30": "30.25200", "2008-06-30": "28.93100", "2008-03-31": "27.42400", "2007-12-31": "13.11800", "2007-09-30": "19.22000", "2007-06-30": "21.02400", "2007-03-31": "17.55100", "2006-12-31": "25.25420", "2006-09-30": "21.01100", "2006-06-30": "23.90800", "2006-03-31": "-15.47000", "2005-12-31": "27.31710", "2005-09-30": "30.00900", "2005-06-30": "37.03600", "2005-03-31": "28.76100"}, "Basic Shares Outstanding": {"2020-09-30": "51.30800", "2020-06-30": "51.87200", "2020-03-31": "55.05900", "2019-12-31": "55.51800", "2019-09-30": "55.54800", "2019-06-30": "55.53600", "2019-03-31": "55.43600", "2018-12-31": "55.17000", "2018-09-30": "55.60300", "2018-06-30": "55.60800", "2018-03-31": "53.99700", "2017-12-31": "52.80600", "2017-09-30": "52.87300", "2017-06-30": "52.92900", "2017-03-31": "52.67800", "2016-12-31": "55.41200", "2016-09-30": "55.98300", "2016-06-30": "55.95200", "2016-03-31": "55.95500", "2015-12-31": "57.99700", "2015-09-30": "57.72500", "2015-06-30": "58.50600", "2015-03-31": "58.99100", "2014-12-31": "59.07300", "2014-09-30": "59.24900", "2014-06-30": "59.05200", "2014-03-31": "58.86900", "2013-12-31": "58.60600", "2013-09-30": "58.66100", "2013-06-30": "58.62000", "2013-03-31": "58.35200", "2012-12-31": "60.60000", "2012-09-30": "59.78000", "2012-06-30": "61.70600", "2012-03-31": "62.23000", "2011-12-31": "62.06600", "2011-09-30": "62.28500", "2011-06-30": "61.80600", "2011-03-31": "61.88800", "2010-12-31": "62.37000", "2010-09-30": "61.97100", "2010-06-30": "62.91900", "2010-03-31": "62.47400", "2009-12-31": "63.33300", "2009-09-30": "62.91200", "2009-06-30": "63.10900", "2009-03-31": "63.33400", "2008-12-31": "63.51000", "2008-09-30": "63.56700", "2008-06-30": "63.56100", "2008-03-31": "63.45700", "2007-12-31": "64.78300", "2007-09-30": "64.61600", "2007-06-30": "64.52300", "2007-03-31": "65.93900", "2006-12-31": "69.41800", "2006-09-30": "69.63000", "2006-06-30": "70.20300", "2006-03-31": "70.13100", "2005-12-31": "70.04700", "2005-09-30": "70.25700", "2005-06-30": "69.95500", "2005-03-31": "69.74700"}, "Shares Outstanding": {"2020-09-30": "52.24300", "2020-06-30": "51.92500", "2020-03-31": "55.10100", "2019-12-31": "55.92700", "2019-09-30": "55.78800", "2019-06-30": "55.94300", "2019-03-31": "56.12800", "2018-12-31": "56.47600", "2018-09-30": "56.70400", "2018-06-30": "56.71300", "2018-03-31": "55.95900", "2017-12-31": "54.85200", "2017-09-30": "54.83400", "2017-06-30": "54.83900", "2017-03-31": "54.05700", "2016-12-31": "56.09700", "2016-09-30": "57.85200", "2016-06-30": "56.35600", "2016-03-31": "56.41100", "2015-12-31": "59.05700", "2015-09-30": "58.66300", "2015-06-30": "59.71300", "2015-03-31": "60.26100", "2014-12-31": "60.88700", "2014-09-30": "60.77700", "2014-06-30": "61.11800", "2014-03-31": "61.22700", "2013-12-31": "61.44800", "2013-09-30": "61.50800", "2013-06-30": "61.12100", "2013-03-31": "60.56600", "2012-12-31": "63.02500", "2012-09-30": "62.06000", "2012-06-30": "64.23000", "2012-03-31": "65.01700", "2011-12-31": "64.54600", "2011-09-30": "64.70800", "2011-06-30": "64.19300", "2011-03-31": "64.01700", "2010-12-31": "64.54700", "2010-09-30": "64.06500", "2010-06-30": "65.07200", "2010-03-31": "64.76700", "2009-12-31": "64.29600", "2009-09-30": "63.88500", "2009-06-30": "63.72600", "2009-03-31": "63.52200", "2008-12-31": "64.13200", "2008-09-30": "64.20600", "2008-06-30": "64.26900", "2008-03-31": "64.16600", "2007-12-31": "65.58400", "2007-09-30": "65.33400", "2007-06-30": "65.34300", "2007-03-31": "66.81100", "2006-12-31": "70.50600", "2006-09-30": "70.58000", "2006-06-30": "71.14800", "2006-03-31": "70.13100", "2005-12-31": "71.35600", "2005-09-30": "71.63200", "2005-06-30": "71.45200", "2005-03-31": "71.35300"}, "Basic EPS": {"2020-09-30": "1.10000", "2020-06-30": "0.81000", "2020-03-31": "0.36000", "2019-12-31": "0.73000", "2019-09-30": "0.79000", "2019-06-30": "0.83000", "2019-03-31": "0.78000", "2018-12-31": "-0.33000", "2018-09-30": "0.96000", "2018-06-30": "0.92000", "2018-03-31": "0.66000", "2017-12-31": "0.35000", "2017-09-30": "0.79000", "2017-06-30": "0.79000", "2017-03-31": "0.52000", "2016-12-31": "0.70000", "2016-09-30": "1.02000", "2016-06-30": "0.80000", "2016-03-31": "0.06000", "2015-12-31": "0.63000", "2015-09-30": "0.28000", "2015-06-30": "0.76000", "2015-03-31": "0.62000", "2014-12-31": "0.79000", "2014-09-30": "1.15000", "2014-06-30": "0.33000", "2014-03-31": "0.93000", "2013-12-31": "2.14000", "2013-09-30": "1.89000", "2013-06-30": "1.27000", "2013-03-31": "0.93000", "2012-12-31": "1.00000", "2012-09-30": "0.91000", "2012-06-30": "0.98000", "2012-03-31": "0.77000", "2011-12-31": "0.80000", "2011-09-30": "0.75000", "2011-06-30": "0.67000", "2011-03-31": "0.25000", "2010-12-31": "0.60000", "2010-09-30": "0.57000", "2010-06-30": "0.51000", "2010-03-31": "0.50000", "2009-12-31": "0.47000", "2009-09-30": "0.41000", "2009-06-30": "0.35000", "2009-03-31": "0.19000", "2008-12-31": "0.24000", "2008-09-30": "0.26000", "2008-06-30": "0.32000", "2008-03-31": "0.21000", "2007-12-31": "0.10000", "2007-09-30": "0.21000", "2007-06-30": "0.21000", "2007-03-31": "0.16000", "2006-12-31": "0.23000", "2006-09-30": "0.19000", "2006-06-30": "0.20000", "2006-03-31": "-0.15000", "2005-12-31": "0.23000", "2005-09-30": "0.25000", "2005-06-30": "0.33000", "2005-03-31": "0.25000"}, "EPS - Earnings Per Share": {"2020-09-30": "1.08000", "2020-06-30": "0.81000", "2020-03-31": "0.36000", "2019-12-31": "0.71000", "2019-09-30": "0.79000", "2019-06-30": "0.83000", "2019-03-31": "0.77000", "2018-12-31": "-0.32000", "2018-09-30": "0.94000", "2018-06-30": "0.90000", "2018-03-31": "0.64000", "2017-12-31": "0.32000", "2017-09-30": "0.76000", "2017-06-30": "0.77000", "2017-03-31": "0.51000", "2016-12-31": "0.72000", "2016-09-30": "0.98000", "2016-06-30": "0.79000", "2016-03-31": "0.06000", "2015-12-31": "0.62000", "2015-09-30": "0.28000", "2015-06-30": "0.75000", "2015-03-31": "0.60000", "2014-12-31": "0.77000", "2014-09-30": "1.12000", "2014-06-30": "0.32000", "2014-03-31": "0.90000", "2013-12-31": "2.02000", "2013-09-30": "1.80000", "2013-06-30": "1.22000", "2013-03-31": "0.90000", "2012-12-31": "0.97000", "2012-09-30": "0.87000", "2012-06-30": "0.94000", "2012-03-31": "0.74000", "2011-12-31": "0.77000", "2011-09-30": "0.72000", "2011-06-30": "0.65000", "2011-03-31": "0.24000", "2010-12-31": "0.58000", "2010-09-30": "0.55000", "2010-06-30": "0.50000", "2010-03-31": "0.48000", "2009-12-31": "0.46000", "2009-09-30": "0.40000", "2009-06-30": "0.35000", "2009-03-31": "0.19000", "2008-12-31": "0.23000", "2008-09-30": "0.26000", "2008-06-30": "0.32000", "2008-03-31": "0.21000", "2007-12-31": "0.09000", "2007-09-30": "0.21000", "2007-06-30": "0.21000", "2007-03-31": "0.16000", "2006-12-31": "0.23000", "2006-09-30": "0.19000", "2006-06-30": "0.20000", "2006-03-31": "-0.15000", "2005-12-31": "0.22000", "2005-09-30": "0.25000", "2005-06-30": "0.32000", "2005-03-31": "0.25000"}}, "balance sheet": {"Cash On Hand": {"2019-12-31": "344.04300", "2018-12-31": "398.25700", "2017-12-31": "438.24600", "2016-12-31": "368.12600", "2015-12-31": "303.72500", "2014-12-31": "300.20800", "2013-12-31": "547.12700", "2012-12-31": "333.40300", "2011-12-31": "290.70100", "2010-12-31": "230.33700", "2009-12-31": "158.04500", "2008-12-31": "114.58600", "2007-12-31": "92.55200", "2006-12-31": "121.35300", "2005-12-31": "155.40900"}, "Receivables": {"2019-12-31": "50.37800", "2018-12-31": "53.28200", "2017-12-31": "33.19600", "2016-12-31": "31.19900", "2015-12-31": "35.46400", "2014-12-31": "35.83400", "2013-12-31": "68.65200", "2012-12-31": "36.85000", "2011-12-31": "31.61500", "2010-12-31": "25.70100", "2009-12-31": "22.51300", "2008-12-31": "16.49600", "2007-12-31": "23.42400", "2006-12-31": "19.42100", "2005-12-31": "16.68300"}, "Inventory": {"2019-12-31": "275.89100", "2018-12-31": "295.82100", "2017-12-31": "253.45400", "2016-12-31": "249.93600", "2015-12-31": "265.25600", "2014-12-31": "338.49100", "2013-12-31": "339.66900", "2012-12-31": "135.87400", "2011-12-31": "112.11100", "2010-12-31": "114.47500", "2009-12-31": "105.66100", "2008-12-31": "114.37800", "2007-12-31": "100.79200", "2006-12-31": "92.09200", "2005-12-31": "99.39900"}, "Pre-Paid Expenses": {"2019-12-31": "69.85400", "2018-12-31": "51.87700", "2017-12-31": "52.89300", "2016-12-31": "65.07600", "2015-12-31": "101.94700", "2014-12-31": "160.13400", "2013-12-31": "162.88600", "2012-12-31": "82.47600", "2011-12-31": "95.66000", "2010-12-31": "52.01300", "2009-12-31": "51.72400", "2008-12-31": "44.94400", "2007-12-31": "49.57600", "2006-12-31": "44.09300", "2005-12-31": "36.66300"}, "Other Current Assets": {"2019-12-31": "", "2018-12-31": "", "2017-12-31": "", "2016-12-31": "", "2015-12-31": "", "2014-12-31": "", "2013-12-31": "", "2012-12-31": "", "2011-12-31": "", "2010-12-31": "", "2009-12-31": "", "2008-12-31": "", "2007-12-31": "", "2006-12-31": "", "2005-12-31": ""}, "Total Current Assets": {"2019-12-31": "740.16600", "2018-12-31": "799.23700", "2017-12-31": "777.78900", "2016-12-31": "714.33700", "2015-12-31": "706.39200", "2014-12-31": "834.66700", "2013-12-31": "1118.33400", "2012-12-31": "588.60300", "2011-12-31": "530.08700", "2010-12-31": "422.52600", "2009-12-31": "337.94300", "2008-12-31": "290.40400", "2007-12-31": "266.34400", "2006-12-31": "276.95900", "2005-12-31": "308.15400"}, "Property, Plant, And Equipment": {"2019-12-31": "453.60400", "2018-12-31": "464.53500", "2017-12-31": "464.58700", "2016-12-31": "444.73200", "2015-12-31": "454.53700", "2014-12-31": "464.78300", "2013-12-31": "396.04200", "2012-12-31": "229.78700", "2011-12-31": "149.50500", "2010-12-31": "133.72200", "2009-12-31": "79.35600", "2008-12-31": "82.33600", "2007-12-31": "88.52900", "2006-12-31": "85.88300", "2005-12-31": "84.05300"}, "Long-Term Investments": {"2019-12-31": "", "2018-12-31": "", "2017-12-31": "", "2016-12-31": "", "2015-12-31": "", "2014-12-31": "", "2013-12-31": "", "2012-12-31": "", "2011-12-31": "", "2010-12-31": "", "2009-12-31": "", "2008-12-31": "", "2007-12-31": "", "2006-12-31": "", "2005-12-31": ""}, "Goodwill And Intangible Assets": {"2019-12-31": "276.89400", "2018-12-31": "286.56200", "2017-12-31": "182.60100", "2016-12-31": "178.50700", "2015-12-31": "179.45500", "2014-12-31": "187.50800", "2013-12-31": "195.61400", "2012-12-31": "204.96400", "2011-12-31": "195.77900", "2010-12-31": "190.71600", "2009-12-31": "194.41400", "2008-12-31": "200.33400", "2007-12-31": "198.60900", "2006-12-31": "203.79500", "2005-12-31": "203.58300"}, "Other Long-Term Assets": {"2019-12-31": "154.01600", "2018-12-31": "144.11200", "2017-12-31": "164.89500", "2016-12-31": "136.46900", "2015-12-31": "165.45900", "2014-12-31": "127.47600", "2013-12-31": "111.07200", "2012-12-31": "101.45300", "2011-12-31": "115.58500", "2010-12-31": "145.26000", "2009-12-31": "136.73600", "2008-12-31": "136.69800", "2007-12-31": "129.76100", "2006-12-31": "98.21200", "2005-12-31": "83.07600"}, "Total Long-Term Assets": {"2019-12-31": "1028.84000", "2018-12-31": "895.20900", "2017-12-31": "812.08300", "2016-12-31": "759.70800", "2015-12-31": "799.45100", "2014-12-31": "779.76700", "2013-12-31": "702.72800", "2012-12-31": "536.20400", "2011-12-31": "460.86900", "2010-12-31": "469.69800", "2009-12-31": "410.50600", "2008-12-31": "419.36800", "2007-12-31": "416.89900", "2006-12-31": "387.89000", "2005-12-31": "370.71200"}, "Total Assets": {"2019-12-31": "1769.00600", "2018-12-31": "1694.44600", "2017-12-31": "1589.87200", "2016-12-31": "1474.04500", "2015-12-31": "1505.84300", "2014-12-31": "1614.43400", "2013-12-31": "1821.06200", "2012-12-31": "1124.80700", "2011-12-31": "990.95600", "2010-12-31": "892.22400", "2009-12-31": "748.44900", "2008-12-31": "709.77200", "2007-12-31": "683.24300", "2006-12-31": "664.84900", "2005-12-31": "678.86600"}, "Total Current Liabilities": {"2019-12-31": "356.76000", "2018-12-31": "439.65500", "2017-12-31": "447.37000", "2016-12-31": "399.01100", "2015-12-31": "407.59700", "2014-12-31": "418.32900", "2013-12-31": "776.79200", "2012-12-31": "320.10300", "2011-12-31": "241.17100", "2010-12-31": "216.44800", "2009-12-31": "185.21200", "2008-12-31": "166.36800", "2007-12-31": "171.16900", "2006-12-31": "167.54100", "2005-12-31": "159.05600"}, "Long Term Debt": {"2019-12-31": "334.46100", "2018-12-31": "361.00800", "2017-12-31": "310.79000", "2016-12-31": "334.16500", "2015-12-31": "181.74500", "2014-12-31": "164.56700", "2013-12-31": "113.85200", "2012-12-31": "154.96300", "2011-12-31": "107.94400", "2010-12-31": "133.01300", "2009-12-31": "121.11900", "2008-12-31": "158.76000", "2007-12-31": "169.22900", "2006-12-31": "136.17300", "2005-12-31": "123.48300"}, "Other Non-Current Liabilities": {"2019-12-31": "96.79500", "2018-12-31": "111.91600", "2017-12-31": "127.11600", "2016-12-31": "76.79900", "2015-12-31": "90.88000", "2014-12-31": "89.10000", "2013-12-31": "71.79900", "2012-12-31": "59.12900", "2011-12-31": "67.60500", "2010-12-31": "71.51400", "2009-12-31": "66.43100", "2008-12-31": "68.46400", "2007-12-31": "67.83600", "2006-12-31": "42.15500", "2005-12-31": "41.69900"}, "Total Long Term Liabilities": {"2019-12-31": "536.95700", "2018-12-31": "472.92400", "2017-12-31": "437.90600", "2016-12-31": "410.96400", "2015-12-31": "272.62500", "2014-12-31": "253.66700", "2013-12-31": "185.65100", "2012-12-31": "214.09200", "2011-12-31": "175.54900", "2010-12-31": "204.52700", "2009-12-31": "187.55000", "2008-12-31": "227.22400", "2007-12-31": "237.06500", "2006-12-31": "178.32800", "2005-12-31": "165.18200"}, "Total Liabilities": {"2019-12-31": "893.71700", "2018-12-31": "912.57900", "2017-12-31": "885.27600", "2016-12-31": "809.97500", "2015-12-31": "680.22200", "2014-12-31": "671.99600", "2013-12-31": "962.44300", "2012-12-31": "534.19500", "2011-12-31": "416.72000", "2010-12-31": "420.97500", "2009-12-31": "372.76200", "2008-12-31": "393.59200", "2007-12-31": "408.23400", "2006-12-31": "345.86900", "2005-12-31": "324.23800"}, "Common Stock Net": {"2019-12-31": "0.09100", "2018-12-31": "0.09100", "2017-12-31": "0.09100", "2016-12-31": "0.09100", "2015-12-31": "0.09100", "2014-12-31": "0.09100", "2013-12-31": "0.09100", "2012-12-31": "0.09100", "2011-12-31": "0.09100", "2010-12-31": "0.09100", "2009-12-31": "0.09100", "2008-12-31": "0.09100", "2007-12-31": "0.09100", "2006-12-31": "0.09100", "2005-12-31": "0.09100"}, "Retained Earnings (Accumulated Deficit)": {"2019-12-31": "1727.77200", "2018-12-31": "1635.75100", "2017-12-31": "1609.16800", "2016-12-31": "1558.58900", "2015-12-31": "1493.94100", "2014-12-31": "1442.08200", "2013-12-31": "1334.27700", "2012-12-31": "1039.90300", "2011-12-31": "866.63200", "2010-12-31": "749.94000", "2009-12-31": "645.07800", "2008-12-31": "584.23900", "2007-12-31": "546.83200", "2006-12-31": "531.56300", "2005-12-31": "526.53700"}, "Comprehensive Income": {"2019-12-31": "-85.29200", "2018-12-31": "-79.93400", "2017-12-31": "-66.31800", "2016-12-31": "-84.12200", "2015-12-31": "-71.26900", "2014-12-31": "-51.52100", "2013-12-31": "-46.22800", "2012-12-31": "-51.82200", "2011-12-31": "-62.56500", "2010-12-31": "-58.53900", "2009-12-31": "-68.13400", "2008-12-31": "-70.06100", "2007-12-31": "-67.75900", "2006-12-31": "-65.10700", "2005-12-31": "-67.19700"}, "Other Share Holders Equity": {"2019-12-31": "", "2018-12-31": "", "2017-12-31": "", "2016-12-31": "", "2015-12-31": "", "2014-12-31": "", "2013-12-31": "", "2012-12-31": "", "2011-12-31": "", "2010-12-31": "", "2009-12-31": "", "2008-12-31": "", "2007-12-31": "", "2006-12-31": "", "2005-12-31": ""}, "Share Holder Equity": {"2019-12-31": "875.28900", "2018-12-31": "781.86700", "2017-12-31": "704.59600", "2016-12-31": "664.07000", "2015-12-31": "825.62100", "2014-12-31": "942.43800", "2013-12-31": "858.61900", "2012-12-31": "590.61200", "2011-12-31": "574.23600", "2010-12-31": "471.24900", "2009-12-31": "375.68700", "2008-12-31": "316.18000", "2007-12-31": "275.00900", "2006-12-31": "318.98000", "2005-12-31": "354.62800"}, "Total Liabilities And Share Holders Equity": {"2019-12-31": "1769.00600", "2018-12-31": "1694.44600", "2017-12-31": "1589.87200", "2016-12-31": "1474.04500", "2015-12-31": "1505.84300", "2014-12-31": "1614.43400", "2013-12-31": "1821.06200", "2012-12-31": "1124.80700", "2011-12-31": "990.95600", "2010-12-31": "892.22400", "2009-12-31": "748.44900", "2008-12-31": "709.77200", "2007-12-31": "683.24300", "2006-12-31": "664.84900", "2005-12-31": "678.86600"}}, "balance sheet, quarterly": {"Cash On Hand": {"2020-09-30": "378.01100", "2020-06-30": "386.30000", "2020-03-31": "361.66500", "2019-12-31": "344.04300", "2019-09-30": "327.49200", "2019-06-30": "368.36500", "2019-03-31": "318.32600", "2018-12-31": "398.25700", "2018-09-30": "401.45400", "2018-06-30": "410.23100", "2018-03-31": "430.09900", "2017-12-31": "438.24600", "2017-09-30": "371.75200", "2017-06-30": "353.08400", "2017-03-31": "347.33700", "2016-12-31": "368.12600", "2016-09-30": "532.59700", "2016-06-30": "556.35100", "2016-03-31": "265.05900", "2015-12-31": "303.72500", "2015-09-30": "316.69100", "2015-06-30": "303.93200", "2015-03-31": "316.34400", "2014-12-31": "300.20800", "2014-09-30": "207.17100", "2014-06-30": "233.72800", "2014-03-31": "303.28300", "2013-12-31": "547.12700", "2013-09-30": "565.59800", "2013-06-30": "411.43200", "2013-03-31": "334.25400", "2012-12-31": "333.40300", "2012-09-30": "337.73300", "2012-06-30": "385.44000", "2012-03-31": "289.90100", "2011-12-31": "290.70100", "2011-09-30": "242.03400", "2011-06-30": "233.40300", "2011-03-31": "215.94100", "2010-12-31": "230.33700", "2010-09-30": "197.62700", "2010-06-30": "172.67400", "2010-03-31": "180.13600", "2009-12-31": "158.04500", "2009-09-30": "160.63900", "2009-06-30": "125.30200", "2009-03-31": "117.03400", "2008-12-31": "114.58600", "2008-09-30": "101.27600", "2008-06-30": "94.37800", "2008-03-31": "99.44700", "2007-12-31": "92.55200", "2007-09-30": "125.72400", "2007-06-30": "99.01100", "2007-03-31": "113.00600", "2006-12-31": "121.35300", "2006-09-30": "118.28700", "2006-06-30": "123.55300", "2006-03-31": "145.59800", "2005-12-31": "155.40900", "2005-09-30": "152.81400", "2005-06-30": "162.24200", "2005-03-31": "156.57700"}, "Receivables": {"2020-09-30": "60.01600", "2020-06-30": "64.37100", "2020-03-31": "43.97300", "2019-12-31": "50.37800", "2019-09-30": "56.34200", "2019-06-30": "61.57100", "2019-03-31": "57.39000", "2018-12-31": "53.28200", "2018-09-30": "57.17500", "2018-06-30": "50.18000", "2018-03-31": "54.01400", "2017-12-31": "33.19600", "2017-09-30": "37.72500", "2017-06-30": "35.01000", "2017-03-31": "28.83800", "2016-12-31": "31.19900", "2016-09-30": "35.98500", "2016-06-30": "31.70600", "2016-03-31": "31.98500", "2015-12-31": "35.46400", "2015-09-30": "35.68200", "2015-06-30": "43.54300", "2015-03-31": "34.91900", "2014-12-31": "35.83400", "2014-09-30": "40.61200", "2014-06-30": "41.71200", "2014-03-31": "56.64400", "2013-12-31": "68.65200", "2013-09-30": "50.50600", "2013-06-30": "59.04300", "2013-03-31": "43.80900", "2012-12-31": "36.85000", "2012-09-30": "42.29300", "2012-06-30": "44.19800", "2012-03-31": "38.09200", "2011-12-31": "31.61500", "2011-09-30": "36.22800", "2011-06-30": "32.88500", "2011-03-31": "30.62200", "2010-12-31": "25.70100", "2010-09-30": "29.13200", "2010-06-30": "26.15000", "2010-03-31": "22.40600", "2009-12-31": "22.51300", "2009-09-30": "20.89800", "2009-06-30": "20.61400", "2009-03-31": "19.82900", "2008-12-31": "16.49600", "2008-09-30": "22.16700", "2008-06-30": "25.80200", "2008-03-31": "23.93800", "2007-12-31": "23.42400", "2007-09-30": "26.82200", "2007-06-30": "24.32000", "2007-03-31": "20.50900", "2006-12-31": "19.42100", "2006-09-30": "18.93500", "2006-06-30": "17.69500", "2006-03-31": "16.51100", "2005-12-31": "16.68300", "2005-09-30": "16.60500", "2005-06-30": "17.29500", "2005-03-31": "17.39000"}, "Inventory": {"2020-09-30": "270.31900", "2020-06-30": "261.96900", "2020-03-31": "257.47400", "2019-12-31": "275.89100", "2019-09-30": "282.99700", "2019-06-30": "292.69600", "2019-03-31": "304.31100", "2018-12-31": "295.82100", "2018-09-30": "289.29100", "2018-06-30": "283.73000", "2018-03-31": "282.98300", "2017-12-31": "253.45400", "2017-09-30": "252.47000", "2017-06-30": "246.65800", "2017-03-31": "251.94700", "2016-12-31": "249.93600", "2016-09-30": "253.35000", "2016-06-30": "259.93300", "2016-03-31": "275.28100", "2015-12-31": "265.25600", "2015-09-30": "260.46400", "2015-06-30": "305.02700", "2015-03-31": "312.78800", "2014-12-31": "338.49100", "2014-09-30": "369.10700", "2014-06-30": "389.65000", "2014-03-31": "410.66800", "2013-12-31": "339.66900", "2013-09-30": "254.18700", "2013-06-30": "178.18300", "2013-03-31": "149.08900", "2012-12-31": "135.87400", "2012-09-30": "137.05200", "2012-06-30": "124.67700", "2012-03-31": "120.71800", "2011-12-31": "112.11100", "2011-09-30": "105.40000", "2011-06-30": "108.43100", "2011-03-31": "112.81200", "2010-12-31": "114.47500", "2010-09-30": "118.28300", "2010-06-30": "113.81900", "2010-03-31": "114.47300", "2009-12-31": "105.66100", "2009-09-30": "109.13600", "2009-06-30": "111.92200", "2009-03-31": "112.91700", "2008-12-31": "114.37800", "2008-09-30": "110.09200", "2008-06-30": "107.67500", "2008-03-31": "100.83600", "2007-12-31": "100.79200", "2007-09-30": "97.55000", "2007-06-30": "94.92900", "2007-03-31": "93.54400", "2006-12-31": "92.09200", "2006-09-30": "101.74600", "2006-06-30": "104.46200", "2006-03-31": "99.74600", "2005-12-31": "99.39900", "2005-09-30": "104.00900", "2005-06-30": "95.48600", "2005-03-31": "91.26000"}, "Pre-Paid Expenses": {"2020-09-30": "63.91600", "2020-06-30": "73.20000", "2020-03-31": "66.45700", "2019-12-31": "69.85400", "2019-09-30": "72.29800", "2019-06-30": "65.55100", "2019-03-31": "67.65500", "2018-12-31": "51.87700", "2018-09-30": "78.39500", "2018-06-30": "70.89800", "2018-03-31": "66.70500", "2017-12-31": "52.89300", "2017-09-30": "87.28200", "2017-06-30": "85.54700", "2017-03-31": "77.71700", "2016-12-31": "65.07600", "2016-09-30": "160.53700", "2016-06-30": "162.71000", "2016-03-31": "169.83300", "2015-12-31": "101.94700", "2015-09-30": "164.04600", "2015-06-30": "155.20500", "2015-03-31": "159.09800", "2014-12-31": "160.13400", "2014-09-30": "188.53200", "2014-06-30": "180.95700", "2014-03-31": "150.37500", "2013-12-31": "162.88600", "2013-09-30": "143.06600", "2013-06-30": "117.13800", "2013-03-31": "92.15100", "2012-12-31": "82.47600", "2012-09-30": "88.00100", "2012-06-30": "90.52500", "2012-03-31": "101.82700", "2011-12-31": "95.66000", "2011-09-30": "60.23500", "2011-06-30": "58.83100", "2011-03-31": "55.87500", "2010-12-31": "52.01300", "2010-09-30": "58.37400", "2010-06-30": "51.37200", "2010-03-31": "53.16300", "2009-12-31": "51.72400", "2009-09-30": "46.85500", "2009-06-30": "45.95000", "2009-03-31": "43.34500", "2008-12-31": "44.94400", "2008-09-30": "40.94700", "2008-06-30": "45.17400", "2008-03-31": "48.02000", "2007-12-31": "49.57600", "2007-09-30": "43.75200", "2007-06-30": "49.98400", "2007-03-31": "44.06200", "2006-12-31": "44.09300", "2006-09-30": "39.56500", "2006-06-30": "37.18500", "2006-03-31": "33.63300", "2005-12-31": "36.66300", "2005-09-30": "38.40600", "2005-06-30": "33.70000", "2005-03-31": "40.37700"}, "Other Current Assets": {"2020-09-30": "", "2020-06-30": "", "2020-03-31": "", "2019-12-31": "", "2019-09-30": "", "2019-06-30": "", "2019-03-31": "", "2018-12-31": "", "2018-09-30": "", "2018-06-30": "", "2018-03-31": "", "2017-12-31": "", "2017-09-30": "", "2017-06-30": "", "2017-03-31": "", "2016-12-31": "", "2016-09-30": "", "2016-06-30": "", "2016-03-31": "", "2015-12-31": "", "2015-09-30": "", "2015-06-30": "", "2015-03-31": "", "2014-12-31": "", "2014-09-30": "", "2014-06-30": "", "2014-03-31": "", "2013-12-31": "", "2013-09-30": "", "2013-06-30": "", "2013-03-31": "", "2012-12-31": "", "2012-09-30": "", "2012-06-30": "", "2012-03-31": "", "2011-12-31": "", "2011-09-30": "", "2011-06-30": "", "2011-03-31": "", "2010-12-31": "", "2010-09-30": "", "2010-06-30": "", "2010-03-31": "", "2009-12-31": "", "2009-09-30": "", "2009-06-30": "", "2009-03-31": "", "2008-12-31": "", "2008-09-30": "", "2008-06-30": "", "2008-03-31": "", "2007-12-31": "", "2007-09-30": "", "2007-06-30": "", "2007-03-31": "", "2006-12-31": "", "2006-09-30": "", "2006-06-30": "", "2006-03-31": "", "2005-12-31": "", "2005-09-30": "", "2005-06-30": "", "2005-03-31": ""}, "Total Current Assets": {"2020-09-30": "772.26200", "2020-06-30": "785.84000", "2020-03-31": "729.56900", "2019-12-31": "740.16600", "2019-09-30": "739.12900", "2019-06-30": "788.18300", "2019-03-31": "747.68200", "2018-12-31": "799.23700", "2018-09-30": "826.31500", "2018-06-30": "815.03900", "2018-03-31": "833.80100", "2017-12-31": "777.78900", "2017-09-30": "749.22900", "2017-06-30": "720.29900", "2017-03-31": "705.83900", "2016-12-31": "714.33700", "2016-09-30": "982.46900", "2016-06-30": "1010.70000", "2016-03-31": "742.15800", "2015-12-31": "706.39200", "2015-09-30": "776.88300", "2015-06-30": "807.70700", "2015-03-31": "823.14900", "2014-12-31": "834.66700", "2014-09-30": "805.42200", "2014-06-30": "846.04700", "2014-03-31": "920.97000", "2013-12-31": "1118.33400", "2013-09-30": "1013.35700", "2013-06-30": "765.79600", "2013-03-31": "619.30300", "2012-12-31": "588.60300", "2012-09-30": "605.07900", "2012-06-30": "644.84000", "2012-03-31": "550.53800", "2011-12-31": "530.08700", "2011-09-30": "443.89700", "2011-06-30": "433.55000", "2011-03-31": "415.25000", "2010-12-31": "422.52600", "2010-09-30": "403.41600", "2010-06-30": "364.01500", "2010-03-31": "370.17800", "2009-12-31": "337.94300", "2009-09-30": "337.52800", "2009-06-30": "303.78800", "2009-03-31": "293.12500", "2008-12-31": "290.40400", "2008-09-30": "274.48200", "2008-06-30": "273.02900", "2008-03-31": "272.24100", "2007-12-31": "266.34400", "2007-09-30": "293.84800", "2007-06-30": "268.24400", "2007-03-31": "271.12100", "2006-12-31": "276.95900", "2006-09-30": "278.53300", "2006-06-30": "282.89500", "2006-03-31": "295.48800", "2005-12-31": "308.15400", "2005-09-30": "311.83400", "2005-06-30": "308.72300", "2005-03-31": "305.60400"}, "Property, Plant, And Equipment": {"2020-09-30": "456.08300", "2020-06-30": "444.84800", "2020-03-31": "449.48600", "2019-12-31": "453.60400", "2019-09-30": "447.65300", "2019-06-30": "442.99000", "2019-03-31": "445.60500", "2018-12-31": "464.53500", "2018-09-30": "496.70400", "2018-06-30": "503.45200", "2018-03-31": "508.47600", "2017-12-31": "464.58700", "2017-09-30": "449.55500", "2017-06-30": "450.70700", "2017-03-31": "450.60700", "2016-12-31": "444.73200", "2016-09-30": "451.57100", "2016-06-30": "453.34200", "2016-03-31": "453.64800", "2015-12-31": "454.53700", "2015-09-30": "459.64400", "2015-06-30": "473.21600", "2015-03-31": "473.17700", "2014-12-31": "464.78300", "2014-09-30": "440.35200", "2014-06-30": "429.33200", "2014-03-31": "411.92900", "2013-12-31": "396.04200", "2013-09-30": "352.70900", "2013-06-30": "304.61900", "2013-03-31": "264.36300", "2012-12-31": "229.78700", "2012-09-30": "194.60900", "2012-06-30": "169.52700", "2012-03-31": "156.18400", "2011-12-31": "149.50500", "2011-09-30": "145.91300", "2011-06-30": "138.98100", "2011-03-31": "134.30300", "2010-12-31": "133.72200", "2010-09-30": "95.41600", "2010-06-30": "88.97900", "2010-03-31": "80.30800", "2009-12-31": "79.35600", "2009-09-30": "76.64400", "2009-06-30": "75.95800", "2009-03-31": "77.16500", "2008-12-31": "82.33600", "2008-09-30": "83.19300", "2008-06-30": "84.74300", "2008-03-31": "87.82200", "2007-12-31": "88.52900", "2007-09-30": "88.78900", "2007-06-30": "86.39200", "2007-03-31": "86.81800", "2006-12-31": "85.88300", "2006-09-30": "81.54400", "2006-06-30": "74.68100", "2006-03-31": "71.75400", "2005-12-31": "84.05300", "2005-09-30": "81.95100", "2005-06-30": "81.83000", "2005-03-31": "80.32000"}, "Long-Term Investments": {"2020-09-30": "", "2020-06-30": "", "2020-03-31": "", "2019-12-31": "", "2019-09-30": "", "2019-06-30": "", "2019-03-31": "", "2018-12-31": "", "2018-09-30": "", "2018-06-30": "", "2018-03-31": "", "2017-12-31": "", "2017-09-30": "", "2017-06-30": "", "2017-03-31": "", "2016-12-31": "", "2016-09-30": "", "2016-06-30": "", "2016-03-31": "", "2015-12-31": "", "2015-09-30": "", "2015-06-30": "", "2015-03-31": "", "2014-12-31": "", "2014-09-30": "", "2014-06-30": "", "2014-03-31": "", "2013-12-31": "", "2013-09-30": "", "2013-06-30": "", "2013-03-31": "", "2012-12-31": "", "2012-09-30": "", "2012-06-30": "", "2012-03-31": "", "2011-12-31": "", "2011-09-30": "", "2011-06-30": "", "2011-03-31": "", "2010-12-31": "", "2010-09-30": "", "2010-06-30": "", "2010-03-31": "", "2009-12-31": "", "2009-09-30": "", "2009-06-30": "", "2009-03-31": "", "2008-12-31": "", "2008-09-30": "", "2008-06-30": "", "2008-03-31": "", "2007-12-31": "", "2007-09-30": "", "2007-06-30": "", "2007-03-31": "", "2006-12-31": "", "2006-09-30": "", "2006-06-30": "", "2006-03-31": "", "2005-12-31": "", "2005-09-30": "", "2005-06-30": "", "2005-03-31": ""}, "Goodwill And Intangible Assets": {"2020-09-30": "270.96400", "2020-06-30": "272.73400", "2020-03-31": "274.36900", "2019-12-31": "276.89400", "2019-09-30": "279.74500", "2019-06-30": "281.05500", "2019-03-31": "283.50800", "2018-12-31": "286.56200", "2018-09-30": "279.38000", "2018-06-30": "283.31000", "2018-03-31": "288.02400", "2017-12-31": "182.60100", "2017-09-30": "183.85800", "2017-06-30": "174.75600", "2017-03-31": "176.63200", "2016-12-31": "178.50700", "2016-09-30": "180.36200", "2016-06-30": "182.36400", "2016-03-31": "184.37800", "2015-12-31": "179.45500", "2015-09-30": "181.30800", "2015-06-30": "183.34600", "2015-03-31": "185.44400", "2014-12-31": "187.50800", "2014-09-30": "189.68000", "2014-06-30": "191.70400", "2014-03-31": "193.82300", "2013-12-31": "195.61400", "2013-09-30": "198.34700", "2013-06-30": "200.09000", "2013-03-31": "202.36800", "2012-12-31": "204.96400", "2012-09-30": "189.36600", "2012-06-30": "191.54000", "2012-03-31": "192.64100", "2011-12-31": "195.77900", "2011-09-30": "182.82100", "2011-06-30": "187.76300", "2011-03-31": "188.78800", "2010-12-31": "190.71600", "2010-09-30": "191.75700", "2010-06-30": "192.37100", "2010-03-31": "193.03400", "2009-12-31": "194.41400", "2009-09-30": "196.51000", "2009-06-30": "196.42000", "2009-03-31": "197.55700", "2008-12-31": "200.33400", "2008-09-30": "195.60300", "2008-06-30": "196.83800", "2008-03-31": "198.37900", "2007-12-31": "198.60900", "2007-09-30": "200.35800", "2007-06-30": "200.94600", "2007-03-31": "202.62800", "2006-12-31": "203.79500", "2006-09-30": "203.04100", "2006-06-30": "204.78700", "2006-03-31": "206.09900", "2005-12-31": "203.58300", "2005-09-30": "205.00700", "2005-06-30": "206.67500", "2005-03-31": "194.94600"}, "Other Long-Term Assets": {"2020-09-30": "151.65300", "2020-06-30": "148.37100", "2020-03-31": "145.21700", "2019-12-31": "154.01600", "2019-09-30": "154.82100", "2019-06-30": "160.36300", "2019-03-31": "160.97700", "2018-12-31": "144.11200", "2018-09-30": "143.83800", "2018-06-30": "144.56200", "2018-03-31": "144.36800", "2017-12-31": "164.89500", "2017-09-30": "164.68900", "2017-06-30": "161.38300", "2017-03-31": "161.33800", "2016-12-31": "136.46900", "2016-09-30": "137.41300", "2016-06-30": "134.46300", "2016-03-31": "131.28900", "2015-12-31": "165.45900", "2015-09-30": "135.62300", "2015-06-30": "138.35100", "2015-03-31": "130.84700", "2014-12-31": "127.47600", "2014-09-30": "137.79500", "2014-06-30": "136.53100", "2014-03-31": "115.75100", "2013-12-31": "111.07200", "2013-09-30": "124.07400", "2013-06-30": "122.20200", "2013-03-31": "121.75900", "2012-12-31": "101.45300", "2012-09-30": "126.66900", "2012-06-30": "129.06400", "2012-03-31": "129.12400", "2011-12-31": "115.58500", "2011-09-30": "126.21700", "2011-06-30": "127.90900", "2011-03-31": "118.47700", "2010-12-31": "145.26000", "2010-09-30": "129.12100", "2010-06-30": "127.20200", "2010-03-31": "127.29000", "2009-12-31": "136.73600", "2009-09-30": "130.27600", "2009-06-30": "131.43300", "2009-03-31": "131.19000", "2008-12-31": "136.69800", "2008-09-30": "128.49300", "2008-06-30": "135.42700", "2008-03-31": "138.77300", "2007-12-31": "129.76100", "2007-09-30": "136.47600", "2007-06-30": "130.61700", "2007-03-31": "128.06000", "2006-12-31": "98.21200", "2006-09-30": "88.52500", "2006-06-30": "87.91200", "2006-03-31": "83.48600", "2005-12-31": "83.07600", "2005-09-30": "75.74600", "2005-06-30": "72.46400", "2005-03-31": "78.62600"}, "Total Long-Term Assets": {"2020-09-30": "1044.44900", "2020-06-30": "1008.65300", "2020-03-31": "1016.75000", "2019-12-31": "1028.84000", "2019-09-30": "997.77600", "2019-06-30": "1002.91500", "2019-03-31": "1007.41900", "2018-12-31": "895.20900", "2018-09-30": "919.92200", "2018-06-30": "931.32400", "2018-03-31": "940.86800", "2017-12-31": "812.08300", "2017-09-30": "798.10190", "2017-06-30": "786.84600", "2017-03-31": "788.57700", "2016-12-31": "759.70800", "2016-09-30": "769.34590", "2016-06-30": "770.16910", "2016-03-31": "769.31500", "2015-12-31": "799.45100", "2015-09-30": "776.57500", "2015-06-30": "794.91300", "2015-03-31": "789.46800", "2014-12-31": "779.76700", "2014-09-30": "767.82700", "2014-06-30": "757.56700", "2014-03-31": "721.50290", "2013-12-31": "702.72800", "2013-09-30": "675.13000", "2013-06-30": "626.91100", "2013-03-31": "588.49000", "2012-12-31": "536.20400", "2012-09-30": "510.64400", "2012-06-30": "490.13100", "2012-03-31": "477.94900", "2011-12-31": "460.86900", "2011-09-30": "454.95100", "2011-06-30": "454.65300", "2011-03-31": "441.56800", "2010-12-31": "469.69800", "2010-09-30": "416.29400", "2010-06-30": "408.55200", "2010-03-31": "400.63200", "2009-12-31": "410.50600", "2009-09-30": "403.43000", "2009-06-30": "403.81100", "2009-03-31": "405.91200", "2008-12-31": "419.36800", "2008-09-30": "407.28900", "2008-06-30": "417.00800", "2008-03-31": "424.97400", "2007-12-31": "416.89900", "2007-09-30": "425.62300", "2007-06-30": "417.95500", "2007-03-31": "417.50600", "2006-12-31": "387.89000", "2006-09-30": "373.11000", "2006-06-30": "367.38000", "2006-03-31": "361.33900", "2005-12-31": "370.71200", "2005-09-30": "362.70400", "2005-06-30": "360.96900", "2005-03-31": "353.89200"}, "Total Assets": {"2020-09-30": "1816.71100", "2020-06-30": "1794.49300", "2020-03-31": "1746.31900", "2019-12-31": "1769.00600", "2019-09-30": "1736.90500", "2019-06-30": "1791.09800", "2019-03-31": "1755.10100", "2018-12-31": "1694.44600", "2018-09-30": "1746.23700", "2018-06-30": "1746.36300", "2018-03-31": "1774.66900", "2017-12-31": "1589.87200", "2017-09-30": "1547.33100", "2017-06-30": "1507.14500", "2017-03-31": "1494.41600", "2016-12-31": "1474.04500", "2016-09-30": "1751.81500", "2016-06-30": "1780.86900", "2016-03-31": "1511.47300", "2015-12-31": "1505.84300", "2015-09-30": "1553.45800", "2015-06-30": "1602.62000", "2015-03-31": "1612.61700", "2014-12-31": "1614.43400", "2014-09-30": "1573.24900", "2014-06-30": "1603.61400", "2014-03-31": "1642.47300", "2013-12-31": "1821.06200", "2013-09-30": "1688.48700", "2013-06-30": "1392.70700", "2013-03-31": "1207.79300", "2012-12-31": "1124.80700", "2012-09-30": "1115.72300", "2012-06-30": "1134.97100", "2012-03-31": "1028.48700", "2011-12-31": "990.95600", "2011-09-30": "898.84800", "2011-06-30": "888.20300", "2011-03-31": "856.81800", "2010-12-31": "892.22400", "2010-09-30": "819.71000", "2010-06-30": "772.56700", "2010-03-31": "770.81000", "2009-12-31": "748.44900", "2009-09-30": "740.95800", "2009-06-30": "707.59900", "2009-03-31": "699.03700", "2008-12-31": "709.77200", "2008-09-30": "681.77100", "2008-06-30": "690.03700", "2008-03-31": "697.21500", "2007-12-31": "683.24300", "2007-09-30": "719.47100", "2007-06-30": "686.19900", "2007-03-31": "688.62700", "2006-12-31": "664.84900", "2006-09-30": "651.64300", "2006-06-30": "650.27500", "2006-03-31": "656.82700", "2005-12-31": "678.86600", "2005-09-30": "674.53800", "2005-06-30": "669.69200", "2005-03-31": "659.49600"}, "Total Current Liabilities": {"2020-09-30": "466.35000", "2020-06-30": "484.63500", "2020-03-31": "420.10400", "2019-12-31": "356.76000", "2019-09-30": "368.40700", "2019-06-30": "414.54800", "2019-03-31": "402.04300", "2018-12-31": "439.65500", "2018-09-30": "428.26000", "2018-06-30": "447.05400", "2018-03-31": "734.44800", "2017-12-31": "447.37000", "2017-09-30": "419.82500", "2017-06-30": "400.50200", "2017-03-31": "394.91700", "2016-12-31": "399.01100", "2016-09-30": "451.38000", "2016-06-30": "491.10500", "2016-03-31": "448.06300", "2015-12-31": "407.59700", "2015-09-30": "411.06100", "2015-06-30": "420.74900", "2015-03-31": "409.76200", "2014-12-31": "418.32900", "2014-09-30": "450.17400", "2014-06-30": "518.67600", "2014-03-31": "579.12200", "2013-12-31": "776.79200", "2013-09-30": "708.51000", "2013-06-30": "473.63000", "2013-03-31": "359.36900", "2012-12-31": "320.10300", "2012-09-30": "300.61400", "2012-06-30": "299.07700", "2012-03-31": "238.52900", "2011-12-31": "241.17100", "2011-09-30": "182.58400", "2011-06-30": "182.09200", "2011-03-31": "189.51100", "2010-12-31": "216.44800", "2010-09-30": "213.81300", "2010-06-30": "190.68800", "2010-03-31": "202.52400", "2009-12-31": "185.21200", "2009-09-30": "183.31300", "2009-06-30": "167.81500", "2009-03-31": "161.08800", "2008-12-31": "166.36800", "2008-09-30": "149.93500", "2008-06-30": "161.44500", "2008-03-31": "160.86600", "2007-12-31": "171.16900", "2007-09-30": "170.64000", "2007-06-30": "164.81100", "2007-03-31": "160.38000", "2006-12-31": "167.54100", "2006-09-30": "169.69600", "2006-06-30": "152.50500", "2006-03-31": "151.68100", "2005-12-31": "159.05600", "2005-09-30": "149.72400", "2005-06-30": "161.36200", "2005-03-31": "155.88600"}, "Long Term Debt": {"2020-09-30": "312.66400", "2020-06-30": "319.93200", "2020-03-31": "327.19700", "2019-12-31": "334.46100", "2019-09-30": "341.72400", "2019-06-30": "348.98600", "2019-03-31": "356.24700", "2018-12-31": "361.00800", "2018-09-30": "365.76700", "2018-06-30": "370.52500", "2018-03-31": "107.27500", "2017-12-31": "310.79000", "2017-09-30": "316.51900", "2017-06-30": "324.05900", "2017-03-31": "329.00100", "2016-12-31": "334.16500", "2016-09-30": "356.29800", "2016-06-30": "362.05100", "2016-03-31": "168.37700", "2015-12-31": "181.74500", "2015-09-30": "186.22200", "2015-06-30": "177.17800", "2015-03-31": "181.19700", "2014-12-31": "164.56700", "2014-09-30": "95.78300", "2014-06-30": "111.62100", "2014-03-31": "109.88200", "2013-12-31": "113.85200", "2013-09-30": "120.60600", "2013-06-30": "128.66400", "2013-03-31": "138.78200", "2012-12-31": "154.96300", "2012-09-30": "182.75200", "2012-06-30": "190.71200", "2012-03-31": "96.08200", "2011-12-31": "107.94400", "2011-09-30": "109.36100", "2011-06-30": "118.28700", "2011-03-31": "123.43100", "2010-12-31": "133.01300", "2010-09-30": "107.30000", "2010-06-30": "113.25800", "2010-03-31": "114.65300", "2009-12-31": "121.11900", "2009-09-30": "139.03000", "2009-06-30": "138.98100", "2009-03-31": "151.38700", "2008-12-31": "158.76000", "2008-09-30": "158.76200", "2008-06-30": "158.90400", "2008-03-31": "179.16300", "2007-12-31": "169.22900", "2007-09-30": "183.11200", "2007-06-30": "159.12900", "2007-03-31": "176.77800", "2006-12-31": "136.17300", "2006-09-30": "108.37100", "2006-06-30": "110.73700", "2006-03-31": "123.62000", "2005-12-31": "123.48300", "2005-09-30": "138.55900", "2005-06-30": "140.64300", "2005-03-31": "158.78000"}, "Other Non-Current Liabilities": {"2020-09-30": "88.78500", "2020-06-30": "94.87100", "2020-03-31": "90.37500", "2019-12-31": "96.79500", "2019-09-30": "100.02100", "2019-06-30": "108.51200", "2019-03-31": "104.54100", "2018-12-31": "111.91600", "2018-09-30": "120.07600", "2018-06-30": "125.25000", "2018-03-31": "133.81800", "2017-12-31": "127.11600", "2017-09-30": "93.46400", "2017-06-30": "83.01400", "2017-03-31": "82.91300", "2016-12-31": "76.79900", "2016-09-30": "89.72600", "2016-06-30": "97.47300", "2016-03-31": "93.60200", "2015-12-31": "90.88000", "2015-09-30": "95.65700", "2015-06-30": "100.80800", "2015-03-31": "97.80900", "2014-12-31": "89.10000", "2014-09-30": "87.88500", "2014-06-30": "81.55900", "2014-03-31": "77.91000", "2013-12-31": "71.79900", "2013-09-30": "116.94200", "2013-06-30": "98.32600", "2013-03-31": "92.93900", "2012-12-31": "59.12900", "2012-09-30": "81.96600", "2012-06-30": "77.91300", "2012-03-31": "72.37100", "2011-12-31": "67.60500", "2011-09-30": "66.77200", "2011-06-30": "79.56500", "2011-03-31": "76.43700", "2010-12-31": "71.51400", "2010-09-30": "67.45000", "2010-06-30": "65.12900", "2010-03-31": "55.96600", "2009-12-31": "66.43100", "2009-09-30": "68.32900", "2009-06-30": "66.23800", "2009-03-31": "65.60700", "2008-12-31": "68.46400", "2008-09-30": "65.29600", "2008-06-30": "71.56400", "2008-03-31": "72.80600", "2007-12-31": "67.83600", "2007-09-30": "67.99400", "2007-06-30": "73.08300", "2007-03-31": "73.57600", "2006-12-31": "42.15500", "2006-09-30": "40.55300", "2006-06-30": "41.47800", "2006-03-31": "41.69200", "2005-12-31": "41.69900", "2005-09-30": "33.58400", "2005-06-30": "30.61200", "2005-03-31": "29.21900"}, "Total Long Term Liabilities": {"2020-09-30": "522.88800", "2020-06-30": "517.84600", "2020-03-31": "525.71700", "2019-12-31": "536.95700", "2019-09-30": "522.69800", "2019-06-30": "541.60000", "2019-03-31": "541.86300", "2018-12-31": "472.92400", "2018-09-30": "485.84300", "2018-06-30": "495.77500", "2018-03-31": "241.09300", "2017-12-31": "437.90600", "2017-09-30": "409.98300", "2017-06-30": "407.07300", "2017-03-31": "411.91400", "2016-12-31": "410.96400", "2016-09-30": "446.02400", "2016-06-30": "459.52400", "2016-03-31": "261.97900", "2015-12-31": "272.62500", "2015-09-30": "281.87900", "2015-06-30": "277.98600", "2015-03-31": "279.00600", "2014-12-31": "253.66700", "2014-09-30": "183.66800", "2014-06-30": "193.18000", "2014-03-31": "187.79200", "2013-12-31": "185.65100", "2013-09-30": "237.54800", "2013-06-30": "226.99000", "2013-03-31": "231.72100", "2012-12-31": "214.09200", "2012-09-30": "264.71800", "2012-06-30": "268.62500", "2012-03-31": "168.45300", "2011-12-31": "175.54900", "2011-09-30": "176.13300", "2011-06-30": "197.85200", "2011-03-31": "199.86800", "2010-12-31": "204.52700", "2010-09-30": "174.75000", "2010-06-30": "178.38700", "2010-03-31": "170.61900", "2009-12-31": "187.55000", "2009-09-30": "207.35900", "2009-06-30": "205.21900", "2009-03-31": "216.99400", "2008-12-31": "227.22400", "2008-09-30": "224.05800", "2008-06-30": "230.46800", "2008-03-31": "251.96900", "2007-12-31": "237.06500", "2007-09-30": "251.10600", "2007-06-30": "232.21200", "2007-03-31": "250.35400", "2006-12-31": "178.32800", "2006-09-30": "148.92400", "2006-06-30": "152.21500", "2006-03-31": "165.31200", "2005-12-31": "165.18200", "2005-09-30": "172.14300", "2005-06-30": "171.25500", "2005-03-31": "187.99900"}, "Total Liabilities": {"2020-09-30": "989.23800", "2020-06-30": "1002.48100", "2020-03-31": "945.82100", "2019-12-31": "893.71700", "2019-09-30": "891.10500", "2019-06-30": "956.14800", "2019-03-31": "943.90600", "2018-12-31": "912.57900", "2018-09-30": "914.10300", "2018-06-30": "942.82900", "2018-03-31": "975.54100", "2017-12-31": "885.27600", "2017-09-30": "829.80800", "2017-06-30": "807.57500", "2017-03-31": "806.83100", "2016-12-31": "809.97500", "2016-09-30": "897.40400", "2016-06-30": "950.62900", "2016-03-31": "710.04200", "2015-12-31": "680.22200", "2015-09-30": "692.94000", "2015-06-30": "698.73500", "2015-03-31": "688.76800", "2014-12-31": "671.99600", "2014-09-30": "633.84200", "2014-06-30": "711.85600", "2014-03-31": "766.91400", "2013-12-31": "962.44300", "2013-09-30": "946.05800", "2013-06-30": "700.62000", "2013-03-31": "591.09000", "2012-12-31": "534.19500", "2012-09-30": "565.33200", "2012-06-30": "567.70200", "2012-03-31": "406.98200", "2011-12-31": "416.72000", "2011-09-30": "358.71700", "2011-06-30": "379.94400", "2011-03-31": "389.37900", "2010-12-31": "420.97500", "2010-09-30": "388.56300", "2010-06-30": "369.07500", "2010-03-31": "373.14300", "2009-12-31": "372.76200", "2009-09-30": "390.67200", "2009-06-30": "373.03400", "2009-03-31": "378.08200", "2008-12-31": "393.59200", "2008-09-30": "373.99300", "2008-06-30": "391.91300", "2008-03-31": "412.83500", "2007-12-31": "408.23400", "2007-09-30": "421.74600", "2007-06-30": "397.02300", "2007-03-31": "410.73400", "2006-12-31": "345.86900", "2006-09-30": "318.62000", "2006-06-30": "304.72000", "2006-03-31": "316.99300", "2005-12-31": "324.23800", "2005-09-30": "321.86700", "2005-06-30": "332.61700", "2005-03-31": "343.88500"}, "Common Stock Net": {"2020-09-30": "0.09100", "2020-06-30": "0.09100", "2020-03-31": "0.09100", "2019-12-31": "0.09100", "2019-09-30": "0.09100", "2019-06-30": "0.09100", "2019-03-31": "0.09100", "2018-12-31": "0.09100", "2018-09-30": "0.09100", "2018-06-30": "0.09100", "2018-03-31": "0.09100", "2017-12-31": "0.09100", "2017-09-30": "0.09100", "2017-06-30": "0.09100", "2017-03-31": "0.09100", "2016-12-31": "0.09100", "2016-09-30": "0.09100", "2016-06-30": "0.09100", "2016-03-31": "0.09100", "2015-12-31": "0.09100", "2015-09-30": "0.09100", "2015-06-30": "0.09100", "2015-03-31": "0.09100", "2014-12-31": "0.09100", "2014-09-30": "0.09100", "2014-06-30": "0.09100", "2014-03-31": "0.09100", "2013-12-31": "0.09100", "2013-09-30": "0.09100", "2013-06-30": "0.09100", "2013-03-31": "0.09100", "2012-12-31": "0.09100", "2012-09-30": "0.09100", "2012-06-30": "0.09100", "2012-03-31": "0.09100", "2011-12-31": "0.09100", "2011-09-30": "0.09100", "2011-06-30": "0.09100", "2011-03-31": "0.09100", "2010-12-31": "0.09100", "2010-09-30": "0.09100", "2010-06-30": "0.09100", "2010-03-31": "0.09100", "2009-12-31": "0.09100", "2009-09-30": "0.09100", "2009-06-30": "0.09100", "2009-03-31": "0.09100", "2008-12-31": "0.09100", "2008-09-30": "0.09100", "2008-06-30": "0.09100", "2008-03-31": "0.09100", "2007-12-31": "0.09100", "2007-09-30": "0.09100", "2007-06-30": "0.09100", "2007-03-31": "0.09100", "2006-12-31": "0.09100", "2006-09-30": "0.09100", "2006-06-30": "0.09100", "2006-03-31": "0.09100", "2005-12-31": "0.09100", "2005-09-30": "0.09100", "2005-06-30": "0.09100", "2005-03-31": "0.09100"}, "Retained Earnings (Accumulated Deficit)": {"2020-09-30": "1786.37300", "2020-06-30": "1749.31100", "2020-03-31": "1726.81600", "2019-12-31": "1727.77200", "2019-09-30": "1708.21300", "2019-06-30": "1684.67500", "2019-03-31": "1658.87900", "2018-12-31": "1635.75100", "2018-09-30": "1675.37600", "2018-06-30": "1642.53500", "2018-03-31": "1611.86400", "2017-12-31": "1609.16800", "2017-09-30": "1609.92600", "2017-06-30": "1587.27700", "2017-03-31": "1564.29100", "2016-12-31": "1558.58900", "2016-09-30": "1539.25500", "2016-06-30": "1502.27000", "2016-03-31": "1477.41500", "2015-12-31": "1493.94100", "2015-09-30": "1477.90500", "2015-06-30": "1481.84200", "2015-03-31": "1457.67000", "2014-12-31": "1442.08200", "2014-09-30": "1415.98100", "2014-06-30": "1368.12600", "2014-03-31": "1368.99000", "2013-12-31": "1334.27700", "2013-09-30": "1226.62900", "2013-06-30": "1133.48000", "2013-03-31": "1076.67100", "2012-12-31": "1039.90300", "2012-09-30": "992.41800", "2012-06-30": "950.12700", "2012-03-31": "902.00300", "2011-12-31": "866.63200", "2011-09-30": "827.07700", "2011-06-30": "790.23600", "2011-03-31": "756.89800", "2010-12-31": "749.94000", "2010-09-30": "720.38700", "2010-06-30": "692.83500", "2010-03-31": "668.32900", "2009-12-31": "645.07800", "2009-09-30": "621.99500", "2009-06-30": "603.66200", "2009-03-31": "588.79400", "2008-12-31": "584.23900", "2008-09-30": "576.71700", "2008-06-30": "566.95500", "2008-03-31": "553.34500", "2007-12-31": "546.83200", "2007-09-30": "547.47100", "2007-06-30": "540.70800", "2007-03-31": "533.69600", "2006-12-31": "531.56300", "2006-09-30": "522.47100", "2006-06-30": "516.21600", "2006-03-31": "509.19000", "2005-12-31": "526.53700", "2005-09-30": "517.24300", "2005-06-30": "505.83800", "2005-03-31": "489.33800"}, "Comprehensive Income": {"2020-09-30": "-83.10800", "2020-06-30": "-93.44100", "2020-03-31": "-100.28900", "2019-12-31": "-85.29200", "2019-09-30": "-94.96100", "2019-06-30": "-81.27600", "2019-03-31": "-75.79400", "2018-12-31": "-79.93400", "2018-09-30": "-82.55500", "2018-06-30": "-75.46000", "2018-03-31": "-55.47400", "2017-12-31": "-66.31800", "2017-09-30": "-69.23300", "2017-06-30": "-74.74300", "2017-03-31": "-74.77100", "2016-12-31": "-84.12200", "2016-09-30": "-68.52300", "2016-06-30": "-71.46300", "2016-03-31": "-67.25000", "2015-12-31": "-71.26900", "2015-09-30": "-73.00000", "2015-06-30": "-63.25100", "2015-03-31": "-61.97600", "2014-12-31": "-51.52100", "2014-09-30": "-44.96400", "2014-06-30": "-42.28400", "2014-03-31": "-44.86400", "2013-12-31": "-46.22800", "2013-09-30": "-53.86400", "2013-06-30": "-55.27200", "2013-03-31": "-55.37200", "2012-12-31": "-51.82200", "2012-09-30": "-58.45700", "2012-06-30": "-59.20700", "2012-03-31": "-54.55000", "2011-12-31": "-62.56500", "2011-09-30": "-63.85900", "2011-06-30": "-53.96200", "2011-03-31": "-55.17100", "2010-12-31": "-58.53900", "2010-09-30": "-66.12000", "2010-06-30": "-72.00500", "2010-03-31": "-69.33400", "2009-12-31": "-68.13400", "2009-09-30": "-68.39300", "2009-06-30": "-69.78100", "2009-03-31": "-69.95100", "2008-12-31": "-70.06100", "2008-09-30": "-71.21400", "2008-06-30": "-68.77400", "2008-03-31": "-67.85100", "2007-12-31": "-67.75900", "2007-09-30": "-65.62400", "2007-06-30": "-64.15200", "2007-03-31": "-64.87900", "2006-12-31": "-65.10700", "2006-09-30": "-66.64700", "2006-06-30": "-67.69000", "2006-03-31": "-67.45100", "2005-12-31": "-67.19700", "2005-09-30": "-66.01100", "2005-06-30": "-63.04900", "2005-03-31": "-64.03900"}, "Other Share Holders Equity": {"2020-09-30": "", "2020-06-30": "", "2020-03-31": "", "2019-12-31": "", "2019-09-30": "", "2019-06-30": "", "2019-03-31": "", "2018-12-31": "", "2018-09-30": "", "2018-06-30": "", "2018-03-31": "", "2017-12-31": "", "2017-09-30": "", "2017-06-30": "", "2017-03-31": "", "2016-12-31": "", "2016-09-30": "", "2016-06-30": "", "2016-03-31": "", "2015-12-31": "", "2015-09-30": "", "2015-06-30": "", "2015-03-31": "", "2014-12-31": "", "2014-09-30": "", "2014-06-30": "", "2014-03-31": "", "2013-12-31": "", "2013-09-30": "", "2013-06-30": "", "2013-03-31": "", "2012-12-31": "", "2012-09-30": "", "2012-06-30": "", "2012-03-31": "", "2011-12-31": "", "2011-09-30": "", "2011-06-30": "", "2011-03-31": "", "2010-12-31": "", "2010-09-30": "", "2010-06-30": "", "2010-03-31": "", "2009-12-31": "", "2009-09-30": "", "2009-06-30": "", "2009-03-31": "", "2008-12-31": "", "2008-09-30": "", "2008-06-30": "", "2008-03-31": "", "2007-12-31": "", "2007-09-30": "", "2007-06-30": "", "2007-03-31": "", "2006-12-31": "", "2006-09-30": "", "2006-06-30": "", "2006-03-31": "", "2005-12-31": "", "2005-09-30": "", "2005-06-30": "", "2005-03-31": ""}, "Share Holder Equity": {"2020-09-30": "827.47300", "2020-06-30": "792.01200", "2020-03-31": "800.49800", "2019-12-31": "875.28900", "2019-09-30": "845.80000", "2019-06-30": "834.95000", "2019-03-31": "811.19500", "2018-12-31": "781.86700", "2018-09-30": "832.13400", "2018-06-30": "803.53400", "2018-03-31": "799.12800", "2017-12-31": "704.59600", "2017-09-30": "717.52300", "2017-06-30": "699.57000", "2017-03-31": "687.58500", "2016-12-31": "664.07000", "2016-09-30": "854.41100", "2016-06-30": "830.24000", "2016-03-31": "801.43100", "2015-12-31": "825.62100", "2015-09-30": "860.51800", "2015-06-30": "903.88500", "2015-03-31": "923.84900", "2014-12-31": "942.43800", "2014-09-30": "939.40700", "2014-06-30": "891.75800", "2014-03-31": "875.55900", "2013-12-31": "858.61900", "2013-09-30": "742.42900", "2013-06-30": "692.08700", "2013-03-31": "616.70300", "2012-12-31": "590.61200", "2012-09-30": "550.39100", "2012-06-30": "567.26900", "2012-03-31": "621.50500", "2011-12-31": "574.23600", "2011-09-30": "540.13100", "2011-06-30": "508.25900", "2011-03-31": "467.43900", "2010-12-31": "471.24900", "2010-09-30": "431.14700", "2010-06-30": "403.49200", "2010-03-31": "397.66700", "2009-12-31": "375.68700", "2009-09-30": "350.28600", "2009-06-30": "334.56500", "2009-03-31": "320.95500", "2008-12-31": "316.18000", "2008-09-30": "307.77800", "2008-06-30": "298.12400", "2008-03-31": "284.38000", "2007-12-31": "275.00900", "2007-09-30": "297.72500", "2007-06-30": "289.17600", "2007-03-31": "277.89300", "2006-12-31": "318.98000", "2006-09-30": "333.02300", "2006-06-30": "345.55500", "2006-03-31": "339.83400", "2005-12-31": "354.62800", "2005-09-30": "352.67100", "2005-06-30": "337.07500", "2005-03-31": "315.61100"}, "Total Liabilities And Share Holders Equity": {"2020-09-30": "1816.71100", "2020-06-30": "1794.49300", "2020-03-31": "1746.31900", "2019-12-31": "1769.00600", "2019-09-30": "1736.90500", "2019-06-30": "1791.09800", "2019-03-31": "1755.10100", "2018-12-31": "1694.44600", "2018-09-30": "1746.23700", "2018-06-30": "1746.36300", "2018-03-31": "1774.66900", "2017-12-31": "1589.87200", "2017-09-30": "1547.33100", "2017-06-30": "1507.14500", "2017-03-31": "1494.41600", "2016-12-31": "1474.04500", "2016-09-30": "1751.81500", "2016-06-30": "1780.86900", "2016-03-31": "1511.47300", "2015-12-31": "1505.84300", "2015-09-30": "1553.45800", "2015-06-30": "1602.62000", "2015-03-31": "1612.61700", "2014-12-31": "1614.43400", "2014-09-30": "1573.24900", "2014-06-30": "1603.61400", "2014-03-31": "1642.47300", "2013-12-31": "1821.06200", "2013-09-30": "1688.48700", "2013-06-30": "1392.70700", "2013-03-31": "1207.79300", "2012-12-31": "1124.80700", "2012-09-30": "1115.72300", "2012-06-30": "1134.97100", "2012-03-31": "1028.48700", "2011-12-31": "990.95600", "2011-09-30": "898.84800", "2011-06-30": "888.20300", "2011-03-31": "856.81800", "2010-12-31": "892.22400", "2010-09-30": "819.71000", "2010-06-30": "772.56700", "2010-03-31": "770.81000", "2009-12-31": "748.44900", "2009-09-30": "740.95800", "2009-06-30": "707.59900", "2009-03-31": "699.03700", "2008-12-31": "709.77200", "2008-09-30": "681.77100", "2008-06-30": "690.03700", "2008-03-31": "697.21500", "2007-12-31": "683.24300", "2007-09-30": "719.47100", "2007-06-30": "686.19900", "2007-03-31": "688.62700", "2006-12-31": "664.84900", "2006-09-30": "651.64300", "2006-06-30": "650.27500", "2006-03-31": "656.82700", "2005-12-31": "678.86600", "2005-09-30": "674.53800", "2005-06-30": "669.69200", "2005-03-31": "659.49600"}}, "cash flow statement": {"Net Income/Loss": {"2019-12-31": "173.55300", "2018-12-31": "121.88700", "2017-12-31": "129.43700", "2016-12-31": "143.08600", "2015-12-31": "133.04600", "2014-12-31": "189.17600", "2013-12-31": "364.88800", "2012-12-31": "221.64500", "2011-12-31": "153.33000", "2010-12-31": "136.05100", "2009-12-31": "89.84500", "2008-12-31": "65.34700", "2007-12-31": "43.87200", "2006-12-31": "32.81700", "2005-12-31": "74.03300"}, "Total Depreciation And Amortization - Cash Flow": {"2019-12-31": "76.65000", "2018-12-31": "83.00300", "2017-12-31": "71.56400", "2016-12-31": "72.39700", "2015-12-31": "71.36500", "2014-12-31": "54.92400", "2013-12-31": "34.92300", "2012-12-31": "33.41200", "2011-12-31": "32.85000", "2010-12-31": "29.61600", "2009-12-31": "28.55700", "2008-12-31": "30.39300", "2007-12-31": "32.96700", "2006-12-31": "29.13200", "2005-12-31": "30.45900"}, "Other Non-Cash Items": {"2019-12-31": "60.16300", "2018-12-31": "69.73200", "2017-12-31": "54.46500", "2016-12-31": "31.45600", "2015-12-31": "51.99700", "2014-12-31": "81.73100", "2013-12-31": "-10.20500", "2012-12-31": "22.17600", "2011-12-31": "52.47400", "2010-12-31": "0.78100", "2009-12-31": "20.37300", "2008-12-31": "21.60400", "2007-12-31": "17.43200", "2006-12-31": "27.33800", "2005-12-31": ""}, "Total Non-Cash Items": {"2019-12-31": "136.81300", "2018-12-31": "152.73500", "2017-12-31": "126.02900", "2016-12-31": "103.85300", "2015-12-31": "123.36200", "2014-12-31": "136.65500", "2013-12-31": "24.71800", "2012-12-31": "55.58800", "2011-12-31": "85.32400", "2010-12-31": "30.39700", "2009-12-31": "48.93000", "2008-12-31": "51.99700", "2007-12-31": "50.39900", "2006-12-31": "56.47000", "2005-12-31": "30.45900"}, "Change In Accounts Receivable": {"2019-12-31": "2.74600", "2018-12-31": "-10.45300", "2017-12-31": "-0.10300", "2016-12-31": "3.35700", "2015-12-31": "-2.24600", "2014-12-31": "30.76600", "2013-12-31": "-34.30400", "2012-12-31": "-7.88400", "2011-12-31": "-5.89000", "2010-12-31": "-6.64900", "2009-12-31": "-7.04300", "2008-12-31": "7.06900", "2007-12-31": "-2.64700", "2006-12-31": "-2.78600", "2005-12-31": "-0.62600"}, "Change In Inventories": {"2019-12-31": "18.44600", "2018-12-31": "-33.37100", "2017-12-31": "7.53700", "2016-12-31": "9.80100", "2015-12-31": "59.65200", "2014-12-31": "-16.51800", "2013-12-31": "-207.43600", "2012-12-31": "-22.60500", "2011-12-31": "2.41500", "2010-12-31": "-4.29300", "2009-12-31": "9.74000", "2008-12-31": "-14.91000", "2007-12-31": "-12.31200", "2006-12-31": "0.16300", "2005-12-31": "-11.92500"}, "Change In Accounts Payable": {"2019-12-31": "-7.18400", "2018-12-31": "-9.16400", "2017-12-31": "6.83400", "2016-12-31": "13.44300", "2015-12-31": "-4.29700", "2014-12-31": "-45.95300", "2013-12-31": "32.64300", "2012-12-31": "15.83100", "2011-12-31": "6.07700", "2010-12-31": "-0.56800", "2009-12-31": "3.60200", "2008-12-31": "-6.13900", "2007-12-31": "2.95600", "2006-12-31": "0.11800", "2005-12-31": "-4.90600"}, "Change In Assets/Liabilities": {"2019-12-31": "-59.44600", "2018-12-31": "-11.46300", "2017-12-31": "10.33100", "2016-12-31": "35.34700", "2015-12-31": "-3.31000", "2014-12-31": "-41.41000", "2013-12-31": "-39.42600", "2012-12-31": "-13.65500", "2011-12-31": "-18.56500", "2010-12-31": "19.16800", "2009-12-31": "-19.72800", "2008-12-31": "3.19300", "2007-12-31": "-24.97400", "2006-12-31": "-18.16800", "2005-12-31": "3.97300"}, "Total Change In Assets/Liabilities": {"2019-12-31": "-132.43500", "2018-12-31": "-71.88400", "2017-12-31": "47.08900", "2016-12-31": "28.32400", "2015-12-31": "65.70100", "2014-12-31": "-382.29500", "2013-12-31": "140.57000", "2012-12-31": "33.74300", "2011-12-31": "-14.33900", "2010-12-31": "21.43500", "2009-12-31": "-4.83100", "2008-12-31": "-14.03700", "2007-12-31": "-45.61800", "2006-12-31": "-13.49200", "2005-12-31": "8.70100"}, "Cash Flow From Operating Activities": {"2019-12-31": "177.93100", "2018-12-31": "202.73800", "2017-12-31": "302.55500", "2016-12-31": "275.26300", "2015-12-31": "322.10900", "2014-12-31": "-56.46400", "2013-12-31": "530.17600", "2012-12-31": "310.97600", "2011-12-31": "224.31500", "2010-12-31": "187.88300", "2009-12-31": "133.94400", "2008-12-31": "103.30700", "2007-12-31": "48.65300", "2006-12-31": "75.79500", "2005-12-31": "114.10000"}, "Net Change In Property, Plant, And Equipment": {"2019-12-31": "-66.06700", "2018-12-31": "-70.37100", "2017-12-31": "-60.15600", "2016-12-31": "-50.22100", "2015-12-31": "-56.62200", "2014-12-31": "-101.47600", "2013-12-31": "-185.10300", "2012-12-31": "-96.64500", "2011-12-31": "-41.80900", "2010-12-31": "-53.78300", "2009-12-31": "-20.21500", "2008-12-31": "-16.00700", "2007-12-31": "-22.73600", "2006-12-31": "-35.68000", "2005-12-31": "-30.88400"}, "Net Change In Intangible Assets": {"2019-12-31": "", "2018-12-31": "", "2017-12-31": "", "2016-12-31": "", "2015-12-31": "", "2014-12-31": "", "2013-12-31": "", "2012-12-31": "", "2011-12-31": "", "2010-12-31": "", "2009-12-31": "", "2008-12-31": "", "2007-12-31": "", "2006-12-31": "", "2005-12-31": ""}, "Net Acquisitions/Divestitures": {"2019-12-31": "-8.07300", "2018-12-31": "-38.50600", "2017-12-31": "-31.74500", "2016-12-31": "-8.69200", "2015-12-31": "", "2014-12-31": "", "2013-12-31": "", "2012-12-31": "-12.56200", "2011-12-31": "-11.66300", "2010-12-31": "", "2009-12-31": "", "2008-12-31": "", "2007-12-31": "", "2006-12-31": "", "2005-12-31": ""}, "Net Change In Short-term Investments": {"2019-12-31": "", "2018-12-31": "", "2017-12-31": "", "2016-12-31": "", "2015-12-31": "", "2014-12-31": "", "2013-12-31": "", "2012-12-31": "", "2011-12-31": "", "2010-12-31": "", "2009-12-31": "", "2008-12-31": "", "2007-12-31": "", "2006-12-31": "", "2005-12-31": ""}, "Net Change In Long-Term Investments": {"2019-12-31": "2.72800", "2018-12-31": "0.11600", "2017-12-31": "-0.06300", "2016-12-31": "1.05200", "2015-12-31": "-4.22400", "2014-12-31": "9.80600", "2013-12-31": "-8.59600", "2012-12-31": "4.34900", "2011-12-31": "-17.72700", "2010-12-31": "", "2009-12-31": "", "2008-12-31": "5.22500", "2007-12-31": "-5.22500", "2006-12-31": "", "2005-12-31": "10.23000"}, "Net Change In Investments - Total": {"2019-12-31": "2.72800", "2018-12-31": "0.11600", "2017-12-31": "-0.06300", "2016-12-31": "1.05200", "2015-12-31": "-4.22400", "2014-12-31": "9.80600", "2013-12-31": "-8.59600", "2012-12-31": "4.34900", "2011-12-31": "-17.72700", "2010-12-31": "", "2009-12-31": "", "2008-12-31": "5.22500", "2007-12-31": "-5.22500", "2006-12-31": "", "2005-12-31": "10.23000"}, "Investing Activities - Other": {"2019-12-31": "", "2018-12-31": "", "2017-12-31": "", "2016-12-31": "", "2015-12-31": "", "2014-12-31": "", "2013-12-31": "", "2012-12-31": "", "2011-12-31": "", "2010-12-31": "", "2009-12-31": "", "2008-12-31": "", "2007-12-31": "", "2006-12-31": "-1.98100", "2005-12-31": "-5.54800"}, "Cash Flow From Investing Activities": {"2019-12-31": "-71.41200", "2018-12-31": "-108.76100", "2017-12-31": "-91.96400", "2016-12-31": "-57.86100", "2015-12-31": "-60.84600", "2014-12-31": "-91.67000", "2013-12-31": "-193.69900", "2012-12-31": "-104.85800", "2011-12-31": "-71.19900", "2010-12-31": "-53.78300", "2009-12-31": "-20.21500", "2008-12-31": "-10.78200", "2007-12-31": "-27.96100", "2006-12-31": "-37.66100", "2005-12-31": "-26.20200"}, "Net Long-Term Debt": {"2019-12-31": "-69.45500", "2018-12-31": "29.89800", "2017-12-31": "-36.22600", "2016-12-31": "177.57000", "2015-12-31": "0.70900", "2014-12-31": "82.37700", "2013-12-31": "11.09700", "2012-12-31": "73.64300", "2011-12-31": "-44.99600", "2010-12-31": "-7.40100", "2009-12-31": "-30.18800", "2008-12-31": "-32.71100", "2007-12-31": "33.11200", "2006-12-31": "13.38900", "2005-12-31": "12.92600"}, "Net Current Debt": {"2019-12-31": "", "2018-12-31": "", "2017-12-31": "", "2016-12-31": "", "2015-12-31": "", "2014-12-31": "", "2013-12-31": "", "2012-12-31": "", "2011-12-31": "", "2010-12-31": "", "2009-12-31": "", "2008-12-31": "", "2007-12-31": "", "2006-12-31": "", "2005-12-31": ""}, "Debt Issuance/Retirement Net - Total": {"2019-12-31": "-69.45500", "2018-12-31": "29.89800", "2017-12-31": "-36.22600", "2016-12-31": "177.57000", "2015-12-31": "0.70900", "2014-12-31": "82.37700", "2013-12-31": "11.09700", "2012-12-31": "73.64300", "2011-12-31": "-44.99600", "2010-12-31": "-7.40100", "2009-12-31": "-30.18800", "2008-12-31": "-32.71100", "2007-12-31": "33.11200", "2006-12-31": "13.38900", "2005-12-31": "12.92600"}, "Net Common Equity Issued/Repurchased": {"2019-12-31": "-3.15000", "2018-12-31": "-58.78800", "2017-12-31": "-47.28800", "2016-12-31": "-232.90100", "2015-12-31": "-160.77900", "2014-12-31": "-48.14400", "2013-12-31": "-106.49500", "2012-12-31": "-196.90600", "2011-12-31": "-37.43600", "2010-12-31": "-37.33500", "2009-12-31": "-14.91700", "2008-12-31": "-2.27000", "2007-12-31": "-65.36900", "2006-12-31": "-62.05200", "2005-12-31": "-18.46100"}, "Net Total Equity Issued/Repurchased": {"2019-12-31": "-3.15000", "2018-12-31": "-58.78800", "2017-12-31": "-47.28800", "2016-12-31": "-232.90100", "2015-12-31": "-160.77900", "2014-12-31": "-48.14400", "2013-12-31": "-106.49500", "2012-12-31": "-196.90600", "2011-12-31": "-37.43600", "2010-12-31": "-37.33500", "2009-12-31": "-14.91700", "2008-12-31": "-2.27000", "2007-12-31": "-65.36900", "2006-12-31": "-62.05200", "2005-12-31": "-18.46100"}, "Total Common And Preferred Stock Dividends Paid": {"2019-12-31": "-82.18900", "2018-12-31": "-80.58100", "2017-12-31": "-76.05800", "2016-12-31": "-78.43800", "2015-12-31": "-81.18700", "2014-12-31": "-81.37100", "2013-12-31": "-70.51400", "2012-12-31": "-48.37400", "2011-12-31": "-36.63800", "2010-12-31": "-31.18900", "2009-12-31": "-29.00600", "2008-12-31": "-27.94000", "2007-12-31": "-27.14500", "2006-12-31": "-27.79100", "2005-12-31": "-25.40800"}, "Financial Activities - Other": {"2019-12-31": "", "2018-12-31": "-7.24300", "2017-12-31": "", "2016-12-31": "-0.94500", "2015-12-31": "5.33700", "2014-12-31": "6.06200", "2013-12-31": "45.18700", "2012-12-31": "7.75000", "2011-12-31": "12.05900", "2010-12-31": "6.90800", "2009-12-31": "1.10100", "2008-12-31": "0.22700", "2007-12-31": "1.77000", "2006-12-31": "1.83600", "2005-12-31": ""}, "Cash Flow From Financial Activities": {"2019-12-31": "-154.79400", "2018-12-31": "-116.71400", "2017-12-31": "-159.57200", "2016-12-31": "-134.71400", "2015-12-31": "-235.92000", "2014-12-31": "-41.07600", "2013-12-31": "-120.72500", "2012-12-31": "-163.88700", "2011-12-31": "-107.01100", "2010-12-31": "-69.01700", "2009-12-31": "-73.01000", "2008-12-31": "-62.69400", "2007-12-31": "-57.63200", "2006-12-31": "-74.61800", "2005-12-31": "-30.94300"}, "Net Cash Flow": {"2019-12-31": "-51.28100", "2018-12-31": "-39.48800", "2017-12-31": "69.15300", "2016-12-31": "67.89200", "2015-12-31": "0.93900", "2014-12-31": "-236.73800", "2013-12-31": "205.12800", "2012-12-31": "47.05100", "2011-12-31": "42.63700", "2010-12-31": "72.29200", "2009-12-31": "43.45900", "2008-12-31": "27.25900", "2007-12-31": "-34.02600", "2006-12-31": "-34.05600", "2005-12-31": "45.54400"}, "Stock-Based Compensation": {"2019-12-31": "9.90900", "2018-12-31": "26.60900", "2017-12-31": "19.31400", "2016-12-31": "8.89000", "2015-12-31": "7.40000", "2014-12-31": "17.50400", "2013-12-31": "32.62000", "2012-12-31": "21.35800", "2011-12-31": "15.45000", "2010-12-31": "10.83500", "2009-12-31": "9.98900", "2008-12-31": "7.27300", "2007-12-31": "8.12900", "2006-12-31": "9.30100", "2005-12-31": ""}, "Common Stock Dividends Paid": {"2019-12-31": "-82.18900", "2018-12-31": "-80.58100", "2017-12-31": "-76.05800", "2016-12-31": "-78.43800", "2015-12-31": "-81.18700", "2014-12-31": "-81.37100", "2013-12-31": "-70.51400", "2012-12-31": "-48.37400", "2011-12-31": "-36.63800", "2010-12-31": "-31.18900", "2009-12-31": "-29.00600", "2008-12-31": "-27.94000", "2007-12-31": "-27.14500", "2006-12-31": "-27.79100", "2005-12-31": "-25.40800"}}, "cash flow statement, quarterly": {"Net Income/Loss": {"2020-09-30": 56.307, "2020-06-30": 41.851, "2020-03-31": "19.73000", "2019-12-31": 40.112, "2019-09-30": 44.09, "2019-06-30": 46.349, "2019-03-31": "43.00200", "2018-12-31": -17.759, "2018-09-30": 53.146, "2018-06-30": 50.961, "2018-03-31": "35.53900", "2017-12-31": 18.235, "2017-09-30": 41.672, "2017-06-30": 42.041, "2017-03-31": "27.48900", "2016-12-31": 38.185, "2016-09-30": 56.872, "2016-06-30": 44.713, "2016-03-31": "3.31600", "2015-12-31": 35.84, "2015-09-30": 16.267, "2015-06-30": 44.657, "2015-03-31": "36.28200", "2014-12-31": 46.507, "2014-09-30": 68.308, "2014-06-30": 19.507, "2014-03-31": "54.85400", "2013-12-31": 125.271, "2013-09-30": 110.9, "2013-06-30": 74.435, "2013-03-31": "54.28200", "2012-12-31": 59.233, "2012-09-30": 54.176, "2012-06-30": 60.407, "2012-03-31": "47.82900", "2011-12-31": 49.523, "2011-09-30": 46.798, "2011-06-30": 41.701, "2011-03-31": "15.30800", "2010-12-31": 37.33, "2010-09-30": 35.289, "2010-06-30": 32.392, "2010-03-31": "31.04000", "2009-12-31": 30.319, "2009-09-30": 25.571, "2009-06-30": 22.114, "2009-03-31": "11.84100", "2008-12-31": 14.497, "2008-09-30": 16.76, "2008-06-30": 20.601, "2008-03-31": "13.48900", "2007-12-31": 6.035, "2007-09-30": 13.545, "2007-06-30": 13.792, "2007-03-31": "10.50000", "2006-12-31": 15.864, "2006-09-30": 13.218, "2006-06-30": 14.063, "2006-03-31": "-10.32800", "2005-12-31": 15.77, "2005-09-30": 17.747, "2005-06-30": 22.809, "2005-03-31": "17.70700"}, "Total Depreciation And Amortization - Cash Flow": {"2020-09-30": 17.92, "2020-06-30": 18.264, "2020-03-31": "19.09500", "2019-12-31": 18.686, "2019-09-30": 19.305, "2019-06-30": 19.052, "2019-03-31": "19.60700", "2018-12-31": 20.17, "2018-09-30": 22.691, "2018-06-30": 21.235, "2018-03-31": "18.90700", "2017-12-31": 19.039, "2017-09-30": 17.445, "2017-06-30": 17.455, "2017-03-31": "17.62500", "2016-12-31": 18.995, "2016-09-30": 18.718, "2016-06-30": 17.739, "2016-03-31": "16.94500", "2015-12-31": 19.264, "2015-09-30": 18, "2015-06-30": 17.506, "2015-03-31": "16.59500", "2014-12-31": 15.991, "2014-09-30": 13.968, "2014-06-30": 12.714, "2014-03-31": "12.25100", "2013-12-31": 10.897, "2013-09-30": 8.499, "2013-06-30": 7.915, "2013-03-31": "7.61200", "2012-12-31": 8.184, "2012-09-30": 8.29, "2012-06-30": 8.434, "2012-03-31": "8.50400", "2011-12-31": 8.829, "2011-09-30": 8.168, "2011-06-30": 7.935, "2011-03-31": "7.91800", "2010-12-31": 7.043, "2010-09-30": 7.567, "2010-06-30": 7.718, "2010-03-31": "7.28800", "2009-12-31": 7.204, "2009-09-30": 6.878, "2009-06-30": 7.066, "2009-03-31": "7.40900", "2008-12-31": 7.555, "2008-09-30": 7.505, "2008-06-30": 7.366, "2008-03-31": "7.96700", "2007-12-31": 8.975, "2007-09-30": 8.036, "2007-06-30": 8.139, "2007-03-31": "7.81700", "2006-12-31": 8.079, "2006-09-30": 6.88, "2006-06-30": 6.588, "2006-03-31": "7.58500", "2005-12-31": 7.641, "2005-09-30": 7.777, "2005-06-30": 7.509, "2005-03-31": "7.53200"}, "Other Non-Cash Items": {"2020-09-30": 10.319, "2020-06-30": 14.245, "2020-03-31": "20.75000", "2019-12-31": 10.93, "2019-09-30": 10.885, "2019-06-30": 19.806, "2019-03-31": "18.54200", "2018-12-31": 41.999, "2018-09-30": 7.716, "2018-06-30": 8.31, "2018-03-31": "11.70700", "2017-12-31": 36.297, "2017-09-30": 5.811, "2017-06-30": 3.219, "2017-03-31": "9.13800", "2016-12-31": -14.093, "2016-09-30": -9.374, "2016-06-30": 15.042, "2016-03-31": "39.88100", "2015-12-31": 10.49, "2015-09-30": 13.271, "2015-06-30": 8.155, "2015-03-31": "20.08100", "2014-12-31": 9.046, "2014-09-30": 6.824, "2014-06-30": 25.685, "2014-03-31": "40.17600", "2013-12-31": -38.035, "2013-09-30": 18.457, "2013-06-30": 1.171, "2013-03-31": "8.20200", "2012-12-31": 4.118, "2012-09-30": 4.357, "2012-06-30": 11.808, "2012-03-31": "1.89300", "2011-12-31": 15.375, "2011-09-30": 5.926, "2011-06-30": -0.051, "2011-03-31": "31.22400", "2010-12-31": -9.224, "2010-09-30": -1.844, "2010-06-30": 10.091, "2010-03-31": "1.75800", "2009-12-31": 8.003, "2009-09-30": 8.874, "2009-06-30": 1.129, "2009-03-31": "2.36700", "2008-12-31": 9.978, "2008-09-30": 7.87, "2008-06-30": -1.676, "2008-03-31": "5.43200", "2007-12-31": 11.223, "2007-09-30": 2.02, "2007-06-30": 1.807, "2007-03-31": "2.38200", "2006-12-31": 8.354, "2006-09-30": 0, "2006-06-30": 0, "2006-03-31": "18.98400", "2005-12-31": 0, "2005-09-30": 0, "2005-06-30": 0, "2005-03-31": ""}, "Total Non-Cash Items": {"2020-09-30": 28.239, "2020-06-30": 32.509, "2020-03-31": "39.84500", "2019-12-31": 29.616, "2019-09-30": 30.19, "2019-06-30": 38.858, "2019-03-31": "38.14900", "2018-12-31": 62.169, "2018-09-30": 30.407, "2018-06-30": 29.545, "2018-03-31": "30.61400", "2017-12-31": 55.336, "2017-09-30": 23.256, "2017-06-30": 20.674, "2017-03-31": "26.76300", "2016-12-31": 4.902, "2016-09-30": 9.344, "2016-06-30": 32.781, "2016-03-31": "56.82600", "2015-12-31": 29.754, "2015-09-30": 31.271, "2015-06-30": 25.661, "2015-03-31": "36.67600", "2014-12-31": 25.037, "2014-09-30": 20.792, "2014-06-30": 38.399, "2014-03-31": "52.42700", "2013-12-31": -27.138, "2013-09-30": 26.956, "2013-06-30": 9.086, "2013-03-31": "15.81400", "2012-12-31": 12.302, "2012-09-30": 12.647, "2012-06-30": 20.242, "2012-03-31": "10.39700", "2011-12-31": 24.204, "2011-09-30": 14.094, "2011-06-30": 7.884, "2011-03-31": "39.14200", "2010-12-31": -2.181, "2010-09-30": 5.723, "2010-06-30": 17.809, "2010-03-31": "9.04600", "2009-12-31": 15.207, "2009-09-30": 15.752, "2009-06-30": 8.195, "2009-03-31": "9.77600", "2008-12-31": 17.533, "2008-09-30": 15.375, "2008-06-30": 5.69, "2008-03-31": "13.39900", "2007-12-31": 20.198, "2007-09-30": 10.056, "2007-06-30": 9.946, "2007-03-31": "10.19900", "2006-12-31": 16.433, "2006-09-30": 6.88, "2006-06-30": 6.588, "2006-03-31": "26.56900", "2005-12-31": 7.641, "2005-09-30": 7.777, "2005-06-30": 7.509, "2005-03-31": "7.53200"}, "Change In Accounts Receivable": {"2020-09-30": 4.07, "2020-06-30": -18.424, "2020-03-31": "5.08100", "2019-12-31": 6.727, "2019-09-30": 4.239, "2019-06-30": -4.075, "2019-03-31": "-4.14500", "2018-12-31": 3.892, "2018-09-30": -7.57, "2018-06-30": 1.814, "2018-03-31": "-8.58900", "2017-12-31": 5.012, "2017-09-30": -2.303, "2017-06-30": -6.081, "2017-03-31": "3.26900", "2016-12-31": 2.686, "2016-09-30": -3.924, "2016-06-30": 0.341, "2016-03-31": "4.25400", "2015-12-31": -0.179, "2015-09-30": 6.426, "2015-06-30": -8.596, "2015-03-31": "0.10300", "2014-12-31": 3.672, "2014-09-30": -0.027, "2014-06-30": 15.524, "2014-03-31": "11.59700", "2013-12-31": -18.231, "2013-09-30": 8.574, "2013-06-30": -16.599, "2013-03-31": "-8.04800", "2012-12-31": 2.551, "2012-09-30": 3.012, "2012-06-30": -6.925, "2012-03-31": "-6.52200", "2011-12-31": 4.89, "2011-09-30": -4.357, "2011-06-30": -1.344, "2011-03-31": "-5.07900", "2010-12-31": 1.843, "2010-09-30": -4.438, "2010-06-30": -3.938, "2010-03-31": "-0.11600", "2009-12-31": -3.053, "2009-09-30": 0.541, "2009-06-30": -0.316, "2009-03-31": "-4.21500", "2008-12-31": 6.629, "2008-09-30": 2.169, "2008-06-30": -1.963, "2008-03-31": "0.23400", "2007-12-31": 4.212, "2007-09-30": -1.846, "2007-06-30": -4.219, "2007-03-31": "-0.79400", "2006-12-31": -0.534, "2006-09-30": -1.24, "2006-06-30": -1.184, "2006-03-31": "0.17200", "2005-12-31": -0.078, "2005-09-30": 0.69, "2005-06-30": 0.095, "2005-03-31": "-1.33300"}, "Change In Inventories": {"2020-09-30": -5.069, "2020-06-30": -0.813, "2020-03-31": "10.76400", "2019-12-31": 11.671, "2019-09-30": 3.69, "2019-06-30": 10.356, "2019-03-31": "-7.27100", "2018-12-31": -6.506, "2018-09-30": -10.122, "2018-06-30": -10.119, "2018-03-31": "-6.62400", "2017-12-31": 2.498, "2017-09-30": -3.667, "2017-06-30": 6.366, "2017-03-31": "2.34000", "2016-12-31": -5.156, "2016-09-30": 8.086, "2016-06-30": 13.777, "2016-03-31": "-6.90600", "2015-12-31": -6.04, "2015-09-30": 37.983, "2015-06-30": 7.313, "2015-03-31": "20.39600", "2014-12-31": 20.589, "2014-09-30": 17.111, "2014-06-30": 22.512, "2014-03-31": "-76.73000", "2013-12-31": -87.283, "2013-09-30": -74.925, "2013-06-30": -29.233, "2013-03-31": "-15.99500", "2012-12-31": 0.887, "2012-09-30": -10.58, "2012-06-30": -4.55, "2012-03-31": "-8.36200", "2011-12-31": -5.78, "2011-09-30": 0.252, "2011-06-30": 5.3, "2011-03-31": "2.64300", "2010-12-31": 4.446, "2010-09-30": -0.269, "2010-06-30": -0.095, "2010-03-31": "-8.37500", "2009-12-31": 2.729, "2009-09-30": 4.732, "2009-06-30": 2.832, "2009-03-31": "-0.55300", "2008-12-31": -3.499, "2008-09-30": -4.642, "2008-06-30": -7.914, "2008-03-31": "1.14500", "2007-12-31": -3.748, "2007-09-30": -2.825, "2007-06-30": -1.594, "2007-03-31": "-4.14500", "2006-12-31": 2.51, "2006-09-30": 2.716, "2006-06-30": -4.716, "2006-03-31": "-0.34700", "2005-12-31": 4.61, "2005-09-30": -8.523, "2005-06-30": -4.226, "2005-03-31": "-3.78600"}, "Change In Accounts Payable": {"2020-09-30": 2.821, "2020-06-30": 11.572, "2020-03-31": "1.49100", "2019-12-31": -0.575, "2019-09-30": -8.215, "2019-06-30": -3.551, "2019-03-31": "5.15700", "2018-12-31": -5.343, "2018-09-30": -4.861, "2018-06-30": -1.139, "2018-03-31": "2.17900", "2017-12-31": 7.74, "2017-09-30": 3.451, "2017-06-30": -4.232, "2017-03-31": "-0.12500", "2016-12-31": 2.516, "2016-09-30": -3.426, "2016-06-30": 9.746, "2016-03-31": "4.60700", "2015-12-31": -6.549, "2015-09-30": -2.86, "2015-06-30": 6.116, "2015-03-31": "-1.00400", "2014-12-31": 7.32, "2014-09-30": -6.77, "2014-06-30": -15.811, "2014-03-31": "-30.69200", "2013-12-31": 10.991, "2013-09-30": 18.059, "2013-06-30": -1.935, "2013-03-31": "5.52800", "2012-12-31": 7.525, "2012-09-30": -3.846, "2012-06-30": 2.475, "2012-03-31": "9.67700", "2011-12-31": 0.832, "2011-09-30": 2.873, "2011-06-30": 0.419, "2011-03-31": "1.95300", "2010-12-31": -4.05, "2010-09-30": -0.194, "2010-06-30": 1.146, "2010-03-31": "2.53000", "2009-12-31": 4.731, "2009-09-30": -0.126, "2009-06-30": -0.002, "2009-03-31": "-1.00100", "2008-12-31": -0.114, "2008-09-30": -7.682, "2008-06-30": 5.233, "2008-03-31": "-3.57600", "2007-12-31": -4.546, "2007-09-30": -0.133, "2007-06-30": -0.551, "2007-03-31": "8.18600", "2006-12-31": -2.572, "2006-09-30": 1.411, "2006-06-30": -5.846, "2006-03-31": "7.12500", "2005-12-31": 1.721, "2005-09-30": -0.528, "2005-06-30": -1.808, "2005-03-31": "-4.29100"}, "Change In Assets/Liabilities": {"2020-09-30": -4.507, "2020-06-30": -19.684, "2020-03-31": "-20.77300", "2019-12-31": -13.33, "2019-09-30": -23.916, "2019-06-30": -7.964, "2019-03-31": "-14.23600", "2018-12-31": 26.69, "2018-09-30": -11.268, "2018-06-30": -8.883, "2018-03-31": "-18.00200", "2017-12-31": 25.737, "2017-09-30": -2.538, "2017-06-30": -0.741, "2017-03-31": "-12.12700", "2016-12-31": 99.959, "2016-09-30": -0.496, "2016-06-30": 5.825, "2016-03-31": "-69.94100", "2015-12-31": 26.872, "2015-09-30": -17.27, "2015-06-30": -5.395, "2015-03-31": "-7.51700", "2014-12-31": 15.883, "2014-09-30": -14.373, "2014-06-30": -47.313, "2014-03-31": "4.39300", "2013-12-31": 8.52, "2013-09-30": -16.681, "2013-06-30": -17.15, "2013-03-31": "-14.11500", "2012-12-31": -15.103, "2012-09-30": 14.622, "2012-06-30": -3.421, "2012-03-31": "-9.75300", "2011-12-31": -4.236, "2011-09-30": -10.761, "2011-06-30": -3.764, "2011-03-31": "0.19600", "2010-12-31": 15.069, "2010-09-30": 3.216, "2010-06-30": 4.618, "2010-03-31": "-3.73500", "2009-12-31": -18.507, "2009-09-30": 1.398, "2009-06-30": -2.488, "2009-03-31": "-0.13100", "2008-12-31": -3.172, "2008-09-30": 2.642, "2008-06-30": 0.003, "2008-03-31": "3.72000", "2007-12-31": -13.107, "2007-09-30": -1.445, "2007-06-30": -9.589, "2007-03-31": "-0.83300", "2006-12-31": -16.368, "2006-09-30": 1.005, "2006-06-30": -2.478, "2006-03-31": "-0.32700", "2005-12-31": -9.803, "2005-09-30": -3.442, "2005-06-30": 14.753, "2005-03-31": "2.46500"}, "Total Change In Assets/Liabilities": {"2020-09-30": 33.821, "2020-06-30": 22.694, "2020-03-31": "9.45200", "2019-12-31": -19.825, "2019-09-30": -20.729, "2019-06-30": -2.544, "2019-03-31": "-89.33700", "2018-12-31": 44.478, "2018-09-30": -21.636, "2018-06-30": -27.46, "2018-03-31": "-67.26600", "2017-12-31": 73.178, "2017-09-30": 6.849, "2017-06-30": -0.013, "2017-03-31": "-32.92500", "2016-12-31": 46.746, "2016-09-30": -16.611, "2016-06-30": 61.047, "2016-03-31": "-62.85800", "2015-12-31": 14.551, "2015-09-30": 34.824, "2015-06-30": 15.086, "2015-03-31": "1.24000", "2014-12-31": 23.249, "2014-09-30": -55.492, "2014-06-30": -82.171, "2014-03-31": "-267.88100", "2013-12-31": -52.1, "2013-09-30": 157.43, "2013-06-30": 34.95, "2013-03-31": "0.29000", "2012-12-31": 0.191, "2012-09-30": 4.073, "2012-06-30": 56.143, "2012-03-31": "-26.66400", "2011-12-31": 23.215, "2011-09-30": -14.307, "2011-06-30": -11.076, "2011-03-31": "-12.17100", "2010-12-31": 14.421, "2010-09-30": 10.149, "2010-06-30": -2.033, "2010-03-31": "-1.10200", "2009-12-31": -14.261, "2009-09-30": 9.329, "2009-06-30": 3.044, "2009-03-31": "-2.94300", "2008-12-31": 7.496, "2008-09-30": -8.638, "2008-06-30": -0.105, "2008-03-31": "-12.79000", "2007-12-31": -8.984, "2007-09-30": -6.404, "2007-06-30": -17.725, "2007-03-31": "-12.50500", "2006-12-31": 1.961, "2006-09-30": 4.116, "2006-06-30": -12.795, "2006-03-31": "-6.77400", "2005-12-31": 8.323, "2005-09-30": -9.741, "2005-06-30": 6.281, "2005-03-31": "3.83800"}, "Cash Flow From Operating Activities": {"2020-09-30": 118.367, "2020-06-30": 97.054, "2020-03-31": "69.02700", "2019-12-31": 49.903, "2019-09-30": 53.551, "2019-06-30": 82.663, "2019-03-31": "-8.18600", "2018-12-31": 88.888, "2018-09-30": 61.917, "2018-06-30": 53.046, "2018-03-31": "-1.11300", "2017-12-31": 146.749, "2017-09-30": 71.777, "2017-06-30": 62.702, "2017-03-31": "21.32700", "2016-12-31": 89.833, "2016-09-30": 49.605, "2016-06-30": 138.541, "2016-03-31": "-2.71600", "2015-12-31": 80.145, "2015-09-30": 82.362, "2015-06-30": 85.404, "2015-03-31": "74.19800", "2014-12-31": 94.793, "2014-09-30": 33.608, "2014-06-30": -24.265, "2014-03-31": "-160.60000", "2013-12-31": 46.033, "2013-09-30": 295.286, "2013-06-30": 118.471, "2013-03-31": "70.38600", "2012-12-31": 71.726, "2012-09-30": 70.896, "2012-06-30": 136.792, "2012-03-31": "31.56200", "2011-12-31": 96.942, "2011-09-30": 46.585, "2011-06-30": 38.509, "2011-03-31": "42.27900", "2010-12-31": 49.57, "2010-09-30": 51.161, "2010-06-30": 48.168, "2010-03-31": "38.98400", "2009-12-31": 31.265, "2009-09-30": 50.652, "2009-06-30": 33.353, "2009-03-31": "18.67400", "2008-12-31": 39.526, "2008-09-30": 23.497, "2008-06-30": 26.186, "2008-03-31": "14.09800", "2007-12-31": 17.249, "2007-09-30": 17.197, "2007-06-30": 6.013, "2007-03-31": "8.19400", "2006-12-31": 27.439, "2006-09-30": 26.524, "2006-06-30": 10.219, "2006-03-31": "11.61300", "2005-12-31": 31.976, "2005-09-30": 16.059, "2005-06-30": 36.988, "2005-03-31": "29.07700"}, "Net Change In Property, Plant, And Equipment": {"2020-09-30": -20.118, "2020-06-30": -9.305, "2020-03-31": "-19.38700", "2019-12-31": -13.283, "2019-09-30": -23.57, "2019-06-30": -15.449, "2019-03-31": "-13.76500", "2018-12-31": -28.078, "2018-09-30": -13.864, "2018-06-30": -15.777, "2018-03-31": "-12.65200", "2017-12-31": -21.191, "2017-09-30": -11.214, "2017-06-30": -11.823, "2017-03-31": "-15.92800", "2016-12-31": -15.202, "2016-09-30": -10.305, "2016-06-30": -13.772, "2016-03-31": "-10.94200", "2015-12-31": -12.451, "2015-09-30": -9.329, "2015-06-30": -16.651, "2015-03-31": "-18.19100", "2014-12-31": -20.896, "2014-09-30": -23.444, "2014-06-30": -26.598, "2014-03-31": "-30.53800", "2013-12-31": -42.035, "2013-09-30": -60.553, "2013-06-30": -41.276, "2013-03-31": "-41.23900", "2012-12-31": -32.178, "2012-09-30": -34.325, "2012-06-30": -15.515, "2012-03-31": "-14.62700", "2011-12-31": -13.824, "2011-09-30": -11.545, "2011-06-30": -9.939, "2011-03-31": "-6.50100", "2010-12-31": -25.091, "2010-09-30": -10.639, "2010-06-30": -11.333, "2010-03-31": "-6.72000", "2009-12-31": -8.148, "2009-09-30": -5.111, "2009-06-30": -3.771, "2009-03-31": "-3.18500", "2008-12-31": -4.027, "2008-09-30": -5.288, "2008-06-30": -3.981, "2008-03-31": "-2.71100", "2007-12-31": -5.853, "2007-09-30": -6.52, "2007-06-30": -5.071, "2007-03-31": "-5.29200", "2006-12-31": -7.506, "2006-09-30": -6.698, "2006-06-30": -7.851, "2006-03-31": "-13.62500", "2005-12-31": -6.609, "2005-09-30": -6.86, "2005-06-30": -8.57, "2005-03-31": "-8.84500"}, "Net Change In Intangible Assets": {"2020-09-30": 0, "2020-06-30": 0, "2020-03-31": "", "2019-12-31": 0, "2019-09-30": 0, "2019-06-30": 0, "2019-03-31": "", "2018-12-31": 0, "2018-09-30": 0, "2018-06-30": 0, "2018-03-31": "", "2017-12-31": 0, "2017-09-30": 0, "2017-06-30": 0, "2017-03-31": "", "2016-12-31": 0, "2016-09-30": 0, "2016-06-30": 0, "2016-03-31": "", "2015-12-31": 0, "2015-09-30": 0, "2015-06-30": 0, "2015-03-31": "", "2014-12-31": 0, "2014-09-30": 0, "2014-06-30": 0, "2014-03-31": "", "2013-12-31": 0, "2013-09-30": 0, "2013-06-30": 0, "2013-03-31": "", "2012-12-31": 0, "2012-09-30": 0, "2012-06-30": 0, "2012-03-31": "", "2011-12-31": 0, "2011-09-30": 0, "2011-06-30": 0, "2011-03-31": "", "2010-12-31": 0, "2010-09-30": 0, "2010-06-30": 0, "2010-03-31": "", "2009-12-31": 0, "2009-09-30": 0, "2009-06-30": 0, "2009-03-31": "", "2008-12-31": 0, "2008-09-30": 0, "2008-06-30": 0, "2008-03-31": "", "2007-12-31": 0, "2007-09-30": 0, "2007-06-30": 0, "2007-03-31": "", "2006-12-31": 0, "2006-09-30": 0, "2006-06-30": 0, "2006-03-31": "", "2005-12-31": 0, "2005-09-30": 0, "2005-06-30": 0, "2005-03-31": ""}, "Net Acquisitions/Divestitures": {"2020-09-30": 0, "2020-06-30": 0, "2020-03-31": "", "2019-12-31": 0, "2019-09-30": 0, "2019-06-30": -0.573, "2019-03-31": "-7.50000", "2018-12-31": -5.445, "2018-09-30": 0, "2018-06-30": 0, "2018-03-31": "-33.06100", "2017-12-31": -31.745, "2017-09-30": 25.095, "2017-06-30": -25.095, "2017-03-31": "", "2016-12-31": -4.292, "2016-09-30": 0, "2016-06-30": -1.1, "2016-03-31": "-3.30000", "2015-12-31": 0, "2015-09-30": 0, "2015-06-30": 0, "2015-03-31": "", "2014-12-31": 0, "2014-09-30": 0, "2014-06-30": 0, "2014-03-31": "", "2013-12-31": 0, "2013-09-30": 0, "2013-06-30": 0, "2013-03-31": "", "2012-12-31": -12.562, "2012-09-30": 0, "2012-06-30": 0, "2012-03-31": "", "2011-12-31": -11.663, "2011-09-30": 0, "2011-06-30": 0, "2011-03-31": "", "2010-12-31": 0, "2010-09-30": 0, "2010-06-30": 0, "2010-03-31": "", "2009-12-31": 0, "2009-09-30": 0, "2009-06-30": 0, "2009-03-31": "", "2008-12-31": 0, "2008-09-30": 0, "2008-06-30": 0, "2008-03-31": "", "2007-12-31": 0, "2007-09-30": 0, "2007-06-30": 0, "2007-03-31": "", "2006-12-31": 0, "2006-09-30": 0, "2006-06-30": 0, "2006-03-31": "", "2005-12-31": 0, "2005-09-30": 0, "2005-06-30": 0, "2005-03-31": ""}, "Net Change In Short-term Investments": {"2020-09-30": 0, "2020-06-30": 0, "2020-03-31": "", "2019-12-31": 0, "2019-09-30": 0, "2019-06-30": 0, "2019-03-31": "", "2018-12-31": 0, "2018-09-30": 0, "2018-06-30": 0, "2018-03-31": "", "2017-12-31": 0, "2017-09-30": 0, "2017-06-30": 0, "2017-03-31": "", "2016-12-31": 0, "2016-09-30": 0, "2016-06-30": 0, "2016-03-31": "", "2015-12-31": 0, "2015-09-30": 0, "2015-06-30": 0, "2015-03-31": "", "2014-12-31": 0, "2014-09-30": 0, "2014-06-30": 0, "2014-03-31": "", "2013-12-31": 0, "2013-09-30": 0, "2013-06-30": 0, "2013-03-31": "", "2012-12-31": 0, "2012-09-30": 0, "2012-06-30": 0, "2012-03-31": "", "2011-12-31": 0, "2011-09-30": 0, "2011-06-30": 0, "2011-03-31": "", "2010-12-31": 0, "2010-09-30": 0, "2010-06-30": 0, "2010-03-31": "", "2009-12-31": 0, "2009-09-30": 0, "2009-06-30": 0, "2009-03-31": "", "2008-12-31": 0, "2008-09-30": 0, "2008-06-30": 0, "2008-03-31": "", "2007-12-31": 0, "2007-09-30": 0, "2007-06-30": 0, "2007-03-31": "", "2006-12-31": 0, "2006-09-30": 0, "2006-06-30": 0, "2006-03-31": "", "2005-12-31": 0, "2005-09-30": 0, "2005-06-30": 0, "2005-03-31": ""}, "Net Change In Long-Term Investments": {"2020-09-30": -1.332, "2020-06-30": 0, "2020-03-31": "0.20300", "2019-12-31": 0, "2019-09-30": -0.113, "2019-06-30": -0.282, "2019-03-31": "3.12300", "2018-12-31": 0, "2018-09-30": -3.126, "2018-06-30": 0, "2018-03-31": "3.24200", "2017-12-31": 28.657, "2017-09-30": -31.745, "2017-06-30": 16.153, "2017-03-31": "-13.12800", "2016-12-31": 3.485, "2016-09-30": -3.445, "2016-06-30": 1.648, "2016-03-31": "-0.63600", "2015-12-31": -4.224, "2015-09-30": 0, "2015-06-30": 0, "2015-03-31": "", "2014-12-31": 0, "2014-09-30": 1.45, "2014-06-30": 5.274, "2014-03-31": "3.08200", "2013-12-31": -9.875, "2013-09-30": -3.345, "2013-06-30": -0.22, "2013-03-31": "4.84400", "2012-12-31": 2.425, "2012-09-30": -2.165, "2012-06-30": 0.057, "2012-03-31": "4.03200", "2011-12-31": -17.727, "2011-09-30": 0, "2011-06-30": 0, "2011-03-31": "", "2010-12-31": 0, "2010-09-30": 0, "2010-06-30": 0, "2010-03-31": "", "2009-12-31": 0, "2009-09-30": 0, "2009-06-30": 0, "2009-03-31": "", "2008-12-31": 0, "2008-09-30": 1.82, "2008-06-30": 0.09, "2008-03-31": "3.31500", "2007-12-31": 2.475, "2007-09-30": -7.7, "2007-06-30": 12.2, "2007-03-31": "-12.20000", "2006-12-31": 0, "2006-09-30": 2, "2006-06-30": 13.825, "2006-03-31": "-15.82500", "2005-12-31": 0, "2005-09-30": 10.605, "2005-06-30": -4.83, "2005-03-31": "4.45500"}, "Net Change In Investments - Total": {"2020-09-30": -1.332, "2020-06-30": 0, "2020-03-31": "0.20300", "2019-12-31": 0, "2019-09-30": -0.113, "2019-06-30": -0.282, "2019-03-31": "3.12300", "2018-12-31": 0, "2018-09-30": -3.126, "2018-06-30": 0, "2018-03-31": "3.24200", "2017-12-31": 28.657, "2017-09-30": -31.745, "2017-06-30": 16.153, "2017-03-31": "-13.12800", "2016-12-31": 3.485, "2016-09-30": -3.445, "2016-06-30": 1.648, "2016-03-31": "-0.63600", "2015-12-31": -4.224, "2015-09-30": 0, "2015-06-30": 0, "2015-03-31": "", "2014-12-31": 0, "2014-09-30": 1.45, "2014-06-30": 5.274, "2014-03-31": "3.08200", "2013-12-31": -9.875, "2013-09-30": -3.345, "2013-06-30": -0.22, "2013-03-31": "4.84400", "2012-12-31": 2.425, "2012-09-30": -2.165, "2012-06-30": 0.057, "2012-03-31": "4.03200", "2011-12-31": -17.727, "2011-09-30": 0, "2011-06-30": 0, "2011-03-31": "", "2010-12-31": 0, "2010-09-30": 0, "2010-06-30": 0, "2010-03-31": "", "2009-12-31": 0, "2009-09-30": 0, "2009-06-30": 0, "2009-03-31": "", "2008-12-31": 0, "2008-09-30": 1.82, "2008-06-30": 0.09, "2008-03-31": "3.31500", "2007-12-31": 2.475, "2007-09-30": -7.7, "2007-06-30": 12.2, "2007-03-31": "-12.20000", "2006-12-31": 0, "2006-09-30": 2, "2006-06-30": 13.825, "2006-03-31": "-15.82500", "2005-12-31": 0, "2005-09-30": 10.605, "2005-06-30": -4.83, "2005-03-31": "4.45500"}, "Investing Activities - Other": {"2020-09-30": 0, "2020-06-30": 0, "2020-03-31": "", "2019-12-31": 0, "2019-09-30": 0, "2019-06-30": 0, "2019-03-31": "", "2018-12-31": 0, "2018-09-30": 0, "2018-06-30": 0, "2018-03-31": "", "2017-12-31": 0, "2017-09-30": 0, "2017-06-30": 0, "2017-03-31": "", "2016-12-31": 0, "2016-09-30": 0, "2016-06-30": 0, "2016-03-31": "", "2015-12-31": 0, "2015-09-30": 0, "2015-06-30": 0, "2015-03-31": "", "2014-12-31": 0, "2014-09-30": 0, "2014-06-30": 0, "2014-03-31": "", "2013-12-31": 0, "2013-09-30": 0, "2013-06-30": 0, "2013-03-31": "", "2012-12-31": 0, "2012-09-30": 0, "2012-06-30": 0, "2012-03-31": "", "2011-12-31": 0, "2011-09-30": 0, "2011-06-30": 0, "2011-03-31": "", "2010-12-31": 0, "2010-09-30": 0, "2010-06-30": 0, "2010-03-31": "", "2009-12-31": 0, "2009-09-30": 0, "2009-06-30": 0, "2009-03-31": "", "2008-12-31": 0, "2008-09-30": 0, "2008-06-30": 0, "2008-03-31": "", "2007-12-31": 0, "2007-09-30": 0, "2007-06-30": 0, "2007-03-31": "", "2006-12-31": 0, "2006-09-30": 0, "2006-06-30": 0, "2006-03-31": "-1.98100", "2005-12-31": 0, "2005-09-30": -1.563, "2005-06-30": -2.239, "2005-03-31": "-1.74600"}, "Cash Flow From Investing Activities": {"2020-09-30": -21.45, "2020-06-30": -9.305, "2020-03-31": "-19.18400", "2019-12-31": -13.283, "2019-09-30": -23.683, "2019-06-30": -16.304, "2019-03-31": "-18.14200", "2018-12-31": -33.523, "2018-09-30": -16.99, "2018-06-30": -15.777, "2018-03-31": "-42.47100", "2017-12-31": -24.279, "2017-09-30": -17.864, "2017-06-30": -20.765, "2017-03-31": "-29.05600", "2016-12-31": -16.009, "2016-09-30": -13.75, "2016-06-30": -13.224, "2016-03-31": "-14.87800", "2015-12-31": -16.675, "2015-09-30": -9.329, "2015-06-30": -16.651, "2015-03-31": "-18.19100", "2014-12-31": -20.896, "2014-09-30": -21.994, "2014-06-30": -21.324, "2014-03-31": "-27.45600", "2013-12-31": -51.91, "2013-09-30": -63.898, "2013-06-30": -41.496, "2013-03-31": "-36.39500", "2012-12-31": -42.315, "2012-09-30": -36.49, "2012-06-30": -15.458, "2012-03-31": "-10.59500", "2011-12-31": -43.214, "2011-09-30": -11.545, "2011-06-30": -9.939, "2011-03-31": "-6.50100", "2010-12-31": -25.091, "2010-09-30": -10.639, "2010-06-30": -11.333, "2010-03-31": "-6.72000", "2009-12-31": -8.148, "2009-09-30": -5.111, "2009-06-30": -3.771, "2009-03-31": "-3.18500", "2008-12-31": -4.027, "2008-09-30": -3.468, "2008-06-30": -3.891, "2008-03-31": "0.60400", "2007-12-31": -3.378, "2007-09-30": -14.22, "2007-06-30": 7.129, "2007-03-31": "-17.49200", "2006-12-31": -7.506, "2006-09-30": -4.698, "2006-06-30": 5.974, "2006-03-31": "-31.43100", "2005-12-31": -6.609, "2005-09-30": 2.182, "2005-06-30": -15.639, "2005-03-31": "-6.13600"}, "Net Long-Term Debt": {"2020-09-30": -72.5, "2020-06-30": -7.5, "2020-03-31": "60.00000", "2019-12-31": -5, "2019-09-30": -42, "2019-06-30": 7, "2019-03-31": "-29.45500", "2018-12-31": -18.159, "2018-09-30": -20.164, "2018-06-30": 1.372, "2018-03-31": "66.84900", "2017-12-31": -30.966, "2017-09-30": -7.765, "2017-06-30": -4.665, "2017-03-31": "7.17000", "2016-12-31": -5.699, "2016-09-30": -31.474, "2016-06-30": 206.33, "2016-03-31": "8.41300", "2015-12-31": -3.554, "2015-09-30": -1.181, "2015-06-30": -12.276, "2015-03-31": "17.72000", "2014-12-31": 69.324, "2014-09-30": -12.712, "2014-06-30": 11.599, "2014-03-31": "14.16600", "2013-12-31": -0.001, "2013-09-30": -10.012, "2013-06-30": 8.926, "2013-03-31": "12.18400", "2012-12-31": -0.084, "2012-09-30": -10.881, "2012-06-30": 92.99, "2012-03-31": "-8.38200", "2011-12-31": -1.5, "2011-09-30": -11.443, "2011-06-30": -6.966, "2011-03-31": "-25.08700", "2010-12-31": 13.058, "2010-09-30": -5.714, "2010-06-30": -14.745, "2010-03-31": "", "2009-12-31": -15.668, "2009-09-30": 0, "2009-06-30": -14.52, "2009-03-31": "", "2008-12-31": -32.711, "2008-09-30": 19.604, "2008-06-30": -19.604, "2008-03-31": "", "2007-12-31": -16.733, "2007-09-30": 20, "2007-06-30": -10.155, "2007-03-31": "40.00000", "2006-12-31": 23.389, "2006-09-30": 5, "2006-06-30": -15, "2006-03-31": "", "2005-12-31": -12.074, "2005-09-30": 0, "2005-06-30": -5, "2005-03-31": "30.00000"}, "Net Current Debt": {"2020-09-30": 0, "2020-06-30": 0, "2020-03-31": "", "2019-12-31": 0, "2019-09-30": 0, "2019-06-30": 0, "2019-03-31": "", "2018-12-31": 0, "2018-09-30": 0, "2018-06-30": 0, "2018-03-31": "", "2017-12-31": 0, "2017-09-30": 0, "2017-06-30": 0, "2017-03-31": "", "2016-12-31": 0, "2016-09-30": 0, "2016-06-30": 0, "2016-03-31": "", "2015-12-31": 0, "2015-09-30": 0, "2015-06-30": 0, "2015-03-31": "", "2014-12-31": 0, "2014-09-30": 0, "2014-06-30": 0, "2014-03-31": "", "2013-12-31": 0, "2013-09-30": 0, "2013-06-30": 0, "2013-03-31": "", "2012-12-31": 0, "2012-09-30": 0, "2012-06-30": 0, "2012-03-31": "", "2011-12-31": 0, "2011-09-30": 0, "2011-06-30": 0, "2011-03-31": "", "2010-12-31": 0, "2010-09-30": 0, "2010-06-30": 0, "2010-03-31": "", "2009-12-31": 0, "2009-09-30": 0, "2009-06-30": 0, "2009-03-31": "", "2008-12-31": 0, "2008-09-30": 0, "2008-06-30": 0, "2008-03-31": "", "2007-12-31": 0, "2007-09-30": 0, "2007-06-30": 0, "2007-03-31": "", "2006-12-31": 0, "2006-09-30": 0, "2006-06-30": 0, "2006-03-31": "", "2005-12-31": 0, "2005-09-30": 0, "2005-06-30": 0, "2005-03-31": ""}, "Debt Issuance/Retirement Net - Total": {"2020-09-30": -72.5, "2020-06-30": -7.5, "2020-03-31": "60.00000", "2019-12-31": -5, "2019-09-30": -42, "2019-06-30": 7, "2019-03-31": "-29.45500", "2018-12-31": -18.159, "2018-09-30": -20.164, "2018-06-30": 1.372, "2018-03-31": "66.84900", "2017-12-31": -30.966, "2017-09-30": -7.765, "2017-06-30": -4.665, "2017-03-31": "7.17000", "2016-12-31": -5.699, "2016-09-30": -31.474, "2016-06-30": 206.33, "2016-03-31": "8.41300", "2015-12-31": -3.554, "2015-09-30": -1.181, "2015-06-30": -12.276, "2015-03-31": "17.72000", "2014-12-31": 69.324, "2014-09-30": -12.712, "2014-06-30": 11.599, "2014-03-31": "14.16600", "2013-12-31": -0.001, "2013-09-30": -10.012, "2013-06-30": 8.926, "2013-03-31": "12.18400", "2012-12-31": -0.084, "2012-09-30": -10.881, "2012-06-30": 92.99, "2012-03-31": "-8.38200", "2011-12-31": -1.5, "2011-09-30": -11.443, "2011-06-30": -6.966, "2011-03-31": "-25.08700", "2010-12-31": 13.058, "2010-09-30": -5.714, "2010-06-30": -14.745, "2010-03-31": "", "2009-12-31": -15.668, "2009-09-30": 0, "2009-06-30": -14.52, "2009-03-31": "", "2008-12-31": -32.711, "2008-09-30": 19.604, "2008-06-30": -19.604, "2008-03-31": "", "2007-12-31": -16.733, "2007-09-30": 20, "2007-06-30": -10.155, "2007-03-31": "40.00000", "2006-12-31": 23.389, "2006-09-30": 5, "2006-06-30": -15, "2006-03-31": "", "2005-12-31": -12.074, "2005-09-30": 0, "2005-06-30": -5, "2005-03-31": "30.00000"}, "Net Common Equity Issued/Repurchased": {"2020-09-30": -19.049, "2020-06-30": -42.698, "2020-03-31": "-62.29300", "2019-12-31": 0.001, "2019-09-30": -0.018, "2019-06-30": -0.152, "2019-03-31": "-2.98100", "2018-12-31": -19.559, "2018-09-30": -9.357, "2018-06-30": -12.785, "2018-03-31": "-17.08700", "2017-12-31": -15.83, "2017-09-30": -17.118, "2017-06-30": -7.688, "2017-03-31": "-6.65200", "2016-12-31": -197.503, "2016-09-30": -13.879, "2016-06-30": -3.784, "2016-03-31": "-17.73500", "2015-12-31": -55.614, "2015-09-30": -28.264, "2015-06-30": -47.332, "2015-03-31": "-29.56900", "2014-12-31": -19.996, "2014-09-30": -0.49, "2014-06-30": 5.719, "2014-03-31": "-33.37700", "2013-12-31": -33.99, "2013-09-30": -65.249, "2013-06-30": 7.627, "2013-03-31": "-14.88300", "2012-12-31": -19.889, "2012-09-30": -65.654, "2012-06-30": -106.167, "2012-03-31": "-5.19600", "2011-12-31": -12.315, "2011-09-30": -4.343, "2011-06-30": -1.272, "2011-03-31": "-19.50600", "2010-12-31": -1.474, "2010-09-30": -9.836, "2010-06-30": -21.177, "2010-03-31": "-4.84800", "2009-12-31": -2.88, "2009-09-30": -6.679, "2009-06-30": -3.36, "2009-03-31": "-1.99800", "2008-12-31": -2.33, "2008-09-30": -0.374, "2008-06-30": -0.944, "2008-03-31": "1.37800", "2007-12-31": -23.432, "2007-09-30": 1.248, "2007-06-30": 1.71, "2007-03-31": "-44.89500", "2006-12-31": -36.14, "2006-09-30": -22.679, "2006-06-30": -3.709, "2006-03-31": "0.47600", "2005-12-31": -5.217, "2005-09-30": -5.813, "2005-06-30": -4.095, "2005-03-31": "-3.33600"}, "Net Total Equity Issued/Repurchased": {"2020-09-30": -19.049, "2020-06-30": -42.698, "2020-03-31": "-62.29300", "2019-12-31": 0.001, "2019-09-30": -0.018, "2019-06-30": -0.152, "2019-03-31": "-2.98100", "2018-12-31": -19.559, "2018-09-30": -9.357, "2018-06-30": -12.785, "2018-03-31": "-17.08700", "2017-12-31": -15.83, "2017-09-30": -17.118, "2017-06-30": -7.688, "2017-03-31": "-6.65200", "2016-12-31": -197.503, "2016-09-30": -13.879, "2016-06-30": -3.784, "2016-03-31": "-17.73500", "2015-12-31": -55.614, "2015-09-30": -28.264, "2015-06-30": -47.332, "2015-03-31": "-29.56900", "2014-12-31": -19.996, "2014-09-30": -0.49, "2014-06-30": 5.719, "2014-03-31": "-33.37700", "2013-12-31": -33.99, "2013-09-30": -65.249, "2013-06-30": 7.627, "2013-03-31": "-14.88300", "2012-12-31": -19.889, "2012-09-30": -65.654, "2012-06-30": -106.167, "2012-03-31": "-5.19600", "2011-12-31": -12.315, "2011-09-30": -4.343, "2011-06-30": -1.272, "2011-03-31": "-19.50600", "2010-12-31": -1.474, "2010-09-30": -9.836, "2010-06-30": -21.177, "2010-03-31": "-4.84800", "2009-12-31": -2.88, "2009-09-30": -6.679, "2009-06-30": -3.36, "2009-03-31": "-1.99800", "2008-12-31": -2.33, "2008-09-30": -0.374, "2008-06-30": -0.944, "2008-03-31": "1.37800", "2007-12-31": -23.432, "2007-09-30": 1.248, "2007-06-30": 1.71, "2007-03-31": "-44.89500", "2006-12-31": -36.14, "2006-09-30": -22.679, "2006-06-30": -3.709, "2006-03-31": "0.47600", "2005-12-31": -5.217, "2005-09-30": -5.813, "2005-06-30": -4.095, "2005-03-31": "-3.33600"}, "Total Common And Preferred Stock Dividends Paid": {"2020-09-30": -19.245, "2020-06-30": -19.356, "2020-03-31": "-20.68600", "2019-12-31": -20.553, "2019-09-30": -20.552, "2019-06-30": -20.553, "2019-03-31": "-20.53100", "2018-12-31": -20.186, "2018-09-30": -20.304, "2018-06-30": -20.29, "2018-03-31": "-19.80100", "2017-12-31": -18.993, "2017-09-30": -19.023, "2017-06-30": -19.055, "2017-03-31": "-18.98700", "2016-12-31": -18.853, "2016-09-30": -19.887, "2016-06-30": -19.858, "2016-03-31": "-19.84000", "2015-12-31": -19.805, "2015-09-30": -20.203, "2015-06-30": -20.485, "2015-03-31": "-20.69400", "2014-12-31": -20.407, "2014-09-30": -20.453, "2014-06-30": -20.37, "2014-03-31": "-20.14100", "2013-12-31": -17.623, "2013-09-30": -17.751, "2013-06-30": -17.626, "2013-03-31": "-17.51400", "2012-12-31": -11.748, "2012-09-30": -11.885, "2012-06-30": -12.283, "2012-03-31": "-12.45800", "2011-12-31": -9.967, "2011-09-30": -9.957, "2011-06-30": -8.364, "2011-03-31": "-8.35000", "2010-12-31": -7.777, "2010-09-30": -7.737, "2010-06-30": -7.886, "2010-03-31": "-7.78900", "2009-12-31": -7.236, "2009-09-30": -7.238, "2009-06-30": -7.246, "2009-03-31": "-7.28600", "2008-12-31": 12.629, "2008-09-30": -26.602, "2008-06-30": -6.991, "2008-03-31": "-6.97600", "2007-12-31": -6.675, "2007-09-30": -6.782, "2007-06-30": -6.779, "2007-03-31": "-6.90900", "2006-12-31": -6.772, "2006-09-30": -6.964, "2006-06-30": -7.036, "2006-03-31": "-7.01900", "2005-12-31": -6.476, "2005-09-30": -6.342, "2005-06-30": -6.309, "2005-03-31": "-6.28100"}, "Financial Activities - Other": {"2020-09-30": 0, "2020-06-30": 0, "2020-03-31": "", "2019-12-31": 0, "2019-09-30": 0, "2019-06-30": 0, "2019-03-31": "", "2018-12-31": 0, "2018-09-30": 0, "2018-06-30": -7.243, "2018-03-31": "", "2017-12-31": 0, "2017-09-30": 0, "2017-06-30": 0, "2017-03-31": "", "2016-12-31": 1.465, "2016-09-30": 0.666, "2016-06-30": -6.478, "2016-03-31": "3.40200", "2015-12-31": 0.606, "2015-09-30": 1.536, "2015-06-30": 0.593, "2015-03-31": "2.60200", "2014-12-31": -3.575, "2014-09-30": 0.37, "2014-06-30": 3.657, "2014-03-31": "5.61000", "2013-12-31": 28.5, "2013-09-30": 9.378, "2013-06-30": 5.064, "2013-03-31": "2.24500", "2012-12-31": 0.905, "2012-09-30": 0.529, "2012-06-30": 1.581, "2012-03-31": "4.73500", "2011-12-31": 1.761, "2011-09-30": 5.551, "2011-06-30": 3.218, "2011-03-31": "1.52900", "2010-12-31": 1.384, "2010-09-30": 0.696, "2010-06-30": 2.427, "2010-03-31": "2.40100", "2009-12-31": 1.049, "2009-09-30": 0.032, "2009-06-30": 0.02, "2009-03-31": "", "2008-12-31": 0.006, "2008-09-30": 0.068, "2008-06-30": 0.042, "2008-03-31": "0.11100", "2007-12-31": 1.542, "2007-09-30": 0, "2007-06-30": 0.041, "2007-03-31": "0.18700", "2006-12-31": 0.889, "2006-09-30": 0.481, "2006-06-30": 0.28, "2006-03-31": "0.18600", "2005-12-31": 0, "2005-09-30": 0, "2005-06-30": 0, "2005-03-31": ""}, "Cash Flow From Financial Activities": {"2020-09-30": -110.794, "2020-06-30": -69.554, "2020-03-31": "-22.97900", "2019-12-31": -25.552, "2019-09-30": -62.57, "2019-06-30": -13.705, "2019-03-31": "-52.96700", "2018-12-31": -57.904, "2018-09-30": -49.825, "2018-06-30": -38.946, "2018-03-31": "29.96100", "2017-12-31": -65.789, "2017-09-30": -43.906, "2017-06-30": -31.408, "2017-03-31": "-18.46900", "2016-12-31": -220.59, "2016-09-30": -64.574, "2016-06-30": 176.21, "2016-03-31": "-25.76000", "2015-12-31": -78.367, "2015-09-30": -48.112, "2015-06-30": -79.5, "2015-03-31": "-29.94100", "2014-12-31": 25.346, "2014-09-30": -33.285, "2014-06-30": 0.605, "2014-03-31": "-33.74200", "2013-12-31": -23.114, "2013-09-30": -83.634, "2013-06-30": 3.991, "2013-03-31": "-17.96800", "2012-12-31": -30.816, "2012-09-30": -87.891, "2012-06-30": -23.879, "2012-03-31": "-21.30100", "2011-12-31": -22.021, "2011-09-30": -20.192, "2011-06-30": -13.384, "2011-03-31": "-51.41400", "2010-12-31": 5.191, "2010-09-30": -22.591, "2010-06-30": -41.381, "2010-03-31": "-10.23600", "2009-12-31": -24.735, "2009-09-30": -13.885, "2009-06-30": -25.106, "2009-03-31": "-9.28400", "2008-12-31": -22.406, "2008-09-30": -7.304, "2008-06-30": -27.497, "2008-03-31": "-5.48700", "2007-12-31": -45.298, "2007-09-30": 14.466, "2007-06-30": -15.183, "2007-03-31": "-11.61700", "2006-12-31": -18.634, "2006-09-30": -24.162, "2006-06-30": -25.465, "2006-03-31": "-6.35700", "2005-12-31": -23.767, "2005-09-30": -12.155, "2005-06-30": -15.404, "2005-03-31": "20.38300"}, "Net Cash Flow": {"2020-09-30": -8.802, "2020-06-30": 22.934, "2020-03-31": "16.94800", "2019-12-31": 15.596, "2019-09-30": -40.598, "2019-06-30": 50.344, "2019-03-31": "-76.62300", "2018-12-31": -3.155, "2018-09-30": -11.965, "2018-06-30": -19.453, "2018-03-31": "-4.91500", "2017-12-31": 62.63, "2017-09-30": 18.667, "2017-06-30": 9.524, "2017-03-31": "-21.66800", "2016-12-31": -159.748, "2016-09-30": -27.854, "2016-06-30": 294.761, "2016-03-31": "-39.26700", "2015-12-31": -16.454, "2015-09-30": 13.394, "2015-06-30": -12.298, "2015-03-31": "16.29700", "2014-12-31": 93.471, "2014-09-30": -24.557, "2014-06-30": -65.079, "2014-03-31": "-240.57300", "2013-12-31": -28.346, "2013-09-30": 150.821, "2013-06-30": 76.958, "2013-03-31": "5.69500", "2012-12-31": -1.904, "2012-09-30": -49.872, "2012-06-30": 95.595, "2012-03-31": "3.23200", "2011-12-31": 30.94, "2011-09-30": 8.631, "2011-06-30": 17.462, "2011-03-31": "-14.39600", "2010-12-31": 32.71, "2010-09-30": 24.953, "2010-06-30": -7.462, "2010-03-31": "22.09100", "2009-12-31": -2.594, "2009-09-30": 35.337, "2009-06-30": 8.268, "2009-03-31": "2.44800", "2008-12-31": 13.31, "2008-09-30": 8.718, "2008-06-30": -4.979, "2008-03-31": "10.21000", "2007-12-31": -30.697, "2007-09-30": 19.013, "2007-06-30": -1.795, "2007-03-31": "-20.54700", "2006-12-31": 3.066, "2006-09-30": -3.266, "2006-06-30": -8.22, "2006-03-31": "-25.63600", "2005-12-31": 2.595, "2005-09-30": 1.177, "2005-06-30": 0.835, "2005-03-31": "40.93700"}, "Stock-Based Compensation": {"2020-09-30": 7.115, "2020-06-30": 4.869, "2020-03-31": "3.45500", "2019-12-31": 0.26, "2019-09-30": 1.015, "2019-06-30": 3.593, "2019-03-31": "5.04100", "2018-12-31": 6.298, "2018-09-30": 7.044, "2018-06-30": 6.506, "2018-03-31": "6.76100", "2017-12-31": 4.821, "2017-09-30": 6.912, "2017-06-30": 3.652, "2017-03-31": "3.92900", "2016-12-31": 3.727, "2016-09-30": -2.423, "2016-06-30": 5.139, "2016-03-31": "2.44700", "2015-12-31": 2.956, "2015-09-30": -2.98, "2015-06-30": 3.865, "2015-03-31": "3.55900", "2014-12-31": 1.184, "2014-09-30": 2.594, "2014-06-30": 5.044, "2014-03-31": "8.68200", "2013-12-31": 9.616, "2013-09-30": 11.593, "2013-06-30": 5.699, "2013-03-31": "5.71200", "2012-12-31": 5.102, "2012-09-30": 5.125, "2012-06-30": 6.854, "2012-03-31": "4.27700", "2011-12-31": 3.94, "2011-09-30": 3.748, "2011-06-30": 4.071, "2011-03-31": "3.69100", "2010-12-31": 3.096, "2010-09-30": 3.344, "2010-06-30": 2.363, "2010-03-31": "2.03200", "2009-12-31": 3.589, "2009-09-30": 2.361, "2009-06-30": 1.932, "2009-03-31": "2.10700", "2008-12-31": 1.365, "2008-09-30": 2.045, "2008-06-30": 1.915, "2008-03-31": "1.94800", "2007-12-31": 1.92, "2007-09-30": 2.02, "2007-06-30": 1.807, "2007-03-31": "2.38200", "2006-12-31": 9.301, "2006-09-30": 0, "2006-06-30": 0, "2006-03-31": "", "2005-12-31": 0, "2005-09-30": 0, "2005-06-30": 0, "2005-03-31": ""}, "Common Stock Dividends Paid": {"2020-09-30": -19.245, "2020-06-30": -19.356, "2020-03-31": "-20.68600", "2019-12-31": -20.553, "2019-09-30": -20.552, "2019-06-30": -20.553, "2019-03-31": "-20.53100", "2018-12-31": -20.186, "2018-09-30": -20.304, "2018-06-30": -20.29, "2018-03-31": "-19.80100", "2017-12-31": -18.993, "2017-09-30": -19.023, "2017-06-30": -19.055, "2017-03-31": "-18.98700", "2016-12-31": -18.853, "2016-09-30": -19.887, "2016-06-30": -19.858, "2016-03-31": "-19.84000", "2015-12-31": -19.805, "2015-09-30": -20.203, "2015-06-30": -20.485, "2015-03-31": "-20.69400", "2014-12-31": -20.407, "2014-09-30": -20.453, "2014-06-30": -20.37, "2014-03-31": "-20.14100", "2013-12-31": -17.623, "2013-09-30": -17.751, "2013-06-30": -17.626, "2013-03-31": "-17.51400", "2012-12-31": -11.748, "2012-09-30": -11.885, "2012-06-30": -12.283, "2012-03-31": "-12.45800", "2011-12-31": -9.967, "2011-09-30": -9.957, "2011-06-30": -8.364, "2011-03-31": "-8.35000", "2010-12-31": -7.777, "2010-09-30": -7.737, "2010-06-30": -7.886, "2010-03-31": "-7.78900", "2009-12-31": -7.236, "2009-09-30": -7.238, "2009-06-30": -7.246, "2009-03-31": "-7.28600", "2008-12-31": 12.629, "2008-09-30": -26.602, "2008-06-30": -6.991, "2008-03-31": "-6.97600", "2007-12-31": -6.675, "2007-09-30": -6.782, "2007-06-30": -6.779, "2007-03-31": "-6.90900", "2006-12-31": -6.772, "2006-09-30": -6.964, "2006-06-30": -7.036, "2006-03-31": "-7.01900", "2005-12-31": -6.476, "2005-09-30": -6.342, "2005-06-30": -6.309, "2005-03-31": "-6.28100"}}, "financial ratios": {"Current Ratio": {"2019-12-31": "2.07470", "2018-12-31": "1.81790", "2017-12-31": "1.73860", "2016-12-31": "1.79030", "2015-12-31": "1.73310", "2014-12-31": "1.99520", "2013-12-31": "1.43970", "2012-12-31": "1.83880", "2011-12-31": "2.19800", "2010-12-31": "1.95210", "2009-12-31": "1.82460", "2008-12-31": "1.74560", "2007-12-31": "1.55600", "2006-12-31": "1.65310", "2005-12-31": "1.93740"}, "Long-term Debt / Capital": {"2019-12-31": "0.27650", "2018-12-31": "0.31590", "2017-12-31": "0.30610", "2016-12-31": "0.33480", "2015-12-31": "0.18040", "2014-12-31": "0.14870", "2013-12-31": "0.11710", "2012-12-31": "0.20780", "2011-12-31": "0.15820", "2010-12-31": "0.22010", "2009-12-31": "0.24380", "2008-12-31": "0.33430", "2007-12-31": "0.38090", "2006-12-31": "0.29920", "2005-12-31": "0.25830"}, "Debt/Equity Ratio": {"2019-12-31": "0.41350", "2018-12-31": "0.55060", "2017-12-31": "0.55160", "2016-12-31": "0.62780", "2015-12-31": "0.30230", "2014-12-31": "0.26240", "2013-12-31": "0.21160", "2012-12-31": "0.32840", "2011-12-31": "0.23780", "2010-12-31": "0.34140", "2009-12-31": "0.41660", "2008-12-31": "0.59760", "2007-12-31": "0.72970", "2006-12-31": "0.51050", "2005-12-31": "0.42370"}, "Gross Margin": {"2019-12-31": "75.97850", "2018-12-31": "76.32930", "2017-12-31": "77.97030", "2016-12-31": "77.33230", "2015-12-31": "78.21540", "2014-12-31": "81.38020", "2013-12-31": "84.07770", "2012-12-31": "83.43760", "2011-12-31": "81.23830", "2010-12-31": "82.27810", "2009-12-31": "81.69520", "2008-12-31": "81.67770", "2007-12-31": "81.92200", "2006-12-31": "82.49940", "2005-12-31": "82.54230"}, "Operating Margin": {"2019-12-31": "11.04880", "2018-12-31": "8.99060", "2017-12-31": "12.04350", "2016-12-31": "10.46760", "2015-12-31": "10.88990", "2014-12-31": "13.70650", "2013-12-31": "17.44290", "2012-12-31": "15.98510", "2011-12-31": "13.59290", "2010-12-31": "14.12010", "2009-12-31": "11.09740", "2008-12-31": "10.05320", "2007-12-31": "6.12550", "2006-12-31": "4.90430", "2005-12-31": "10.42590"}, "EBIT Margin": {"2019-12-31": "11.04880", "2018-12-31": "8.99060", "2017-12-31": "12.04350", "2016-12-31": "10.46760", "2015-12-31": "10.88990", "2014-12-31": "13.70650", "2013-12-31": "17.44290", "2012-12-31": "15.98510", "2011-12-31": "13.59290", "2010-12-31": "14.12010", "2009-12-31": "11.09740", "2008-12-31": "10.05320", "2007-12-31": "6.12550", "2006-12-31": "4.90430", "2005-12-31": "10.42590"}, "EBITDA Margin": {"2019-12-31": "14.21560", "2018-12-31": "12.08890", "2017-12-31": "15.18350", "2016-12-31": "13.74680", "2015-12-31": "14.06590", "2014-12-31": "15.84410", "2013-12-31": "18.54230", "2012-12-31": "17.55210", "2011-12-31": "15.50330", "2010-12-31": "16.04660", "2009-12-31": "13.24290", "2008-12-31": "12.48920", "2007-12-31": "8.97320", "2006-12-31": "7.51610", "2005-12-31": "13.00520"}, "Pre-Tax Profit Margin": {"2019-12-31": "10.54250", "2018-12-31": "8.19950", "2017-12-31": "11.65230", "2016-12-31": "9.64030", "2015-12-31": "9.43280", "2014-12-31": "11.61730", "2013-12-31": "17.53190", "2012-12-31": "16.19140", "2011-12-31": "13.18740", "2010-12-31": "13.50540", "2009-12-31": "10.60240", "2008-12-31": "8.06740", "2007-12-31": "5.91520", "2006-12-31": "4.72260", "2005-12-31": "10.07270"}, "Net Profit Margin": {"2019-12-31": "7.17040", "2018-12-31": "4.54970", "2017-12-31": "5.67930", "2016-12-31": "6.48090", "2015-12-31": "5.92090", "2014-12-31": "7.36240", "2013-12-31": "11.48630", "2012-12-31": "10.39490", "2011-12-31": "8.91670", "2010-12-31": "8.85020", "2009-12-31": "6.74990", "2008-12-31": "5.23760", "2007-12-31": "3.78970", "2006-12-31": "2.94220", "2005-12-31": "6.26900"}, "Asset Turnover": {"2019-12-31": "1.36820", "2018-12-31": "1.58110", "2017-12-31": "1.43350", "2016-12-31": "1.49780", "2015-12-31": "1.49220", "2014-12-31": "1.59160", "2013-12-31": "1.74440", "2012-12-31": "1.89570", "2011-12-31": "1.73530", "2010-12-31": "1.72300", "2009-12-31": "1.77840", "2008-12-31": "1.75780", "2007-12-31": "1.69440", "2006-12-31": "1.67770", "2005-12-31": "1.73960"}, "Inventory Turnover Ratio": {"2019-12-31": "2.10740", "2018-12-31": "2.14370", "2017-12-31": "1.98090", "2016-12-31": "2.00230", "2015-12-31": "1.84540", "2014-12-31": "1.41340", "2013-12-31": "1.48910", "2012-12-31": "2.59910", "2011-12-31": "2.87770", "2010-12-31": "2.37980", "2009-12-31": "2.30590", "2008-12-31": "1.99860", "2007-12-31": "2.07640", "2006-12-31": "2.11970", "2005-12-31": "2.07410"}, "Receiveable Turnover": {"2019-12-31": "48.04510", "2018-12-31": "50.27980", "2017-12-31": "68.65580", "2016-12-31": "70.76500", "2015-12-31": "63.36140", "2014-12-31": "71.70550", "2013-12-31": "46.27280", "2012-12-31": "57.86320", "2011-12-31": "54.39150", "2010-12-31": "59.81320", "2009-12-31": "59.12400", "2008-12-31": "75.63320", "2007-12-31": "49.42230", "2006-12-31": "57.43310", "2005-12-31": "70.78640"}, "Days Sales In Receivables": {"2019-12-31": "7.59700", "2018-12-31": "7.25940", "2017-12-31": "5.31640", "2016-12-31": "5.15790", "2015-12-31": "5.76060", "2014-12-31": "5.09030", "2013-12-31": "7.88800", "2012-12-31": "6.30800", "2011-12-31": "6.71060", "2010-12-31": "6.10230", "2009-12-31": "6.17350", "2008-12-31": "4.82590", "2007-12-31": "7.38530", "2006-12-31": "6.35520", "2005-12-31": "5.15640"}, "ROE - Return On Equity": {"2019-12-31": "19.82810", "2018-12-31": "15.58920", "2017-12-31": "18.37040", "2016-12-31": "21.54680", "2015-12-31": "16.11470", "2014-12-31": "20.07300", "2013-12-31": "42.49710", "2012-12-31": "37.52800", "2011-12-31": "26.70160", "2010-12-31": "28.87030", "2009-12-31": "23.91490", "2008-12-31": "20.66770", "2007-12-31": "15.95290", "2006-12-31": "10.28810", "2005-12-31": "20.87620"}, "Return On Tangible Equity": {"2019-12-31": "29.00310", "2018-12-31": "24.60850", "2017-12-31": "24.79660", "2016-12-31": "29.46810", "2015-12-31": "20.59010", "2014-12-31": "25.05880", "2013-12-31": "55.03550", "2012-12-31": "57.47340", "2011-12-31": "40.51450", "2010-12-31": "48.49730", "2009-12-31": "49.56340", "2008-12-31": "56.40850", "2007-12-31": "57.42410", "2006-12-31": "28.49070", "2005-12-31": "49.01390"}, "ROA - Return On Assets": {"2019-12-31": "9.81080", "2018-12-31": "7.19330", "2017-12-31": "8.14130", "2016-12-31": "9.70700", "2015-12-31": "8.83530", "2014-12-31": "11.71780", "2013-12-31": "20.03710", "2012-12-31": "19.70520", "2011-12-31": "15.47290", "2010-12-31": "15.24850", "2009-12-31": "12.00420", "2008-12-31": "9.20680", "2007-12-31": "6.42110", "2006-12-31": "4.93600", "2005-12-31": "10.90540"}, "ROI - Return On Investment": {"2019-12-31": "14.34620", "2018-12-31": "10.66500", "2017-12-31": "12.74760", "2016-12-31": "14.33390", "2015-12-31": "13.20730", "2014-12-31": "17.08900", "2013-12-31": "37.52170", "2012-12-31": "29.72810", "2011-12-31": "22.47650", "2010-12-31": "22.51520", "2009-12-31": "18.08450", "2008-12-31": "13.75900", "2007-12-31": "9.87580", "2006-12-31": "7.21010", "2005-12-31": "15.48450"}, "Book Value Per Share": {"2019-12-31": "15.74260", "2018-12-31": "14.11310", "2017-12-31": "13.36990", "2016-12-31": "12.60100", "2015-12-31": "14.74320", "2014-12-31": "15.97350", "2013-12-31": "14.55290", "2012-12-31": "10.11320", "2011-12-31": "9.21730", "2010-12-31": "7.58860", "2009-12-31": "5.98230", "2008-12-31": "4.98710", "2007-12-31": "4.33770", "2006-12-31": "4.76800", "2005-12-31": "5.08790"}, "Operating Cash Flow Per Share": {"2019-12-31": -0.4083, "2018-12-31": -1.926, "2017-12-31": 0.6089, "2016-12-31": -0.5473, "2015-12-31": 6.3816, "2014-12-31": -9.5554, "2013-12-31": 3.6938, "2012-12-31": 1.4589, "2011-12-31": 0.5645, "2010-12-31": 0.8276, "2009-12-31": 0.4724, "2008-12-31": 0.869, "2007-12-31": -0.3332, "2006-12-31": -0.524, "2005-12-31": 1.599}, "Free Cash Flow Per Share": {"2019-12-31": -0.3436, "2018-12-31": -2.0753, "2017-12-31": 0.4074, "2016-12-31": -0.4837, "2015-12-31": 7.0894, "2014-12-31": -8.2097, "2013-12-31": 2.215, "2012-12-31": 0.5732, "2011-12-31": 0.7499, "2010-12-31": 0.3088, "2009-12-31": 0.4075, "2008-12-31": 0.9661, "2007-12-31": -0.1738, "2006-12-31": -0.5972, "2005-12-31": 1.1662}}, "financial ratios, quarterly": {"Current Ratio": {"2020-09-30": "1.65600", "2020-06-30": "1.62150", "2020-03-31": "1.73660", "2019-12-31": "2.07470", "2019-09-30": "2.00630", "2019-06-30": "1.90130", "2019-03-31": "1.85970", "2018-12-31": "1.81790", "2018-09-30": "1.92950", "2018-06-30": "1.82310", "2018-03-31": "1.13530", "2017-12-31": "1.73860", "2017-09-30": "1.78460", "2017-06-30": "1.79850", "2017-03-31": "1.78730", "2016-12-31": "1.79030", "2016-09-30": "2.17660", "2016-06-30": "2.05800", "2016-03-31": "1.65640", "2015-12-31": "1.73310", "2015-09-30": "1.88990", "2015-06-30": "1.91970", "2015-03-31": "2.00880", "2014-12-31": "1.99520", "2014-09-30": "1.78910", "2014-06-30": "1.63120", "2014-03-31": "1.59030", "2013-12-31": "1.43970", "2013-09-30": "1.43030", "2013-06-30": "1.61690", "2013-03-31": "1.72330", "2012-12-31": "1.83880", "2012-09-30": "2.01280", "2012-06-30": "2.15610", "2012-03-31": "2.30810", "2011-12-31": "2.19800", "2011-09-30": "2.43120", "2011-06-30": "2.38090", "2011-03-31": "2.19120", "2010-12-31": "1.95210", "2010-09-30": "1.88680", "2010-06-30": "1.90900", "2010-03-31": "1.82780", "2009-12-31": "1.82460", "2009-09-30": "1.84130", "2009-06-30": "1.81030", "2009-03-31": "1.81970", "2008-12-31": "1.74560", "2008-09-30": "1.83070", "2008-06-30": "1.69120", "2008-03-31": "1.69230", "2007-12-31": "1.55600", "2007-09-30": "1.72200", "2007-06-30": "1.62760", "2007-03-31": "1.69050", "2006-12-31": "1.65310", "2006-09-30": "1.64140", "2006-06-30": "1.85500", "2006-03-31": "1.94810", "2005-12-31": "1.93740", "2005-09-30": "2.08270", "2005-06-30": "1.91320", "2005-03-31": "1.96040"}, "Long-term Debt / Capital": {"2020-09-30": "0.27420", "2020-06-30": "0.28770", "2020-03-31": "0.29010", "2019-12-31": "0.27650", "2019-09-30": "0.28780", "2019-06-30": "0.29480", "2019-03-31": "0.30520", "2018-12-31": "0.31590", "2018-09-30": "0.30530", "2018-06-30": "0.31560", "2018-03-31": "0.11840", "2017-12-31": "0.30610", "2017-09-30": "0.30610", "2017-06-30": "0.31660", "2017-03-31": "0.32360", "2016-12-31": "0.33480", "2016-09-30": "0.29430", "2016-06-30": "0.30370", "2016-03-31": "0.17360", "2015-12-31": "0.18040", "2015-09-30": "0.17790", "2015-06-30": "0.16390", "2015-03-31": "0.16400", "2014-12-31": "0.14870", "2014-09-30": "0.09250", "2014-06-30": "0.11120", "2014-03-31": "0.11150", "2013-12-31": "0.11710", "2013-09-30": "0.13970", "2013-06-30": "0.15680", "2013-03-31": "0.18370", "2012-12-31": "0.20780", "2012-09-30": "0.24930", "2012-06-30": "0.25160", "2012-03-31": "0.13390", "2011-12-31": "0.15820", "2011-09-30": "0.16840", "2011-06-30": "0.18880", "2011-03-31": "0.20890", "2010-12-31": "0.22010", "2010-09-30": "0.19930", "2010-06-30": "0.21920", "2010-03-31": "0.22380", "2009-12-31": "0.24380", "2009-09-30": "0.28410", "2009-06-30": "0.29350", "2009-03-31": "0.32050", "2008-12-31": "0.33430", "2008-09-30": "0.34030", "2008-06-30": "0.34770", "2008-03-31": "0.38650", "2007-12-31": "0.38090", "2007-09-30": "0.38080", "2007-06-30": "0.35500", "2007-03-31": "0.38880", "2006-12-31": "0.29920", "2006-09-30": "0.24550", "2006-06-30": "0.24270", "2006-03-31": "0.26670", "2005-12-31": "0.25830", "2005-09-30": "0.28210", "2005-06-30": "0.29440", "2005-03-31": "0.33470"}, "Debt/Equity Ratio": {"2020-09-30": "0.41410", "2020-06-30": "0.52390", "2020-03-31": "0.52740", "2019-12-31": "0.41350", "2019-09-30": "0.43360", "2019-06-30": "0.48920", "2019-03-31": "0.49460", "2018-12-31": "0.55060", "2018-09-30": "0.53860", "2018-06-30": "0.58240", "2018-03-31": "0.58810", "2017-12-31": "0.55160", "2017-09-30": "0.58290", "2017-06-30": "0.60690", "2017-03-31": "0.62320", "2016-12-31": "0.62780", "2016-09-30": "0.50280", "2016-06-30": "0.55280", "2016-03-31": "0.32830", "2015-12-31": "0.30230", "2015-09-30": "0.29400", "2015-06-30": "0.27900", "2015-03-31": "0.28690", "2014-12-31": "0.26240", "2014-09-30": "0.20090", "2014-06-30": "0.23710", "2014-03-31": "0.22600", "2013-12-31": "0.21160", "2013-09-30": "0.25480", "2013-06-30": "0.28630", "2013-03-31": "0.31670", "2012-12-31": "0.32840", "2012-09-30": "0.38460", "2012-06-30": "0.38570", "2012-03-31": "0.19900", "2011-12-31": "0.23780", "2011-09-30": "0.25540", "2011-06-30": "0.28780", "2011-03-31": "0.32300", "2010-12-31": "0.34140", "2010-09-30": "0.33730", "2010-06-30": "0.36200", "2010-03-31": "0.39260", "2009-12-31": "0.41660", "2009-09-30": "0.50000", "2009-06-30": "0.50220", "2009-03-31": "0.56050", "2008-12-31": "0.59760", "2008-09-30": "0.60430", "2008-06-30": "0.62440", "2008-03-31": "0.74740", "2007-12-31": "0.72970", "2007-09-30": "0.72250", "2007-06-30": "0.65790", "2007-03-31": "0.73250", "2006-12-31": "0.51050", "2006-09-30": "0.42070", "2006-06-30": "0.39890", "2006-03-31": "0.44260", "2005-12-31": "0.42370", "2005-09-30": "0.47010", "2005-06-30": "0.49880", "2005-03-31": "0.55990"}, "Gross Margin": {"2020-09-30": "73.92840", "2020-06-30": "74.83370", "2020-03-31": "75.71690", "2019-12-31": "75.90400", "2019-09-30": "76.24110", "2019-06-30": "75.29620", "2019-03-31": "76.48200", "2018-12-31": "76.31260", "2018-09-30": "76.68380", "2018-06-30": "76.06480", "2018-03-31": "76.26150", "2017-12-31": "77.71560", "2017-09-30": "78.56440", "2017-06-30": "77.90930", "2017-03-31": "77.70660", "2016-12-31": "79.57570", "2016-09-30": "79.16740", "2016-06-30": "78.64940", "2016-03-31": "70.78000", "2015-12-31": "78.77710", "2015-09-30": "73.26220", "2015-06-30": "80.31750", "2015-03-31": "80.66470", "2014-12-31": "82.52890", "2014-09-30": "82.89370", "2014-06-30": "75.99950", "2014-03-31": "84.10820", "2013-12-31": "84.40290", "2013-09-30": "84.60680", "2013-06-30": "83.42490", "2013-03-31": "83.36520", "2012-12-31": "82.74550", "2012-09-30": "83.50990", "2012-06-30": "83.88770", "2012-03-31": "83.60270", "2011-12-31": "82.97500", "2011-09-30": "83.51350", "2011-06-30": "83.23190", "2011-03-31": "74.57240", "2010-12-31": "82.32740", "2010-09-30": "82.07420", "2010-06-30": "82.50680", "2010-03-31": "82.19480", "2009-12-31": "82.25200", "2009-09-30": "81.41830", "2009-06-30": "81.20160", "2009-03-31": "81.83450", "2008-12-31": "81.68510", "2008-09-30": "81.65540", "2008-06-30": "81.56150", "2008-03-31": "81.81850", "2007-12-31": "81.94070", "2007-09-30": "82.03060", "2007-06-30": "82.21360", "2007-03-31": "81.47970", "2006-12-31": "82.22790", "2006-09-30": "82.49580", "2006-06-30": "82.94860", "2006-03-31": "82.31850", "2005-12-31": "82.44150", "2005-09-30": "82.27870", "2005-06-30": "82.61000", "2005-03-31": "82.83610"}, "Operating Margin": {"2020-09-30": "10.55350", "2020-06-30": "9.48360", "2020-03-31": "7.05850", "2019-12-31": "9.37310", "2019-09-30": "11.84740", "2019-06-30": "11.90090", "2019-03-31": "11.00870", "2018-12-31": "2.69740", "2018-09-30": "11.94630", "2018-06-30": "11.75310", "2018-03-31": "9.57290", "2017-12-31": "14.87840", "2017-09-30": "11.41780", "2017-06-30": "11.76860", "2017-03-31": "9.26910", "2016-12-31": "11.43980", "2016-09-30": "13.63440", "2016-06-30": "13.28910", "2016-03-31": "1.72710", "2015-12-31": "10.78550", "2015-09-30": "7.44620", "2015-06-30": "12.81680", "2015-03-31": "12.63430", "2014-12-31": "14.97650", "2014-09-30": "16.43020", "2014-06-30": "8.42070", "2014-03-31": "15.08010", "2013-12-31": "17.86300", "2013-09-30": "18.52640", "2013-06-30": "17.06810", "2013-03-31": "15.27030", "2012-12-31": "16.13940", "2012-09-30": "15.65370", "2012-06-30": "16.50480", "2012-03-31": "15.51140", "2011-12-31": "16.04920", "2011-09-30": "15.68870", "2011-06-30": "15.56130", "2011-03-31": "6.29210", "2010-12-31": "14.67750", "2010-09-30": "13.79080", "2010-06-30": "15.23350", "2010-03-31": "12.66520", "2009-12-31": "13.79910", "2009-09-30": "12.24950", "2009-06-30": "10.68030", "2009-03-31": "6.80320", "2008-12-31": "12.22410", "2008-09-30": "9.75030", "2008-06-30": "8.99280", "2008-03-31": "9.19990", "2007-12-31": "4.28590", "2007-09-30": "6.61140", "2007-06-30": "7.31930", "2007-03-31": "6.41390", "2006-12-31": "8.73320", "2006-09-30": "7.60320", "2006-06-30": "8.41500", "2006-03-31": "-5.82060", "2005-12-31": "9.39600", "2005-09-30": "10.31980", "2005-06-30": "11.94490", "2005-03-31": "9.93980"}, "EBIT Margin": {"2020-09-30": "10.55350", "2020-06-30": "9.48360", "2020-03-31": "7.05850", "2019-12-31": "9.37310", "2019-09-30": "11.84740", "2019-06-30": "11.90090", "2019-03-31": "11.00870", "2018-12-31": "2.69740", "2018-09-30": "11.94630", "2018-06-30": "11.75310", "2018-03-31": "9.57290", "2017-12-31": "14.87840", "2017-09-30": "11.41780", "2017-06-30": "11.76860", "2017-03-31": "9.26910", "2016-12-31": "11.43980", "2016-09-30": "13.63440", "2016-06-30": "13.28910", "2016-03-31": "1.72710", "2015-12-31": "10.78550", "2015-09-30": "7.44620", "2015-06-30": "12.81680", "2015-03-31": "12.63430", "2014-12-31": "14.97650", "2014-09-30": "16.43020", "2014-06-30": "8.42070", "2014-03-31": "15.08010", "2013-12-31": "17.86300", "2013-09-30": "18.52640", "2013-06-30": "17.06810", "2013-03-31": "15.27030", "2012-12-31": "16.13940", "2012-09-30": "15.65370", "2012-06-30": "16.50480", "2012-03-31": "15.51140", "2011-12-31": "16.04920", "2011-09-30": "15.68870", "2011-06-30": "15.56130", "2011-03-31": "6.29210", "2010-12-31": "14.67750", "2010-09-30": "13.79080", "2010-06-30": "15.23350", "2010-03-31": "12.66520", "2009-12-31": "13.79910", "2009-09-30": "12.24950", "2009-06-30": "10.68030", "2009-03-31": "6.80320", "2008-12-31": "12.22410", "2008-09-30": "9.75030", "2008-06-30": "8.99280", "2008-03-31": "9.19990", "2007-12-31": "4.28590", "2007-09-30": "6.61140", "2007-06-30": "7.31930", "2007-03-31": "6.41390", "2006-12-31": "8.73320", "2006-09-30": "7.60320", "2006-06-30": "8.41500", "2006-03-31": "-5.82060", "2005-12-31": "9.39600", "2005-09-30": "10.31980", "2005-06-30": "11.94490", "2005-03-31": "9.93980"}, "EBITDA Margin": {"2020-09-30": "", "2020-06-30": "", "2020-03-31": "", "2019-12-31": "", "2019-09-30": "", "2019-06-30": "", "2019-03-31": "", "2018-12-31": "", "2018-09-30": "", "2018-06-30": "", "2018-03-31": "", "2017-12-31": "", "2017-09-30": "", "2017-06-30": "", "2017-03-31": "", "2016-12-31": "", "2016-09-30": "", "2016-06-30": "", "2016-03-31": "", "2015-12-31": "", "2015-09-30": "", "2015-06-30": "", "2015-03-31": "", "2014-12-31": "", "2014-09-30": "", "2014-06-30": "", "2014-03-31": "", "2013-12-31": "", "2013-09-30": "", "2013-06-30": "", "2013-03-31": "", "2012-12-31": "", "2012-09-30": "", "2012-06-30": "", "2012-03-31": "", "2011-12-31": "", "2011-09-30": "", "2011-06-30": "", "2011-03-31": "", "2010-12-31": "", "2010-09-30": "", "2010-06-30": "", "2010-03-31": "", "2009-12-31": "", "2009-09-30": "", "2009-06-30": "", "2009-03-31": "", "2008-12-31": "", "2008-09-30": "", "2008-06-30": "", "2008-03-31": "", "2007-12-31": "", "2007-09-30": "", "2007-06-30": "", "2007-03-31": "", "2006-12-31": "", "2006-09-30": "", "2006-06-30": "", "2006-03-31": "", "2005-12-31": "", "2005-09-30": "", "2005-06-30": "", "2005-03-31": ""}, "Pre-Tax Profit Margin": {"2020-09-30": "10.62820", "2020-06-30": "9.74170", "2020-03-31": "5.86670", "2019-12-31": "9.18440", "2019-09-30": "11.00340", "2019-06-30": "11.36740", "2019-03-31": "10.55210", "2018-12-31": "2.07480", "2018-09-30": "10.91240", "2018-06-30": "10.16760", "2018-03-31": "9.76880", "2017-12-31": "14.81140", "2017-09-30": "11.20990", "2017-06-30": "11.27210", "2017-03-31": "8.35410", "2016-12-31": "11.69450", "2016-09-30": "12.69180", "2016-06-30": "11.44730", "2016-03-31": "1.12030", "2015-12-31": "10.21060", "2015-09-30": "4.92080", "2015-06-30": "12.32450", "2015-03-31": "10.37630", "2014-12-31": "12.33110", "2014-09-30": "16.59820", "2014-06-30": "5.17180", "2014-03-31": "12.47120", "2013-12-31": "18.18490", "2013-09-30": "18.58190", "2013-06-30": "16.89130", "2013-03-31": "15.29100", "2012-12-31": "16.66460", "2012-09-30": "15.88920", "2012-06-30": "15.93690", "2012-03-31": "16.29820", "2011-12-31": "16.14590", "2011-09-30": "14.08300", "2011-06-30": "15.53130", "2011-03-31": "6.18550", "2010-12-31": "14.15360", "2010-09-30": "13.61510", "2010-06-30": "13.35710", "2010-03-31": "12.83380", "2009-12-31": "12.89930", "2009-09-30": "11.40190", "2009-06-30": "10.95380", "2009-03-31": "6.38590", "2008-12-31": "7.56790", "2008-09-30": "7.08520", "2008-06-30": "10.27030", "2008-03-31": "7.24450", "2007-12-31": "3.45470", "2007-09-30": "6.61340", "2007-06-30": "7.63160", "2007-03-31": "6.12370", "2006-12-31": "8.80720", "2006-09-30": "7.68280", "2006-06-30": "7.91980", "2006-03-31": "-6.21720", "2005-12-31": "9.15140", "2005-09-30": "9.75820", "2005-06-30": "11.56660", "2005-03-31": "9.71350"}, "Net Profit Margin": {"2020-09-30": "8.00560", "2020-06-30": "6.83430", "2020-03-31": "3.80870", "2019-12-31": "6.87600", "2019-09-30": "7.47370", "2019-06-30": "7.43370", "2019-03-31": "6.89550", "2018-12-31": "-2.59910", "2018-09-30": "7.86980", "2018-06-30": "7.23680", "2018-03-31": "5.76730", "2017-12-31": "2.73720", "2017-09-30": "7.39260", "2017-06-30": "7.64240", "2017-03-31": "5.50770", "2016-12-31": "7.18670", "2016-09-30": "9.41340", "2016-06-30": "7.44630", "2016-03-31": "0.70280", "2015-12-31": "6.26360", "2015-09-30": "2.84730", "2015-06-30": "7.97150", "2015-03-31": "6.67770", "2014-12-31": "7.62900", "2014-09-30": "10.69320", "2014-06-30": "3.00100", "2014-03-31": "8.17420", "2013-12-31": "11.86520", "2013-09-30": "12.20960", "2013-06-30": "11.08770", "2013-03-31": "10.02800", "2012-12-31": "10.75330", "2012-09-30": "10.29610", "2012-06-30": "10.18260", "2012-03-31": "10.35260", "2011-12-31": "10.51670", "2011-09-30": "10.92350", "2011-06-30": "9.82530", "2011-03-31": "3.86720", "2010-12-31": "9.30410", "2010-09-30": "9.20060", "2010-06-30": "8.34070", "2010-03-31": "8.52460", "2009-12-31": "8.01980", "2009-09-30": "7.65040", "2009-06-30": "6.85570", "2009-03-31": "3.99770", "2008-12-31": "4.56490", "2008-09-30": "5.40180", "2008-06-30": "6.40350", "2008-03-31": "4.52520", "2007-12-31": "1.97170", "2007-09-30": "4.65930", "2007-06-30": "4.80150", "2007-03-31": "3.83720", "2006-12-31": "5.48600", "2006-09-30": "4.78320", "2006-06-30": "4.94980", "2006-03-31": "-3.88590", "2005-12-31": "5.42430", "2005-09-30": "6.10300", "2005-06-30": "7.35640", "2005-03-31": "6.11960"}, "Asset Turnover": {"2020-09-30": "0.38720", "2020-06-30": "0.34120", "2020-03-31": "0.29660", "2019-12-31": "0.32980", "2019-09-30": "0.33960", "2019-06-30": "0.34810", "2019-03-31": "0.35530", "2018-12-31": "0.40330", "2018-09-30": "0.38670", "2018-06-30": "0.40320", "2018-03-31": "0.34720", "2017-12-31": "0.41900", "2017-09-30": "0.36430", "2017-06-30": "0.36500", "2017-03-31": "0.33400", "2016-12-31": "0.36050", "2016-09-30": "0.34490", "2016-06-30": "0.33720", "2016-03-31": "0.31220", "2015-12-31": "0.38000", "2015-09-30": "0.36780", "2015-06-30": "0.34960", "2015-03-31": "0.33690", "2014-12-31": "0.37760", "2014-09-30": "0.40600", "2014-06-30": "0.40540", "2014-03-31": "0.40860", "2013-12-31": "0.57980", "2013-09-30": "0.53790", "2013-06-30": "0.48200", "2013-03-31": "0.44820", "2012-12-31": "0.48970", "2012-09-30": "0.47160", "2012-06-30": "0.52270", "2012-03-31": "0.44920", "2011-12-31": "0.47520", "2011-09-30": "0.47660", "2011-06-30": "0.47780", "2011-03-31": "0.46200", "2010-12-31": "0.44970", "2010-09-30": "0.46790", "2010-06-30": "0.50270", "2010-03-31": "0.47240", "2009-12-31": "0.50510", "2009-09-30": "0.45110", "2009-06-30": "0.45590", "2009-03-31": "0.42370", "2008-12-31": "0.44740", "2008-09-30": "0.45510", "2008-06-30": "0.46620", "2008-03-31": "0.42750", "2007-12-31": "0.44800", "2007-09-30": "0.40410", "2007-06-30": "0.41860", "2007-03-31": "0.39740", "2006-12-31": "0.43490", "2006-09-30": "0.42410", "2006-06-30": "0.43690", "2006-03-31": "0.40460", "2005-12-31": "0.42830", "2005-09-30": "0.43110", "2005-06-30": "0.46300", "2005-03-31": "0.43870"}, "Inventory Turnover Ratio": {"2020-09-30": "0.67840", "2020-06-30": "0.58830", "2020-03-31": "0.48860", "2019-12-31": "0.50950", "2019-09-30": "0.49530", "2019-06-30": "0.52620", "2019-03-31": "0.48200", "2018-12-31": "0.54710", "2018-09-30": "0.54430", "2018-06-30": "0.59400", "2018-03-31": "0.51690", "2017-12-31": "0.58570", "2017-09-30": "0.47860", "2017-06-30": "0.49270", "2017-03-31": "0.44160", "2016-12-31": "0.43420", "2016-09-30": "0.49680", "2016-06-30": "0.49320", "2016-03-31": "0.50080", "2015-12-31": "0.45780", "2015-09-30": "0.58650", "2015-06-30": "0.36150", "2015-03-31": "0.33590", "2014-12-31": "0.31460", "2014-09-30": "0.29610", "2014-06-30": "0.40040", "2014-03-31": "0.25970", "2013-12-31": "0.48480", "2013-09-30": "0.55010", "2013-06-30": "0.62450", "2013-03-31": "0.60400", "2012-12-31": "0.69950", "2012-09-30": "0.63310", "2012-06-30": "0.76670", "2012-03-31": "0.62750", "2011-12-31": "0.71510", "2011-09-30": "0.67010", "2011-06-30": "0.65630", "2011-03-31": "0.89220", "2010-12-31": "0.61940", "2010-09-30": "0.58130", "2010-06-30": "0.59690", "2010-03-31": "0.56640", "2009-12-31": "0.63500", "2009-09-30": "0.56910", "2009-06-30": "0.54180", "2009-03-31": "0.47650", "2008-12-31": "0.50850", "2008-09-30": "0.51700", "2008-06-30": "0.55090", "2008-03-31": "0.53750", "2007-12-31": "0.54840", "2007-09-30": "0.53550", "2007-06-30": "0.53820", "2007-03-31": "0.54180", "2006-12-31": "0.55810", "2006-09-30": "0.47540", "2006-06-30": "0.46380", "2006-03-31": "0.47110", "2005-12-31": "0.51360", "2005-09-30": "0.49550", "2005-06-30": "0.56470", "2005-03-31": "0.54420"}, "Receiveable Turnover": {"2020-09-30": "11.71930", "2020-06-30": "9.51310", "2020-03-31": "11.78060", "2019-12-31": "11.57960", "2019-09-30": "10.47060", "2019-06-30": "10.12650", "2019-03-31": "10.86640", "2018-12-31": "12.82400", "2018-09-30": "11.81130", "2018-06-30": "14.03330", "2018-03-31": "11.40850", "2017-12-31": "20.06870", "2017-09-30": "14.94230", "2017-06-30": "15.71270", "2017-03-31": "17.30700", "2016-12-31": "17.03030", "2016-09-30": "16.78930", "2016-06-30": "18.93880", "2016-03-31": "14.75160", "2015-12-31": "16.13460", "2015-09-30": "16.01110", "2015-06-30": "12.86570", "2015-03-31": "15.55980", "2014-12-31": "17.01200", "2014-09-30": "15.72930", "2014-06-30": "15.58370", "2014-03-31": "11.84700", "2013-12-31": "15.37880", "2013-09-30": "17.98400", "2013-06-30": "11.37020", "2013-03-31": "12.35600", "2012-12-31": "14.94810", "2012-09-30": "12.44140", "2012-06-30": "13.42220", "2012-03-31": "12.12860", "2011-12-31": "14.89490", "2011-09-30": "11.82560", "2011-06-30": "12.90640", "2011-03-31": "12.92680", "2010-12-31": "15.61110", "2010-09-30": "13.16600", "2010-06-30": "14.85130", "2010-03-31": "16.25120", "2009-12-31": "16.79270", "2009-09-30": "15.99400", "2009-06-30": "15.64790", "2009-03-31": "14.93760", "2008-12-31": "19.25180", "2008-09-30": "13.99680", "2008-06-30": "12.46850", "2008-03-31": "12.45250", "2007-12-31": "13.06670", "2007-09-30": "10.83850", "2007-06-30": "11.81090", "2007-03-31": "13.34240", "2006-12-31": "14.88970", "2006-09-30": "14.59440", "2006-06-30": "16.05600", "2006-03-31": "16.09720", "2005-12-31": "17.42680", "2005-09-30": "17.51230", "2005-06-30": "17.92760", "2005-03-31": "16.63890"}, "Days Sales In Receivables": {"2020-09-30": "7.67960", "2020-06-30": "9.46070", "2020-03-31": "7.63970", "2019-12-31": "7.77230", "2019-09-30": "8.59550", "2019-06-30": "8.88760", "2019-03-31": "8.28240", "2018-12-31": "7.01810", "2018-09-30": "7.61980", "2018-06-30": "6.41330", "2018-03-31": "7.88890", "2017-12-31": "4.48460", "2017-09-30": "6.02320", "2017-06-30": "5.72790", "2017-03-31": "5.20020", "2016-12-31": "5.28470", "2016-09-30": "5.36060", "2016-06-30": "4.75210", "2016-03-31": "6.10100", "2015-12-31": "5.57810", "2015-09-30": "5.62110", "2015-06-30": "6.99540", "2015-03-31": "5.78410", "2014-12-31": "5.29040", "2014-09-30": "5.72180", "2014-06-30": "5.77530", "2014-03-31": "7.59690", "2013-12-31": "5.85220", "2013-09-30": "5.00450", "2013-06-30": "7.91550", "2013-03-31": "7.28390", "2012-12-31": "6.02080", "2012-09-30": "7.23390", "2012-06-30": "6.70530", "2012-03-31": "7.42050", "2011-12-31": "6.04240", "2011-09-30": "7.61060", "2011-06-30": "6.97330", "2011-03-31": "6.96230", "2010-12-31": "5.76510", "2010-09-30": "6.83580", "2010-06-30": "6.06010", "2010-03-31": "5.53810", "2009-12-31": "5.35950", "2009-09-30": "5.62710", "2009-06-30": "5.75160", "2009-03-31": "6.02510", "2008-12-31": "4.67490", "2008-09-30": "6.43010", "2008-06-30": "7.21820", "2008-03-31": "7.22740", "2007-12-31": "6.88770", "2007-09-30": "8.30370", "2007-06-30": "7.62010", "2007-03-31": "6.74540", "2006-12-31": "6.04440", "2006-09-30": "6.16670", "2006-06-30": "5.60540", "2006-03-31": "5.59110", "2005-12-31": "5.16450", "2005-09-30": "5.13930", "2005-06-30": "5.02020", "2005-03-31": "5.40900"}, "ROE - Return On Equity": {"2020-09-30": "6.80470", "2020-06-30": "5.28410", "2020-03-31": "2.46470", "2019-12-31": "4.58270", "2019-09-30": "5.21280", "2019-06-30": "5.55110", "2019-03-31": "5.30110", "2018-12-31": "-2.27140", "2018-09-30": "6.38670", "2018-06-30": "6.34210", "2018-03-31": "4.44720", "2017-12-31": "2.58800", "2017-09-30": "5.80780", "2017-06-30": "6.00950", "2017-03-31": "3.99790", "2016-12-31": "5.75010", "2016-09-30": "6.65630", "2016-06-30": "5.38560", "2016-03-31": "0.41380", "2015-12-31": "4.34100", "2015-09-30": "1.89040", "2015-06-30": "4.94060", "2015-03-31": "3.92730", "2014-12-31": "4.93480", "2014-09-30": "7.27140", "2014-06-30": "2.18750", "2014-03-31": "6.26500", "2013-12-31": "14.58980", "2013-09-30": "14.93750", "2013-06-30": "10.75520", "2013-03-31": "8.80200", "2012-12-31": "10.02910", "2012-09-30": "9.84320", "2012-06-30": "10.64870", "2012-03-31": "7.69570", "2011-12-31": "8.62420", "2011-09-30": "8.66420", "2011-06-30": "8.20470", "2011-03-31": "3.27490", "2010-12-31": "7.92150", "2010-09-30": "8.18490", "2010-06-30": "8.02790", "2010-03-31": "7.80550", "2009-12-31": "8.07030", "2009-09-30": "7.30000", "2009-06-30": "6.60980", "2009-03-31": "3.68930", "2008-12-31": "4.58500", "2008-09-30": "5.44550", "2008-06-30": "6.91020", "2008-03-31": "4.74330", "2007-12-31": "2.19450", "2007-09-30": "4.54950", "2007-06-30": "4.76940", "2007-03-31": "3.77840", "2006-12-31": "4.97340", "2006-09-30": "3.96910", "2006-06-30": "4.06970", "2006-03-31": "-3.03910", "2005-12-31": "4.44690", "2005-09-30": "5.03220", "2005-06-30": "6.76670", "2005-03-31": "5.61040"}, "Return On Tangible Equity": {"2020-09-30": "10.11790", "2020-06-30": "8.05950", "2020-03-31": "3.75000", "2019-12-31": "6.70330", "2019-09-30": "7.78900", "2019-06-30": "8.36780", "2019-03-31": "8.14910", "2018-12-31": "-3.58550", "2018-09-30": "9.61480", "2018-06-30": "9.79600", "2018-03-31": "6.95340", "2017-12-31": "3.49330", "2017-09-30": "7.80860", "2017-06-30": "8.01060", "2017-03-31": "5.37990", "2016-12-31": "7.86410", "2016-09-30": "8.43740", "2016-06-30": "6.90150", "2016-03-31": "0.53740", "2015-12-31": "5.54660", "2015-09-30": "2.39500", "2015-06-30": "6.19770", "2015-03-31": "4.91360", "2014-12-31": "6.16040", "2014-09-30": "9.11100", "2014-06-30": "2.78650", "2014-03-31": "8.04620", "2013-12-31": "18.89440", "2013-09-30": "20.38300", "2013-06-30": "15.12920", "2013-03-31": "13.10100", "2012-12-31": "15.35930", "2012-09-30": "15.00620", "2012-06-30": "16.07730", "2012-03-31": "11.15250", "2011-12-31": "13.08550", "2011-09-30": "13.09730", "2011-06-30": "13.01140", "2011-03-31": "5.49360", "2010-12-31": "13.30680", "2010-09-30": "14.74120", "2010-06-30": "15.34290", "2010-03-31": "15.16860", "2009-12-31": "16.72560", "2009-09-30": "16.62870", "2009-06-30": "16.00780", "2009-03-31": "9.59580", "2008-12-31": "12.51400", "2008-09-30": "14.94090", "2008-06-30": "20.33940", "2008-03-31": "15.68470", "2007-12-31": "7.89920", "2007-09-30": "13.91130", "2007-06-30": "15.63190", "2007-03-31": "13.95070", "2006-12-31": "13.77260", "2006-09-30": "10.16910", "2006-06-30": "9.99020", "2006-03-31": "-7.72270", "2005-12-31": "10.44060", "2005-09-30": "12.01850", "2005-06-30": "17.49160", "2005-03-31": "14.67450"}, "ROA - Return On Assets": {"2020-09-30": "3.09940", "2020-06-30": "2.33220", "2020-03-31": "1.12980", "2019-12-31": "2.26750", "2019-09-30": "2.53840", "2019-06-30": "2.58770", "2019-03-31": "2.45010", "2018-12-31": "-1.04810", "2018-09-30": "3.04350", "2018-06-30": "2.91810", "2018-03-31": "2.00260", "2017-12-31": "1.14690", "2017-09-30": "2.69320", "2017-06-30": "2.78940", "2017-03-31": "1.83940", "2016-12-31": "2.59050", "2016-09-30": "3.24650", "2016-06-30": "2.51070", "2016-03-31": "0.21940", "2015-12-31": "2.38010", "2015-09-30": "1.04710", "2015-06-30": "2.78650", "2015-03-31": "2.24990", "2014-12-31": "2.88070", "2014-09-30": "4.34180", "2014-06-30": "1.21640", "2014-03-31": "3.33970", "2013-12-31": "6.87900", "2013-09-30": "6.56800", "2013-06-30": "5.34460", "2013-03-31": "4.49430", "2012-12-31": "5.26610", "2012-09-30": "4.85570", "2012-06-30": "5.32230", "2012-03-31": "4.65040", "2011-12-31": "4.99750", "2011-09-30": "5.20640", "2011-06-30": "4.69500", "2011-03-31": "1.78660", "2010-12-31": "4.18390", "2010-09-30": "4.30510", "2010-06-30": "4.19280", "2010-03-31": "4.02690", "2009-12-31": "4.05090", "2009-09-30": "3.45110", "2009-06-30": "3.12520", "2009-03-31": "1.69390", "2008-12-31": "2.04250", "2008-09-30": "2.45830", "2008-06-30": "2.98550", "2008-03-31": "1.93470", "2007-12-31": "0.88330", "2007-09-30": "1.88260", "2007-06-30": "2.00990", "2007-03-31": "1.52480", "2006-12-31": "2.38610", "2006-09-30": "2.02840", "2006-06-30": "2.16260", "2006-03-31": "-1.57240", "2005-12-31": "2.32300", "2005-09-30": "2.63100", "2005-06-30": "3.40590", "2005-03-31": "2.68490"}, "ROI - Return On Investment": {"2020-09-30": "4.93860", "2020-06-30": "3.76380", "2020-03-31": "1.74960", "2019-12-31": "3.31570", "2019-09-30": "3.71280", "2019-06-30": "3.91480", "2019-03-31": "3.68340", "2018-12-31": "-1.55390", "2018-09-30": "4.43660", "2018-06-30": "4.34060", "2018-03-31": "3.92090", "2017-12-31": "1.79590", "2017-09-30": "4.03000", "2017-06-30": "4.10710", "2017-03-31": "2.70410", "2016-12-31": "3.82530", "2016-09-30": "4.69740", "2016-06-30": "3.75020", "2016-03-31": "0.34190", "2015-12-31": "3.55780", "2015-09-30": "1.55410", "2015-06-30": "4.13080", "2015-03-31": "3.28330", "2014-12-31": "4.20120", "2014-09-30": "6.59860", "2014-06-30": "1.94410", "2014-03-31": "5.56640", "2013-12-31": "12.88170", "2013-09-30": "12.85000", "2013-06-30": "9.06910", "2013-03-31": "7.18510", "2012-12-31": "7.94460", "2012-09-30": "7.38960", "2012-06-30": "7.96950", "2012-03-31": "6.66530", "2011-12-31": "7.25950", "2011-09-30": "7.20530", "2011-06-30": "6.65570", "2011-03-31": "2.59080", "2010-12-31": "6.17780", "2010-09-30": "6.55380", "2010-06-30": "6.26840", "2010-03-31": "6.05870", "2009-12-31": "6.10280", "2009-09-30": "5.22590", "2009-06-30": "4.66990", "2009-03-31": "2.50690", "2008-12-31": "3.05240", "2008-09-30": "3.59240", "2008-06-30": "4.50760", "2008-03-31": "2.91000", "2007-12-31": "1.35850", "2007-09-30": "2.81700", "2007-06-30": "3.07650", "2007-03-31": "2.30940", "2006-12-31": "3.48540", "2006-09-30": "2.99460", "2006-06-30": "3.08200", "2006-03-31": "-2.22850", "2005-12-31": "3.29840", "2005-09-30": "3.61280", "2005-06-30": "4.77460", "2005-03-31": "3.73260"}, "Book Value Per Share": {"2020-09-30": "16.19320", "2020-06-30": "15.37890", "2020-03-31": "15.07530", "2019-12-31": "15.74260", "2019-09-30": "15.21220", "2019-06-30": "15.01710", "2019-03-31": "14.58980", "2018-12-31": "14.11310", "2018-09-30": "14.93960", "2018-06-30": "14.45210", "2018-03-31": "14.34700", "2017-12-31": "13.36990", "2017-09-30": "13.58950", "2017-06-30": "13.19940", "2017-03-31": "12.99780", "2016-12-31": "12.60100", "2016-09-30": "15.31200", "2016-06-30": "14.82570", "2016-03-31": "14.31130", "2015-12-31": "14.74320", "2015-09-30": "14.96550", "2015-06-30": "15.58420", "2015-03-31": "15.71170", "2014-12-31": "15.97350", "2014-09-30": "15.84160", "2014-06-30": "15.03810", "2014-03-31": "14.84000", "2013-12-31": "14.55290", "2013-09-30": "12.69110", "2013-06-30": "11.75020", "2013-03-31": "10.56000", "2012-12-31": "10.11320", "2012-09-30": "9.36040", "2012-06-30": "9.42310", "2012-03-31": "9.92820", "2011-12-31": "9.21730", "2011-09-30": "8.65590", "2011-06-30": "8.18450", "2011-03-31": "7.53930", "2010-12-31": "7.58860", "2010-09-30": "6.95400", "2010-06-30": "6.48700", "2010-03-31": "6.34240", "2009-12-31": "5.98230", "2009-09-30": "5.58670", "2009-06-30": "5.31060", "2009-03-31": "5.07840", "2008-12-31": "4.98710", "2008-09-30": "4.83930", "2008-06-30": "4.68750", "2008-03-31": "4.47140", "2007-12-31": "4.33770", "2007-09-30": "4.59450", "2007-06-30": "4.47640", "2007-03-31": "4.30840", "2006-12-31": "4.76800", "2006-09-30": "4.84050", "2006-06-30": "4.93650", "2006-03-31": "4.84090", "2005-12-31": "5.08790", "2005-09-30": "5.00950", "2005-06-30": "4.80850", "2005-03-31": "4.52160"}, "Operating Cash Flow Per Share": {"2020-09-30": 2.2462, "2020-06-30": 1.9458, "2020-03-31": "1.25270", "2019-12-31": 0.8866, "2019-09-30": 0.9636, "2019-06-30": 1.4771, "2019-03-31": "-0.14580", "2018-12-31": 1.582, "2018-09-30": 1.0921, "2018-06-30": 0.9356, "2018-03-31": "-0.01990", "2017-12-31": 2.6744, "2017-09-30": 1.3091, "2017-06-30": 1.1378, "2017-03-31": "0.39450", "2016-12-31": 1.7017, "2016-09-30": 0.7951, "2016-06-30": 2.4582, "2016-03-31": "-0.04810", "2015-12-31": 1.3296, "2015-09-30": 1.4518, "2015-06-30": 1.4415, "2015-03-31": "1.23130", "2014-12-31": 1.5613, "2014-09-30": 0.536, "2014-06-30": -0.4017, "2014-03-31": "-2.62300", "2013-12-31": 0.7568, "2013-09-30": 4.7813, "2013-06-30": 1.9278, "2013-03-31": "1.16210", "2012-12-31": 1.0791, "2012-09-30": 1.234, "2012-06-30": 2.1357, "2012-03-31": "0.48540", "2011-12-31": 1.5069, "2011-09-30": 0.7099, "2011-06-30": 0.5981, "2011-03-31": "0.66040", "2010-12-31": 0.7519, "2010-09-30": 0.8196, "2010-06-30": 0.7374, "2010-03-31": "0.60190", "2009-12-31": 0.476, "2009-09-30": 0.7908, "2009-06-30": 0.5224, "2009-03-31": "0.29400", "2008-12-31": 0.6174, "2008-09-30": 0.3666, "2008-06-30": 0.4071, "2008-03-31": "0.21970", "2007-12-31": 0.2611, "2007-09-30": 0.2633, "2007-06-30": 0.0948, "2007-03-31": "0.12260", "2006-12-31": 0.3899, "2006-09-30": 0.3782, "2006-06-30": 0.1413, "2006-03-31": "0.16560", "2005-12-31": 0.4525, "2005-09-30": 0.2219, "2005-06-30": 0.5171, "2005-03-31": "0.40750"}, "Free Cash Flow Per Share": {"2020-09-30": 1.8645, "2020-06-30": 1.745, "2020-03-31": "0.90090", "2019-12-31": 0.6515, "2019-09-30": 0.5396, "2019-06-30": 1.2002, "2019-03-31": "-0.39110", "2018-12-31": 1.0819, "2018-09-30": 0.8475, "2018-06-30": 0.6604, "2018-03-31": "-0.24600", "2017-12-31": 2.2883, "2017-09-30": 1.1046, "2017-06-30": 0.9263, "2017-03-31": "0.09990", "2016-12-31": 1.4118, "2016-09-30": 0.6283, "2016-06-30": 2.2137, "2016-03-31": "-0.24210", "2015-12-31": 1.1237, "2015-09-30": 1.2824, "2015-06-30": 1.1599, "2015-03-31": "0.92940", "2014-12-31": 1.2206, "2014-09-30": 0.145, "2014-06-30": -0.8378, "2014-03-31": "-3.12180", "2013-12-31": 0.0705, "2013-09-30": 3.8053, "2013-06-30": 1.2587, "2013-03-31": "0.48120", "2012-12-31": 0.5843, "2012-09-30": 0.6646, "2012-06-30": 1.8913, "2012-03-31": "0.26050", "2011-12-31": 1.2916, "2011-09-30": 0.5335, "2011-06-30": 0.4435, "2011-03-31": "0.55890", "2010-12-31": 0.3665, "2010-09-30": 0.6492, "2010-06-30": 0.5637, "2010-03-31": "0.49820", "2009-12-31": 0.3504, "2009-09-30": 0.7111, "2009-06-30": 0.4635, "2009-03-31": "0.24380", "2008-12-31": 0.5545, "2008-09-30": 0.2841, "2008-06-30": 0.3452, "2008-03-31": "0.17750", "2007-12-31": 0.1729, "2007-09-30": 0.1635, "2007-06-30": 0.0154, "2007-03-31": "0.04340", "2006-12-31": 0.2831, "2006-09-30": 0.2809, "2006-06-30": 0.0337, "2006-03-31": "-0.02870", "2005-12-31": 0.3586, "2005-09-30": 0.1267, "2005-06-30": 0.3974, "2005-03-31": "0.28350"}}, "revenue": {"Nu Skin Enterprises Annual Revenue (Millions of US $)": {"2019": "$2,420", "2018": "$2,679", "2017": "$2,279", "2016": "$2,208", "2015": "$2,247", "2014": "$2,569", "2013": "$3,177", "2012": "$2,132", "2011": "$1,720", "2010": "$1,537", "2009": "$1,331", "2008": "$1,248", "2007": "$1,158", "2006": "$1,115", "2005": "$1,181"}, "Nu Skin Enterprises Quarterly Revenue (Millions of US $)": {"2020-09-30": "$703", "2020-06-30": "$612", "2020-03-31": "$518", "2019-12-31": "$583", "2019-09-30": "$590", "2019-06-30": "$624", "2019-03-31": "$624", "2018-12-31": "$683", "2018-09-30": "$675", "2018-06-30": "$704", "2018-03-31": "$616", "2017-12-31": "$666", "2017-09-30": "$564", "2017-06-30": "$550", "2017-03-31": "$499", "2016-12-31": "$531", "2016-09-30": "$604", "2016-06-30": "$600", "2016-03-31": "$472", "2015-12-31": "$572", "2015-09-30": "$571", "2015-06-30": "$560", "2015-03-31": "$543", "2014-12-31": "$610", "2014-09-30": "$639", "2014-06-30": "$650", "2014-03-31": "$671", "2013-12-31": "$1,056", "2013-09-30": "$908", "2013-06-30": "$671", "2013-03-31": "$541", "2012-12-31": "$551", "2012-09-30": "$526", "2012-06-30": "$593", "2012-03-31": "$462", "2011-12-31": "$471", "2011-09-30": "$428", "2011-06-30": "$424", "2011-03-31": "$396", "2010-12-31": "$401", "2010-09-30": "$384", "2010-06-30": "$388", "2010-03-31": "$364", "2009-12-31": "$378", "2009-09-30": "$334", "2009-06-30": "$323", "2009-03-31": "$296", "2008-12-31": "$318", "2008-09-30": "$310", "2008-06-30": "$322", "2008-03-31": "$298", "2007-12-31": "$306", "2007-09-30": "$291", "2007-06-30": "$287", "2007-03-31": "$274", "2006-12-31": "$289", "2006-09-30": "$276", "2006-06-30": "$284", "2006-03-31": "$266", "2005-12-31": "$291", "2005-09-30": "$291", "2005-06-30": "$310", "2005-03-31": "$289"}}, "gross-profit": {"Nu Skin Enterprises Annual Gross Profit (Millions of US $)": {"2019": "$1,839", "2018": "$2,045", "2017": "$1,777", "2016": "$1,707", "2015": "$1,758", "2014": "$2,091", "2013": "$2,671", "2012": "$1,779", "2011": "$1,397", "2010": "$1,265", "2009": "$1,087", "2008": "$1,019", "2007": "$948", "2006": "$920", "2005": "$975"}, "Nu Skin Enterprises Quarterly Gross Profit (Millions of US $)": {"2020-09-30": "$520", "2020-06-30": "$458", "2020-03-31": "$392", "2019-12-31": "$443", "2019-09-30": "$450", "2019-06-30": "$469", "2019-03-31": "$477", "2018-12-31": "$521", "2018-09-30": "$518", "2018-06-30": "$536", "2018-03-31": "$470", "2017-12-31": "$518", "2017-09-30": "$443", "2017-06-30": "$429", "2017-03-31": "$388", "2016-12-31": "$423", "2016-09-30": "$478", "2016-06-30": "$472", "2016-03-31": "$334", "2015-12-31": "$451", "2015-09-30": "$419", "2015-06-30": "$450", "2015-03-31": "$438", "2014-12-31": "$503", "2014-09-30": "$530", "2014-06-30": "$494", "2014-03-31": "$564", "2013-12-31": "$891", "2013-09-30": "$768", "2013-06-30": "$560", "2013-03-31": "$451", "2012-12-31": "$456", "2012-09-30": "$439", "2012-06-30": "$498", "2012-03-31": "$386", "2011-12-31": "$391", "2011-09-30": "$358", "2011-06-30": "$353", "2011-03-31": "$295", "2010-12-31": "$330", "2010-09-30": "$315", "2010-06-30": "$320", "2010-03-31": "$299", "2009-12-31": "$311", "2009-09-30": "$272", "2009-06-30": "$262", "2009-03-31": "$242", "2008-12-31": "$259", "2008-09-30": "$253", "2008-06-30": "$262", "2008-03-31": "$244", "2007-12-31": "$251", "2007-09-30": "$238", "2007-06-30": "$236", "2007-03-31": "$223", "2006-12-31": "$238", "2006-09-30": "$228", "2006-06-30": "$236", "2006-03-31": "$219", "2005-12-31": "$240", "2005-09-30": "$239", "2005-06-30": "$256", "2005-03-31": "$240"}}, "operating-income": {"Nu Skin Enterprises Annual Operating Income (Millions of US $)": {"2019": "$267", "2018": "$241", "2017": "$274", "2016": "$231", "2015": "$245", "2014": "$352", "2013": "$554", "2012": "$341", "2011": "$234", "2010": "$217", "2009": "$148", "2008": "$125", "2007": "$71", "2006": "$55", "2005": "$123"}, "Nu Skin Enterprises Quarterly Operating Income (Millions of US $)": {"2020-09-30": "$74", "2020-06-30": "$58", "2020-03-31": "$37", "2019-12-31": "$55", "2019-09-30": "$70", "2019-06-30": "$74", "2019-03-31": "$69", "2018-12-31": "$18", "2018-09-30": "$81", "2018-06-30": "$83", "2018-03-31": "$59", "2017-12-31": "$99", "2017-09-30": "$64", "2017-06-30": "$65", "2017-03-31": "$46", "2016-12-31": "$61", "2016-09-30": "$82", "2016-06-30": "$80", "2016-03-31": "$8", "2015-12-31": "$62", "2015-09-30": "$43", "2015-06-30": "$72", "2015-03-31": "$69", "2014-12-31": "$91", "2014-09-30": "$105", "2014-06-30": "$55", "2014-03-31": "$101", "2013-12-31": "$189", "2013-09-30": "$168", "2013-06-30": "$115", "2013-03-31": "$83", "2012-12-31": "$89", "2012-09-30": "$82", "2012-06-30": "$98", "2012-03-31": "$72", "2011-12-31": "$76", "2011-09-30": "$67", "2011-06-30": "$66", "2011-03-31": "$25", "2010-12-31": "$59", "2010-09-30": "$53", "2010-06-30": "$59", "2010-03-31": "$46", "2009-12-31": "$52", "2009-09-30": "$41", "2009-06-30": "$34", "2009-03-31": "$20", "2008-12-31": "$39", "2008-09-30": "$30", "2008-06-30": "$29", "2008-03-31": "$27", "2007-12-31": "$13", "2007-09-30": "$19", "2007-06-30": "$21", "2007-03-31": "$18", "2006-12-31": "$25", "2006-09-30": "$21", "2006-06-30": "$24", "2006-03-31": "$-15", "2005-12-31": "$27", "2005-09-30": "$30", "2005-06-30": "$37", "2005-03-31": "$29"}}, "ebitda": {"Nu Skin Enterprises Annual EBITDA (Millions of US $)": {"2019": "$344", "2018": "$324", "2017": "$346", "2016": "$304", "2015": "$316", "2014": "$407", "2013": "$589", "2012": "$374", "2011": "$267", "2010": "$247", "2009": "$176", "2008": "$156", "2007": "$104", "2006": "$84", "2005": "$154"}, "Nu Skin Enterprises Quarterly EBITDA (Millions of US $)": {"2020-09-30": "$92", "2020-06-30": "$76", "2020-03-31": "$56", "2019-12-31": "$73", "2019-09-30": "$89", "2019-06-30": "$93", "2019-03-31": "$88", "2018-12-31": "$39", "2018-09-30": "$103", "2018-06-30": "$104", "2018-03-31": "$78", "2017-12-31": "$118", "2017-09-30": "$82", "2017-06-30": "$82", "2017-03-31": "$64", "2016-12-31": "$80", "2016-09-30": "$101", "2016-06-30": "$98", "2016-03-31": "$25", "2015-12-31": "$81", "2015-09-30": "$61", "2015-06-30": "$89", "2015-03-31": "$85", "2014-12-31": "$107", "2014-09-30": "$119", "2014-06-30": "$67", "2014-03-31": "$113", "2013-12-31": "$199", "2013-09-30": "$177", "2013-06-30": "$122", "2013-03-31": "$90", "2012-12-31": "$97", "2012-09-30": "$91", "2012-06-30": "$106", "2012-03-31": "$80", "2011-12-31": "$84", "2011-09-30": "$75", "2011-06-30": "$74", "2011-03-31": "$33", "2010-12-31": "$66", "2010-09-30": "$60", "2010-06-30": "$67", "2010-03-31": "$53", "2009-12-31": "$59", "2009-09-30": "$48", "2009-06-30": "$42", "2009-03-31": "$28", "2008-12-31": "$46", "2008-09-30": "$38", "2008-06-30": "$36", "2008-03-31": "$35", "2007-12-31": "$22", "2007-09-30": "$27", "2007-06-30": "$29", "2007-03-31": "$25", "2006-12-31": "$33", "2006-09-30": "$28", "2006-06-30": "$30", "2006-03-31": "$-8", "2005-12-31": "$35", "2005-09-30": "$38", "2005-06-30": "$45", "2005-03-31": "$36"}}, "net-income": {"Nu Skin Enterprises Annual Net Income (Millions of US $)": {"2019": "$174", "2018": "$122", "2017": "$129", "2016": "$143", "2015": "$133", "2014": "$189", "2013": "$365", "2012": "$222", "2011": "$153", "2010": "$136", "2009": "$90", "2008": "$65", "2007": "$44", "2006": "$33", "2005": "$74"}, "Nu Skin Enterprises Quarterly Net Income (Millions of US $)": {"2020-09-30": "$56", "2020-06-30": "$42", "2020-03-31": "$20", "2019-12-31": "$40", "2019-09-30": "$44", "2019-06-30": "$46", "2019-03-31": "$43", "2018-12-31": "$-18", "2018-09-30": "$53", "2018-06-30": "$51", "2018-03-31": "$36", "2017-12-31": "$18", "2017-09-30": "$42", "2017-06-30": "$42", "2017-03-31": "$27", "2016-12-31": "$38", "2016-09-30": "$57", "2016-06-30": "$45", "2016-03-31": "$3", "2015-12-31": "$36", "2015-09-30": "$16", "2015-06-30": "$45", "2015-03-31": "$36", "2014-12-31": "$47", "2014-09-30": "$68", "2014-06-30": "$20", "2014-03-31": "$55", "2013-12-31": "$125", "2013-09-30": "$111", "2013-06-30": "$74", "2013-03-31": "$54", "2012-12-31": "$59", "2012-09-30": "$54", "2012-06-30": "$60", "2012-03-31": "$48", "2011-12-31": "$50", "2011-09-30": "$47", "2011-06-30": "$42", "2011-03-31": "$15", "2010-12-31": "$37", "2010-09-30": "$35", "2010-06-30": "$32", "2010-03-31": "$31", "2009-12-31": "$30", "2009-09-30": "$26", "2009-06-30": "$22", "2009-03-31": "$12", "2008-12-31": "$14", "2008-09-30": "$17", "2008-06-30": "$21", "2008-03-31": "$13", "2007-12-31": "$6", "2007-09-30": "$14", "2007-06-30": "$14", "2007-03-31": "$11", "2006-12-31": "$16", "2006-09-30": "$13", "2006-06-30": "$14", "2006-03-31": "$-10", "2005-12-31": "$16", "2005-09-30": "$18", "2005-06-30": "$23", "2005-03-31": "$18"}}, "eps-earnings-per-share-diluted": {"Nu Skin Enterprises Annual EPS": {"2019": "$3.10", "2018": "$2.16", "2017": "$2.36", "2016": "$2.55", "2015": "$2.25", "2014": "$3.11", "2013": "$5.94", "2012": "$3.52", "2011": "$2.38", "2010": "$2.11", "2009": "$1.40", "2008": "$1.02", "2007": "$0.67", "2006": "$0.47", "2005": "$1.04"}, "Nu Skin Enterprises Quarterly EPS": {"2020-09-30": "$1.08", "2020-06-30": "$0.81", "2020-03-31": "$0.36", "2019-12-31": "$0.71", "2019-09-30": "$0.79", "2019-06-30": "$0.83", "2019-03-31": "$0.77", "2018-12-31": "$-0.32", "2018-09-30": "$0.94", "2018-06-30": "$0.90", "2018-03-31": "$0.64", "2017-12-31": "$0.32", "2017-09-30": "$0.76", "2017-06-30": "$0.77", "2017-03-31": "$0.51", "2016-12-31": "$0.72", "2016-09-30": "$0.98", "2016-06-30": "$0.79", "2016-03-31": "$0.06", "2015-12-31": "$0.62", "2015-09-30": "$0.28", "2015-06-30": "$0.75", "2015-03-31": "$0.60", "2014-12-31": "$0.77", "2014-09-30": "$1.12", "2014-06-30": "$0.32", "2014-03-31": "$0.90", "2013-12-31": "$2.02", "2013-09-30": "$1.80", "2013-06-30": "$1.22", "2013-03-31": "$0.90", "2012-12-31": "$0.97", "2012-09-30": "$0.87", "2012-06-30": "$0.94", "2012-03-31": "$0.74", "2011-12-31": "$0.77", "2011-09-30": "$0.72", "2011-06-30": "$0.65", "2011-03-31": "$0.24", "2010-12-31": "$0.58", "2010-09-30": "$0.55", "2010-06-30": "$0.50", "2010-03-31": "$0.48", "2009-12-31": "$0.46", "2009-09-30": "$0.40", "2009-06-30": "$0.35", "2009-03-31": "$0.19", "2008-12-31": "$0.23", "2008-09-30": "$0.26", "2008-06-30": "$0.32", "2008-03-31": "$0.21", "2007-12-31": "$0.09", "2007-09-30": "$0.21", "2007-06-30": "$0.21", "2007-03-31": "$0.16", "2006-12-31": "$0.23", "2006-09-30": "$0.19", "2006-06-30": "$0.20", "2006-03-31": "$-0.15", "2005-12-31": "$0.22", "2005-09-30": "$0.25", "2005-06-30": "$0.32", "2005-03-31": "$0.25"}}, "shares-outstanding": {"Nu Skin Enterprises Annual Shares Outstanding (Millions of Shares)": {"2019": "56", "2018": "56", "2017": "55", "2016": "56", "2015": "59", "2014": "61", "2013": "61", "2012": "63", "2011": "65", "2010": "65", "2009": "64", "2008": "64", "2007": "66", "2006": "71", "2005": "71"}, "Nu Skin Enterprises Quarterly Shares Outstanding (Millions of Shares)": {"2020-09-30": "52", "2020-06-30": "52", "2020-03-31": "55", "2019-12-31": "56", "2019-09-30": "56", "2019-06-30": "56", "2019-03-31": "56", "2018-12-31": "56", "2018-09-30": "57", "2018-06-30": "57", "2018-03-31": "56", "2017-12-31": "55", "2017-09-30": "55", "2017-06-30": "55", "2017-03-31": "54", "2016-12-31": "56", "2016-09-30": "58", "2016-06-30": "56", "2016-03-31": "56", "2015-12-31": "59", "2015-09-30": "59", "2015-06-30": "60", "2015-03-31": "60", "2014-12-31": "61", "2014-09-30": "61", "2014-06-30": "61", "2014-03-31": "61", "2013-12-31": "61", "2013-09-30": "62", "2013-06-30": "61", "2013-03-31": "61", "2012-12-31": "63", "2012-09-30": "62", "2012-06-30": "64", "2012-03-31": "65", "2011-12-31": "65", "2011-09-30": "65", "2011-06-30": "64", "2011-03-31": "64", "2010-12-31": "65", "2010-09-30": "64", "2010-06-30": "65", "2010-03-31": "65", "2009-12-31": "64", "2009-09-30": "64", "2009-06-30": "64", "2009-03-31": "64", "2008-12-31": "64", "2008-09-30": "64", "2008-06-30": "64", "2008-03-31": "64", "2007-12-31": "66", "2007-09-30": "65", "2007-06-30": "65", "2007-03-31": "67", "2006-12-31": "71", "2006-09-30": "71", "2006-06-30": "71", "2006-03-31": "70", "2005-12-31": "71", "2005-09-30": "72", "2005-06-30": "71", "2005-03-31": "71"}}, "total-assets": {"Nu Skin Enterprises Annual Total Assets (Millions of US $)": {"2019": "$1,769", "2018": "$1,694", "2017": "$1,590", "2016": "$1,474", "2015": "$1,506", "2014": "$1,614", "2013": "$1,821", "2012": "$1,125", "2011": "$991", "2010": "$892", "2009": "$748", "2008": "$710", "2007": "$683", "2006": "$665", "2005": "$679"}, "Nu Skin Enterprises Quarterly Total Assets (Millions of US $)": {"2020-09-30": "$1,817", "2020-06-30": "$1,794", "2020-03-31": "$1,746", "2019-12-31": "$1,769", "2019-09-30": "$1,737", "2019-06-30": "$1,791", "2019-03-31": "$1,755", "2018-12-31": "$1,694", "2018-09-30": "$1,746", "2018-06-30": "$1,746", "2018-03-31": "$1,775", "2017-12-31": "$1,590", "2017-09-30": "$1,547", "2017-06-30": "$1,507", "2017-03-31": "$1,494", "2016-12-31": "$1,474", "2016-09-30": "$1,752", "2016-06-30": "$1,781", "2016-03-31": "$1,511", "2015-12-31": "$1,506", "2015-09-30": "$1,553", "2015-06-30": "$1,603", "2015-03-31": "$1,613", "2014-12-31": "$1,614", "2014-09-30": "$1,573", "2014-06-30": "$1,604", "2014-03-31": "$1,642", "2013-12-31": "$1,821", "2013-09-30": "$1,688", "2013-06-30": "$1,393", "2013-03-31": "$1,208", "2012-12-31": "$1,125", "2012-09-30": "$1,116", "2012-06-30": "$1,135", "2012-03-31": "$1,028", "2011-12-31": "$991", "2011-09-30": "$899", "2011-06-30": "$888", "2011-03-31": "$857", "2010-12-31": "$892", "2010-09-30": "$820", "2010-06-30": "$773", "2010-03-31": "$771", "2009-12-31": "$748", "2009-09-30": "$741", "2009-06-30": "$708", "2009-03-31": "$699", "2008-12-31": "$710", "2008-09-30": "$682", "2008-06-30": "$690", "2008-03-31": "$697", "2007-12-31": "$683", "2007-09-30": "$719", "2007-06-30": "$686", "2007-03-31": "$689", "2006-12-31": "$665", "2006-09-30": "$652", "2006-06-30": "$650", "2006-03-31": "$657", "2005-12-31": "$679", "2005-09-30": "$675", "2005-06-30": "$670", "2005-03-31": "$659"}}, "cash-on-hand": {"Nu Skin Enterprises Annual Cash on Hand (Millions of US $)": {"2019": "$344", "2018": "$398", "2017": "$438", "2016": "$368", "2015": "$304", "2014": "$300", "2013": "$547", "2012": "$333", "2011": "$291", "2010": "$230", "2009": "$158", "2008": "$115", "2007": "$93", "2006": "$121", "2005": "$155"}, "Nu Skin Enterprises Quarterly Cash on Hand (Millions of US $)": {"2020-09-30": "$378", "2020-06-30": "$386", "2020-03-31": "$362", "2019-12-31": "$344", "2019-09-30": "$327", "2019-06-30": "$368", "2019-03-31": "$318", "2018-12-31": "$398", "2018-09-30": "$401", "2018-06-30": "$410", "2018-03-31": "$430", "2017-12-31": "$438", "2017-09-30": "$372", "2017-06-30": "$353", "2017-03-31": "$347", "2016-12-31": "$368", "2016-09-30": "$533", "2016-06-30": "$556", "2016-03-31": "$265", "2015-12-31": "$304", "2015-09-30": "$317", "2015-06-30": "$304", "2015-03-31": "$316", "2014-12-31": "$300", "2014-09-30": "$207", "2014-06-30": "$234", "2014-03-31": "$303", "2013-12-31": "$547", "2013-09-30": "$566", "2013-06-30": "$411", "2013-03-31": "$334", "2012-12-31": "$333", "2012-09-30": "$338", "2012-06-30": "$385", "2012-03-31": "$290", "2011-12-31": "$291", "2011-09-30": "$242", "2011-06-30": "$233", "2011-03-31": "$216", "2010-12-31": "$230", "2010-09-30": "$198", "2010-06-30": "$173", "2010-03-31": "$180", "2009-12-31": "$158", "2009-09-30": "$161", "2009-06-30": "$125", "2009-03-31": "$117", "2008-12-31": "$115", "2008-09-30": "$101", "2008-06-30": "$94", "2008-03-31": "$99", "2007-12-31": "$93", "2007-09-30": "$126", "2007-06-30": "$99", "2007-03-31": "$113", "2006-12-31": "$121", "2006-09-30": "$118", "2006-06-30": "$124", "2006-03-31": "$146", "2005-12-31": "$155", "2005-09-30": "$153", "2005-06-30": "$162", "2005-03-31": "$157"}}, "long-term-debt": {"Nu Skin Enterprises Annual Long Term Debt (Millions of US $)": {"2019": "$334", "2018": "$361", "2017": "$311", "2016": "$334", "2015": "$182", "2014": "$165", "2013": "$114", "2012": "$155", "2011": "$108", "2010": "$133", "2009": "$121", "2008": "$159", "2007": "$169", "2006": "$136", "2005": "$123"}, "Nu Skin Enterprises Quarterly Long Term Debt (Millions of US $)": {"2020-09-30": "$313", "2020-06-30": "$320", "2020-03-31": "$327", "2019-12-31": "$334", "2019-09-30": "$342", "2019-06-30": "$349", "2019-03-31": "$356", "2018-12-31": "$361", "2018-09-30": "$366", "2018-06-30": "$371", "2018-03-31": "$107", "2017-12-31": "$311", "2017-09-30": "$317", "2017-06-30": "$324", "2017-03-31": "$329", "2016-12-31": "$334", "2016-09-30": "$356", "2016-06-30": "$362", "2016-03-31": "$168", "2015-12-31": "$182", "2015-09-30": "$186", "2015-06-30": "$177", "2015-03-31": "$181", "2014-12-31": "$165", "2014-09-30": "$96", "2014-06-30": "$112", "2014-03-31": "$110", "2013-12-31": "$114", "2013-09-30": "$121", "2013-06-30": "$129", "2013-03-31": "$139", "2012-12-31": "$155", "2012-09-30": "$183", "2012-06-30": "$191", "2012-03-31": "$96", "2011-12-31": "$108", "2011-09-30": "$109", "2011-06-30": "$118", "2011-03-31": "$123", "2010-12-31": "$133", "2010-09-30": "$107", "2010-06-30": "$113", "2010-03-31": "$115", "2009-12-31": "$121", "2009-09-30": "$139", "2009-06-30": "$139", "2009-03-31": "$151", "2008-12-31": "$159", "2008-09-30": "$159", "2008-06-30": "$159", "2008-03-31": "$179", "2007-12-31": "$169", "2007-09-30": "$183", "2007-06-30": "$159", "2007-03-31": "$177", "2006-12-31": "$136", "2006-09-30": "$108", "2006-06-30": "$111", "2006-03-31": "$124", "2005-12-31": "$123", "2005-09-30": "$139", "2005-06-30": "$141", "2005-03-31": "$159"}}, "total-liabilities": {"Nu Skin Enterprises Annual Total Liabilities (Millions of US $)": {"2019": "$894", "2018": "$913", "2017": "$885", "2016": "$810", "2015": "$680", "2014": "$672", "2013": "$962", "2012": "$534", "2011": "$417", "2010": "$421", "2009": "$373", "2008": "$394", "2007": "$408", "2006": "$346", "2005": "$324"}, "Nu Skin Enterprises Quarterly Total Liabilities (Millions of US $)": {"2020-09-30": "$989", "2020-06-30": "$1,002", "2020-03-31": "$946", "2019-12-31": "$894", "2019-09-30": "$891", "2019-06-30": "$956", "2019-03-31": "$944", "2018-12-31": "$913", "2018-09-30": "$914", "2018-06-30": "$943", "2018-03-31": "$976", "2017-12-31": "$885", "2017-09-30": "$830", "2017-06-30": "$808", "2017-03-31": "$807", "2016-12-31": "$810", "2016-09-30": "$897", "2016-06-30": "$951", "2016-03-31": "$710", "2015-12-31": "$680", "2015-09-30": "$693", "2015-06-30": "$699", "2015-03-31": "$689", "2014-12-31": "$672", "2014-09-30": "$634", "2014-06-30": "$712", "2014-03-31": "$767", "2013-12-31": "$962", "2013-09-30": "$946", "2013-06-30": "$701", "2013-03-31": "$591", "2012-12-31": "$534", "2012-09-30": "$565", "2012-06-30": "$568", "2012-03-31": "$407", "2011-12-31": "$417", "2011-09-30": "$359", "2011-06-30": "$380", "2011-03-31": "$389", "2010-12-31": "$421", "2010-09-30": "$389", "2010-06-30": "$369", "2010-03-31": "$373", "2009-12-31": "$373", "2009-09-30": "$391", "2009-06-30": "$373", "2009-03-31": "$378", "2008-12-31": "$394", "2008-09-30": "$374", "2008-06-30": "$392", "2008-03-31": "$413", "2007-12-31": "$408", "2007-09-30": "$422", "2007-06-30": "$397", "2007-03-31": "$411", "2006-12-31": "$346", "2006-09-30": "$319", "2006-06-30": "$305", "2006-03-31": "$317", "2005-12-31": "$324", "2005-09-30": "$322", "2005-06-30": "$333", "2005-03-31": "$344"}}, "total-share-holder-equity": {"Nu Skin Enterprises Annual Share Holder Equity (Millions of US $)": {"2019": "$875", "2018": "$782", "2017": "$705", "2016": "$664", "2015": "$826", "2014": "$942", "2013": "$859", "2012": "$591", "2011": "$574", "2010": "$471", "2009": "$376", "2008": "$316", "2007": "$275", "2006": "$319", "2005": "$355"}, "Nu Skin Enterprises Quarterly Share Holder Equity (Millions of US $)": {"2020-09-30": "$827", "2020-06-30": "$792", "2020-03-31": "$800", "2019-12-31": "$875", "2019-09-30": "$846", "2019-06-30": "$835", "2019-03-31": "$811", "2018-12-31": "$782", "2018-09-30": "$832", "2018-06-30": "$804", "2018-03-31": "$799", "2017-12-31": "$705", "2017-09-30": "$718", "2017-06-30": "$700", "2017-03-31": "$688", "2016-12-31": "$664", "2016-09-30": "$854", "2016-06-30": "$830", "2016-03-31": "$801", "2015-12-31": "$826", "2015-09-30": "$861", "2015-06-30": "$904", "2015-03-31": "$924", "2014-12-31": "$942", "2014-09-30": "$939", "2014-06-30": "$892", "2014-03-31": "$876", "2013-12-31": "$859", "2013-09-30": "$742", "2013-06-30": "$692", "2013-03-31": "$617", "2012-12-31": "$591", "2012-09-30": "$550", "2012-06-30": "$567", "2012-03-31": "$622", "2011-12-31": "$574", "2011-09-30": "$540", "2011-06-30": "$508", "2011-03-31": "$467", "2010-12-31": "$471", "2010-09-30": "$431", "2010-06-30": "$403", "2010-03-31": "$398", "2009-12-31": "$376", "2009-09-30": "$350", "2009-06-30": "$335", "2009-03-31": "$321", "2008-12-31": "$316", "2008-09-30": "$308", "2008-06-30": "$298", "2008-03-31": "$284", "2007-12-31": "$275", "2007-09-30": "$298", "2007-06-30": "$289", "2007-03-31": "$278", "2006-12-31": "$319", "2006-09-30": "$333", "2006-06-30": "$346", "2006-03-31": "$340", "2005-12-31": "$355", "2005-09-30": "$353", "2005-06-30": "$337", "2005-03-31": "$316"}}, "profit-margins": {"current": "6.54%"}, "gross margin": {"2020-09-30": "75.04%", "2020-06-30": "75.68%", "2020-03-31": "75.77%", "2019-12-31": "75.96%", "2019-09-30": "76.04%", "2019-06-30": "76.17%", "2019-03-31": "76.40%", "2018-12-31": "76.36%", "2018-09-30": "76.74%", "2018-06-30": "77.14%", "2018-03-31": "77.63%", "2017-12-31": "78.02%", "2017-09-30": "78.50%", "2017-06-30": "78.66%", "2017-03-31": "78.83%", "2016-12-31": "77.34%", "2016-09-30": "77.18%", "2016-06-30": "75.67%", "2016-03-31": "76.05%", "2015-12-31": "78.27%", "2015-09-30": "79.25%", "2015-06-30": "81.68%", "2015-03-31": "80.47%", "2014-12-31": "81.36%", "2014-09-30": "82.19%", "2014-06-30": "82.71%", "2014-03-31": "84.18%", "2013-12-31": "84.07%", "2013-09-30": "83.68%", "2013-06-30": "83.27%", "2013-03-31": "83.40%", "2012-12-31": "83.44%", "2012-09-30": "83.53%", "2012-06-30": "83.57%", "2012-03-31": "83.36%", "2011-12-31": "81.27%", "2011-09-30": "81.02%", "2011-06-30": "80.56%", "2011-03-31": "80.31%", "2010-12-31": "82.24%", "2010-09-30": "82.23%", "2010-06-30": "82.10%", "2010-03-31": "81.77%", "2009-12-31": "81.67%", "2009-09-30": "81.43%", "2009-06-30": "81.48%", "2009-03-31": "81.54%", "2008-12-31": "81.57%", "2008-09-30": "81.72%", "2008-06-30": "81.76%", "2008-03-31": "81.98%", "2007-12-31": "81.87%", "2007-09-30": "81.95%", "2007-06-30": "82.15%", "2007-03-31": "82.37%", "2006-12-31": "82.60%", "2006-09-30": "82.63%", "2006-06-30": "82.51%", "2006-03-31": "82.38%", "2005-12-31": "82.56%"}, "operating margin": {"2020-09-30": "9.27%", "2020-06-30": "9.55%", "2020-03-31": "10.19%", "2019-12-31": "11.07%", "2019-09-30": "9.16%", "2019-06-30": "9.29%", "2019-03-31": "9.34%", "2018-12-31": "9.00%", "2018-09-30": "12.10%", "2018-06-30": "11.96%", "2018-03-31": "11.98%", "2017-12-31": "12.02%", "2017-09-30": "11.01%", "2017-06-30": "11.63%", "2017-03-31": "12.04%", "2016-12-31": "10.47%", "2016-09-30": "10.32%", "2016-06-30": "8.71%", "2016-03-31": "8.51%", "2015-12-31": "10.95%", "2015-09-30": "12.04%", "2015-06-30": "14.33%", "2015-03-31": "13.10%", "2014-12-31": "13.70%", "2014-09-30": "14.92%", "2014-06-30": "15.62%", "2014-03-31": "17.33%", "2013-12-31": "17.47%", "2013-09-30": "17.03%", "2013-06-30": "16.12%", "2013-03-31": "15.92%", "2012-12-31": "15.99%", "2012-09-30": "15.98%", "2012-06-30": "16.02%", "2012-03-31": "15.74%", "2011-12-31": "13.61%", "2011-09-30": "13.16%", "2011-06-30": "12.65%", "2011-03-31": "12.49%", "2010-12-31": "14.12%", "2010-09-30": "13.87%", "2010-06-30": "13.52%", "2010-03-31": "12.37%", "2009-12-31": "11.04%", "2009-09-30": "10.54%", "2009-06-30": "9.86%", "2009-03-31": "9.47%", "2008-12-31": "10.02%", "2008-09-30": "8.01%", "2008-06-30": "7.23%", "2008-03-31": "6.77%", "2007-12-31": "6.13%", "2007-09-30": "7.27%", "2007-06-30": "7.55%", "2007-03-31": "7.84%", "2006-12-31": "4.93%", "2006-09-30": "5.10%", "2006-06-30": "5.83%", "2006-03-31": "6.82%", "2005-12-31": "10.41%"}, "ebitda margin": {"2020-09-30": "12.29%", "2020-06-30": "12.77%", "2020-03-31": "13.43%", "2019-12-31": "14.17%", "2019-09-30": "12.26%", "2019-06-30": "12.39%", "2019-03-31": "12.43%", "2018-12-31": "12.10%", "2018-09-30": "15.14%", "2018-06-30": "14.98%", "2018-03-31": "15.03%", "2017-12-31": "15.18%", "2017-09-30": "14.37%", "2017-06-30": "14.97%", "2017-03-31": "15.35%", "2016-12-31": "13.77%", "2016-09-30": "13.57%", "2016-06-30": "11.96%", "2016-03-31": "11.77%", "2015-12-31": "14.07%", "2015-09-30": "14.97%", "2015-06-30": "17.01%", "2015-03-31": "15.48%", "2014-12-31": "15.80%", "2014-09-30": "16.51%", "2014-06-30": "16.93%", "2014-03-31": "18.48%", "2013-12-31": "18.51%", "2013-09-30": "18.20%", "2013-06-30": "17.47%", "2013-03-31": "17.37%", "2012-12-31": "17.54%", "2012-09-30": "17.59%", "2012-06-30": "17.66%", "2012-03-31": "17.54%", "2011-12-31": "15.47%", "2011-09-30": "15.04%", "2011-06-30": "14.52%", "2011-03-31": "14.40%", "2010-12-31": "16.01%", "2010-09-30": "15.79%", "2010-06-30": "15.51%", "2010-03-31": "14.44%", "2009-12-31": "13.30%", "2009-09-30": "12.90%", "2009-06-30": "12.35%", "2009-03-31": "11.88%", "2008-12-31": "12.42%", "2008-09-30": "10.60%", "2008-06-30": "9.86%", "2008-03-31": "9.56%", "2007-12-31": "8.89%", "2007-09-30": "9.99%", "2007-06-30": "10.21%", "2007-03-31": "10.33%", "2006-12-31": "7.44%", "2006-09-30": "7.61%", "2006-06-30": "8.39%", "2006-03-31": "9.50%", "2005-12-31": "13.04%"}, "pre tax profit margin": {"2020-09-30": "9.06%", "2020-06-30": "9.08%", "2020-03-31": "9.50%", "2019-12-31": "10.57%", "2019-09-30": "8.57%", "2019-06-30": "8.63%", "2019-03-31": "8.41%", "2018-12-31": "8.22%", "2018-09-30": "11.46%", "2018-06-30": "11.53%", "2018-03-31": "11.85%", "2017-12-31": "11.67%", "2017-09-30": "10.68%", "2017-06-30": "11.13%", "2017-03-31": "11.19%", "2016-12-31": "9.65%", "2016-09-30": "9.30%", "2016-06-30": "7.22%", "2016-03-31": "7.36%", "2015-12-31": "9.39%", "2015-09-30": "9.98%", "2015-06-30": "13.01%", "2015-03-31": "11.10%", "2014-12-31": "11.63%", "2014-09-30": "13.79%", "2014-06-30": "14.58%", "2014-03-31": "16.88%", "2013-12-31": "17.54%", "2013-09-30": "17.11%", "2013-06-30": "16.25%", "2013-03-31": "16.01%", "2012-12-31": "16.23%", "2012-09-30": "16.08%", "2012-06-30": "15.66%", "2012-03-31": "15.52%", "2011-12-31": "13.15%", "2011-09-30": "12.55%", "2011-06-30": "12.40%", "2011-03-31": "11.79%", "2010-12-31": "13.53%", "2010-09-30": "13.21%", "2010-06-30": "12.70%", "2010-03-31": "12.08%", "2009-12-31": "10.59%", "2009-09-30": "9.13%", "2009-06-30": "8.02%", "2009-03-31": "7.87%", "2008-12-31": "8.09%", "2008-09-30": "7.12%", "2008-06-30": "6.98%", "2008-03-31": "6.26%", "2007-12-31": "5.96%", "2007-09-30": "7.27%", "2007-06-30": "7.55%", "2007-03-31": "7.66%", "2006-12-31": "4.66%", "2006-09-30": "4.83%", "2006-06-30": "5.39%", "2006-03-31": "6.39%", "2005-12-31": "10.08%"}, "net profit margin": {"2020-09-30": "6.54%", "2020-06-30": "6.34%", "2020-03-31": "6.48%", "2019-12-31": "7.15%", "2019-09-30": "4.56%", "2019-06-30": "4.76%", "2019-03-31": "4.80%", "2018-12-31": "4.56%", "2018-09-30": "5.94%", "2018-06-30": "5.76%", "2018-03-31": "5.76%", "2017-12-31": "5.66%", "2017-09-30": "6.95%", "2017-06-30": "7.51%", "2017-03-31": "7.48%", "2016-12-31": "6.48%", "2016-09-30": "6.27%", "2016-06-30": "4.51%", "2016-03-31": "4.60%", "2015-12-31": "5.92%", "2015-09-30": "6.30%", "2015-06-30": "8.33%", "2015-03-31": "7.00%", "2014-12-31": "7.39%", "2014-09-30": "8.89%", "2014-06-30": "9.47%", "2014-03-31": "11.04%", "2013-12-31": "11.46%", "2013-09-30": "11.16%", "2013-06-30": "10.53%", "2013-03-31": "10.27%", "2012-12-31": "10.37%", "2012-09-30": "10.33%", "2012-06-30": "10.49%", "2012-03-31": "10.48%", "2011-12-31": "8.96%", "2011-09-30": "8.55%", "2011-06-30": "8.04%", "2011-03-31": "7.58%", "2010-12-31": "8.78%", "2010-09-30": "8.45%", "2010-06-30": "8.13%", "2010-03-31": "7.79%", "2009-12-31": "6.76%", "2009-09-30": "5.82%", "2009-06-30": "5.21%", "2009-03-31": "5.14%", "2008-12-31": "5.21%", "2008-09-30": "4.61%", "2008-06-30": "4.44%", "2008-03-31": "3.98%", "2007-12-31": "3.89%", "2007-09-30": "4.82%", "2007-06-30": "4.80%", "2007-03-31": "4.81%", "2006-12-31": "2.96%", "2006-09-30": "2.95%", "2006-06-30": "3.36%", "2006-03-31": "4.06%", "2005-12-31": "6.35%"}, "pe ratio": {"current": "20.26", "2021-02-05": "20.26", "2020-09-30": "16.74", "2020-06-30": "14.05", "2020-03-31": "7.89", "2019-12-31": "12.66", "2019-09-30": "19.55", "2019-06-30": "20.95", "2019-03-31": "19.55", "2018-12-31": "26.41", "2018-09-30": "27.28", "2018-06-30": "27.53", "2018-03-31": "27.18", "2017-12-31": "26.40", "2017-09-30": "20.54", "2017-06-30": "19.31", "2017-03-31": "16.84", "2016-12-31": "16.95", "2016-09-30": "23.48", "2016-06-30": "23.30", "2016-03-31": "19.57", "2015-12-31": "14.56", "2015-09-30": "14.71", "2015-06-30": "12.34", "2015-03-31": "18.06", "2014-12-31": "11.23", "2014-09-30": "8.29", "2014-06-30": "11.73", "2014-03-31": "11.15", "2013-12-31": "18.99", "2013-09-30": "15.93", "2013-06-30": "12.52", "2013-03-31": "9.69", "2012-12-31": "8.43", "2012-09-30": "9.36", "2012-06-30": "11.78", "2012-03-31": "15.94", "2011-12-31": "16.13", "2011-09-30": "14.51", "2011-06-30": "14.52", "2011-03-31": "11.96", "2010-12-31": "11.11", "2010-09-30": "11.11", "2010-06-30": "10.35", "2010-03-31": "13.08", "2009-12-31": "14.50", "2009-09-30": "11.99", "2009-06-30": "11.17", "2009-03-31": "7.83", "2008-12-31": "7.53", "2008-09-30": "13.43", "2008-06-30": "13.01", "2008-03-31": "18.00", "2007-12-31": "17.52", "2007-09-30": "14.17", "2007-06-30": "14.72", "2007-03-31": "14.83", "2006-12-31": "28.83"}, "price sales": {"2021-02-05": "1.33", "2020-09-30": "1.10", "2020-06-30": "0.89", "2020-03-31": "0.51", "2019-12-31": "0.91", "2019-09-30": "0.90", "2019-06-30": "1.01", "2019-03-31": "0.94", "2018-12-31": "1.20", "2018-09-30": "1.61", "2018-06-30": "1.58", "2018-03-31": "1.56", "2017-12-31": "1.50", "2017-09-30": "1.44", "2017-06-30": "1.45", "2017-03-31": "1.26", "2016-12-31": "1.10", "2016-09-30": "1.47", "2016-06-30": "1.06", "2016-03-31": "0.90", "2015-12-31": "0.87", "2015-09-30": "0.93", "2015-06-30": "1.03", "2015-03-31": "1.26", "2014-12-31": "0.87", "2014-09-30": "0.76", "2014-06-30": "1.14", "2014-03-31": "1.26", "2013-12-31": "2.17", "2013-09-30": "1.79", "2013-06-30": "1.33", "2013-03-31": "1.01", "2012-12-31": "0.88", "2012-09-30": "0.96", "2012-06-30": "1.23", "2012-03-31": "1.66", "2011-12-31": "1.43", "2011-09-30": "1.24", "2011-06-30": "1.17", "2011-03-31": "0.92", "2010-12-31": "0.99", "2010-09-30": "0.95", "2010-06-30": "0.84", "2010-03-31": "1.02", "2009-12-31": "0.98", "2009-09-30": "0.70", "2009-06-30": "0.59", "2009-03-31": "0.40", "2008-12-31": "0.40", "2008-09-30": "0.62", "2008-06-30": "0.58", "2008-03-31": "0.71", "2007-12-31": "0.67", "2007-09-30": "0.67", "2007-06-30": "0.70", "2007-03-31": "0.72", "2006-12-31": "0.80"}, "price book": {"current": "3.72", "2021-02-05": "3.72", "2020-09-30": "3.07", "2020-06-30": "2.45", "2020-03-31": "1.41", "2019-12-31": "2.50", "2019-09-30": "2.66", "2019-06-30": "3.10", "2019-03-31": "3.07", "2018-12-31": "4.04", "2018-09-30": "5.13", "2018-06-30": "5.01", "2018-03-31": "4.74", "2017-12-31": "4.68", "2017-09-30": "4.13", "2017-06-30": "4.32", "2017-03-31": "3.85", "2016-12-31": "3.39", "2016-09-30": "3.76", "2016-06-30": "2.75", "2016-03-31": "2.34", "2015-12-31": "2.22", "2015-09-30": "2.36", "2015-06-30": "2.57", "2015-03-31": "3.23", "2014-12-31": "2.29", "2014-09-30": "2.36", "2014-06-30": "4.05", "2014-03-31": "4.58", "2013-12-31": "7.75", "2013-09-30": "6.14", "2013-06-30": "4.22", "2013-03-31": "3.38", "2012-12-31": "2.93", "2012-09-30": "3.31", "2012-06-30": "3.95", "2012-03-31": "4.61", "2011-12-31": "4.15", "2011-09-30": "3.67", "2011-06-30": "3.58", "2011-03-31": "2.97", "2010-12-31": "3.09", "2010-09-30": "3.20", "2010-06-30": "2.95", "2010-03-31": "3.51", "2009-12-31": "3.42", "2009-09-30": "2.51", "2009-06-30": "2.17", "2009-03-31": "1.54", "2008-12-31": "1.54", "2008-09-30": "2.44", "2008-06-30": "2.30", "2008-03-31": "2.90", "2007-12-31": "2.71", "2007-09-30": "2.50", "2007-06-30": "2.60", "2007-03-31": "2.69", "2006-12-31": "2.66", "2006-09-30": "2.51", "2006-06-30": "2.07", "2006-03-31": "2.48"}, "price fcf": {"2021-02-05": "", "2020-09-30": "$5.16", "2020-06-30": "$3.84", "2020-03-31": "$3.29", "2019-12-31": "$2.00", "2019-09-30": "$2.43", "2019-06-30": "$2.74", "2019-03-31": "$2.20", "2018-12-31": "$2.34", "2018-09-30": "$3.55", "2018-06-30": "$3.81", "2018-03-31": "$4.07", "2017-12-31": "$4.42", "2017-09-30": "$3.54", "2017-06-30": "$3.07", "2017-03-31": "$4.35", "2016-12-31": "$4.01", "2016-09-30": "$3.72", "2016-06-30": "$4.38", "2016-03-31": "$3.32", "2015-12-31": "$4.50", "2015-09-30": "$4.59", "2015-06-30": "$3.45", "2015-03-31": "$1.46", "2014-12-31": "$-2.59", "2014-09-30": "$-3.74", "2014-06-30": "$-0.08", "2014-03-31": "$2.01", "2013-12-31": "$5.62", "2013-09-30": "$6.13", "2013-06-30": "$2.99", "2013-03-31": "$3.62", "2012-12-31": "$3.40", "2012-09-30": "$4.11", "2012-06-30": "$3.98", "2012-03-31": "$2.53", "2011-12-31": "$2.83", "2011-09-30": "$1.90", "2011-06-30": "$2.02", "2011-03-31": "$2.14", "2010-12-31": "$2.08", "2010-09-30": "$2.06", "2010-06-30": "$2.12", "2010-03-31": "$2.02", "2009-12-31": "$1.77", "2009-09-30": "$1.97", "2009-06-30": "$1.55", "2009-03-31": "$1.43", "2008-12-31": "$1.36", "2008-09-30": "$0.98", "2008-06-30": "$0.86", "2008-03-31": "$0.53", "2007-12-31": "$0.40", "2007-09-30": "$0.51", "2007-06-30": "$0.62", "2007-03-31": "$0.64", "2006-12-31": "$0.57"}, "net worth": {"value": "$3.07B"}, "current ratio": {"2020-09-30": "1.66", "2020-06-30": "1.62", "2020-03-31": "1.74", "2019-12-31": "2.08", "2019-09-30": "2.01", "2019-06-30": "1.90", "2019-03-31": "1.86", "2018-12-31": "1.82", "2018-09-30": "1.93", "2018-06-30": "1.82", "2018-03-31": "1.14", "2017-12-31": "1.74", "2017-09-30": "1.79", "2017-06-30": "1.80", "2017-03-31": "1.79", "2016-12-31": "1.79", "2016-09-30": "2.18", "2016-06-30": "2.06", "2016-03-31": "1.66", "2015-12-31": "1.73", "2015-09-30": "1.89", "2015-06-30": "1.92", "2015-03-31": "2.01", "2014-12-31": "2.00", "2014-09-30": "1.79", "2014-06-30": "1.63", "2014-03-31": "1.59", "2013-12-31": "1.44", "2013-09-30": "1.43", "2013-06-30": "1.62", "2013-03-31": "1.72", "2012-12-31": "1.84", "2012-09-30": "2.01", "2012-06-30": "2.16", "2012-03-31": "2.31", "2011-12-31": "2.20", "2011-09-30": "2.43", "2011-06-30": "2.38", "2011-03-31": "2.19", "2010-12-31": "1.95", "2010-09-30": "1.89", "2010-06-30": "1.91", "2010-03-31": "1.83", "2009-12-31": "1.83", "2009-09-30": "1.84", "2009-06-30": "1.81", "2009-03-31": "1.82", "2008-12-31": "1.75", "2008-09-30": "1.83", "2008-06-30": "1.69", "2008-03-31": "1.69", "2007-12-31": "1.56", "2007-09-30": "1.72", "2007-06-30": "1.63", "2007-03-31": "1.69", "2006-12-31": "1.65", "2006-09-30": "1.64", "2006-06-30": "1.86", "2006-03-31": "1.95", "2005-12-31": "1.94", "2005-09-30": "2.08", "2005-06-30": "1.91", "2005-03-31": "1.96"}, "quick ratio": {"2020-09-30": "1.08", "2020-06-30": "1.08", "2020-03-31": "1.12", "2019-12-31": "1.30", "2019-09-30": "1.24", "2019-06-30": "1.20", "2019-03-31": "1.10", "2018-12-31": "1.15", "2018-09-30": "1.25", "2018-06-30": "1.19", "2018-03-31": "0.75", "2017-12-31": "1.17", "2017-09-30": "1.18", "2017-06-30": "1.18", "2017-03-31": "1.15", "2016-12-31": "1.16", "2016-09-30": "1.62", "2016-06-30": "1.53", "2016-03-31": "1.04", "2015-12-31": "1.08", "2015-09-30": "1.26", "2015-06-30": "1.20", "2015-03-31": "1.25", "2014-12-31": "1.19", "2014-09-30": "0.97", "2014-06-30": "0.88", "2014-03-31": "0.88", "2013-12-31": "1.00", "2013-09-30": "1.07", "2013-06-30": "1.24", "2013-03-31": "1.31", "2012-12-31": "1.41", "2012-09-30": "1.56", "2012-06-30": "1.74", "2012-03-31": "1.80", "2011-12-31": "1.73", "2011-09-30": "1.85", "2011-06-30": "1.79", "2011-03-31": "1.60", "2010-12-31": "1.42", "2010-09-30": "1.33", "2010-06-30": "1.31", "2010-03-31": "1.26", "2009-12-31": "1.25", "2009-09-30": "1.25", "2009-06-30": "1.14", "2009-03-31": "1.12", "2008-12-31": "1.06", "2008-09-30": "1.10", "2008-06-30": "1.02", "2008-03-31": "1.07", "2007-12-31": "0.97", "2007-09-30": "1.15", "2007-06-30": "1.05", "2007-03-31": "1.11", "2006-12-31": "1.10", "2006-09-30": "1.04", "2006-06-30": "1.17", "2006-03-31": "1.29", "2005-12-31": "1.31", "2005-09-30": "1.39", "2005-06-30": "1.32", "2005-03-31": "1.38"}, "debt equity ratio": {"current": "0.38", "2020-09-30": "1.20", "2020-06-30": "1.27", "2020-03-31": "1.18", "2019-12-31": "1.02", "2019-09-30": "1.05", "2019-06-30": "1.15", "2019-03-31": "1.16", "2018-12-31": "1.17", "2018-09-30": "1.10", "2018-06-30": "1.17", "2018-03-31": "1.22", "2017-12-31": "1.26", "2017-09-30": "1.16", "2017-06-30": "1.15", "2017-03-31": "1.17", "2016-12-31": "1.22", "2016-09-30": "1.05", "2016-06-30": "1.15", "2016-03-31": "0.89", "2015-12-31": "0.82", "2015-09-30": "0.81", "2015-06-30": "0.77", "2015-03-31": "0.75", "2014-12-31": "0.71", "2014-09-30": "0.68", "2014-06-30": "0.80", "2014-03-31": "0.88", "2013-12-31": "1.12", "2013-09-30": "1.27", "2013-06-30": "1.01", "2013-03-31": "0.96", "2012-12-31": "0.90", "2012-09-30": "1.03", "2012-06-30": "1.00", "2012-03-31": "0.66", "2011-12-31": "0.73", "2011-09-30": "0.66", "2011-06-30": "0.75", "2011-03-31": "0.83", "2010-12-31": "0.89", "2010-09-30": "0.90", "2010-06-30": "0.92", "2010-03-31": "0.94", "2009-12-31": "0.99", "2009-09-30": "1.12", "2009-06-30": "1.12", "2009-03-31": "1.18", "2008-12-31": "1.25", "2008-09-30": "1.22", "2008-06-30": "1.32", "2008-03-31": "1.45", "2007-12-31": "1.48", "2007-09-30": "1.42", "2007-06-30": "1.37", "2007-03-31": "1.48", "2006-12-31": "1.08", "2006-09-30": "0.96", "2006-06-30": "0.88", "2006-03-31": "0.93", "2005-12-31": "0.91", "2005-09-30": "0.91", "2005-06-30": "0.99", "2005-03-31": "1.09"}, "return on equity": {"2020-09-30": "19.19%", "2020-06-30": "17.63%", "2020-03-31": "17.88%", "2019-12-31": "20.55%", "2019-09-30": "14.05%", "2019-06-30": "15.21%", "2019-03-31": "15.98%", "2018-12-31": "15.17%", "2018-09-30": "20.13%", "2018-06-30": "19.43%", "2018-03-31": "18.89%", "2017-12-31": "18.36%", "2017-09-30": "21.52%", "2017-06-30": "22.57%", "2017-03-31": "22.00%", "2016-12-31": "18.16%", "2016-09-30": "17.03%", "2016-06-30": "12.06%", "2016-03-31": "11.79%", "2015-12-31": "15.14%", "2015-09-30": "15.86%", "2015-06-30": "21.14%", "2015-03-31": "18.50%", "2014-12-31": "20.83%", "2014-09-30": "30.06%", "2014-06-30": "36.92%", "2014-03-31": "46.07%", "2013-12-31": "50.03%", "2013-09-30": "45.12%", "2013-06-30": "39.35%", "2013-03-31": "39.05%", "2012-12-31": "37.94%", "2012-09-30": "36.66%", "2012-06-30": "35.61%", "2012-03-31": "33.33%", "2011-12-31": "29.49%", "2011-09-30": "28.40%", "2011-06-30": "27.49%", "2011-03-31": "26.86%", "2010-12-31": "31.71%", "2010-09-30": "31.84%", "2010-06-30": "31.17%", "2010-03-31": "29.88%", "2009-12-31": "26.05%", "2009-09-30": "22.39%", "2009-06-30": "20.31%", "2009-03-31": "20.60%", "2008-12-31": "21.56%", "2008-09-30": "19.57%", "2008-06-30": "18.70%", "2008-03-31": "16.40%", "2007-12-31": "15.79%", "2007-09-30": "18.58%", "2007-06-30": "17.72%", "2007-03-31": "16.93%", "2006-12-31": "9.87%", "2006-09-30": "9.61%", "2006-06-30": "10.90%", "2006-03-31": "13.57%", "2005-12-31": "22.04%"}, "return on assets": {"2020-09-30": "8.87%", "2020-06-30": "8.29%", "2020-03-31": "8.52%", "2019-12-31": "9.81%", "2019-09-30": "6.59%", "2019-06-30": "7.10%", "2019-03-31": "7.43%", "2018-12-31": "7.01%", "2018-09-30": "9.22%", "2018-06-30": "8.83%", "2018-03-31": "8.60%", "2017-12-31": "8.41%", "2017-09-30": "9.90%", "2017-06-30": "10.53%", "2017-03-31": "10.28%", "2016-12-31": "8.78%", "2016-09-30": "8.61%", "2016-06-30": "6.30%", "2016-03-31": "6.48%", "2015-12-31": "8.48%", "2015-09-30": "9.02%", "2015-06-30": "12.24%", "2015-03-31": "10.68%", "2014-12-31": "11.81%", "2014-09-30": "16.14%", "2014-06-30": "18.42%", "2014-03-31": "22.31%", "2013-12-31": "23.83%", "2013-09-30": "22.02%", "2013-06-30": "19.91%", "2013-03-31": "19.81%", "2012-12-31": "20.07%", "2012-09-30": "19.86%", "2012-06-30": "20.23%", "2012-03-31": "19.65%", "2011-12-31": "16.95%", "2011-09-30": "15.95%", "2011-06-30": "14.93%", "2011-03-31": "14.24%", "2010-12-31": "16.58%", "2010-09-30": "16.45%", "2010-06-30": "15.69%", "2010-03-31": "14.69%", "2009-12-31": "12.43%", "2009-09-30": "10.36%", "2009-06-30": "9.29%", "2009-03-31": "9.21%", "2008-12-31": "9.36%", "2008-09-30": "8.28%", "2008-06-30": "7.74%", "2008-03-31": "6.75%", "2007-12-31": "6.48%", "2007-09-30": "7.97%", "2007-06-30": "8.02%", "2007-03-31": "8.13%", "2006-12-31": "5.03%", "2006-09-30": "5.00%", "2006-06-30": "5.71%", "2006-03-31": "7.01%", "2005-12-31": "11.18%"}, "return on investments": {"2020-09-30": "19.52%", "2020-06-30": "18.97%", "2020-03-31": "20.04%", "2019-12-31": "22.57%", "2019-09-30": "19.74%", "2019-06-30": "20.63%", "2019-03-31": "21.44%", "2018-12-31": "21.81%", "2018-09-30": "30.00%", "2018-06-30": "29.55%", "2018-03-31": "28.85%", "2017-12-31": "26.80%", "2017-09-30": "23.18%", "2017-06-30": "23.91%", "2017-03-31": "24.35%", "2016-12-31": "21.14%", "2016-09-30": "21.19%", "2016-06-30": "18.31%", "2016-03-31": "18.03%", "2015-12-31": "23.21%", "2015-09-30": "25.35%", "2015-06-30": "31.15%", "2015-03-31": "30.12%", "2014-12-31": "34.09%", "2014-09-30": "45.06%", "2014-06-30": "53.68%", "2014-03-31": "62.95%", "2013-12-31": "65.08%", "2013-09-30": "57.14%", "2013-06-30": "48.31%", "2013-03-31": "47.06%", "2012-12-31": "46.16%", "2012-09-30": "45.38%", "2012-06-30": "44.60%", "2012-03-31": "42.00%", "2011-12-31": "36.72%", "2011-09-30": "35.13%", "2011-06-30": "34.41%", "2011-03-31": "34.84%", "2010-12-31": "39.98%", "2010-09-30": "40.70%", "2010-06-30": "39.31%", "2010-03-31": "35.09%", "2009-12-31": "30.43%", "2009-09-30": "28.06%", "2009-06-30": "26.06%", "2009-03-31": "25.23%", "2008-12-31": "26.84%", "2008-09-30": "21.62%", "2008-06-30": "19.07%", "2008-03-31": "17.42%", "2007-12-31": "15.54%", "2007-09-30": "18.05%", "2007-06-30": "18.90%", "2007-03-31": "19.48%", "2006-12-31": "12.12%", "2006-09-30": "12.40%", "2006-06-30": "13.98%", "2006-03-31": "16.54%", "2005-12-31": "25.61%"}, "return on tangible equity": {"2020-09-30": "28.73%", "2020-06-30": "26.44%", "2020-03-31": "26.74%", "2019-12-31": "30.81%", "2019-09-30": "21.47%", "2019-06-30": "23.29%", "2019-03-31": "24.62%", "2018-12-31": "23.47%", "2018-09-30": "30.01%", "2018-06-30": "28.17%", "2018-03-31": "26.39%", "2017-12-31": "24.67%", "2017-09-30": "28.99%", "2017-06-30": "29.87%", "2017-03-31": "28.81%", "2016-12-31": "23.59%", "2016-09-30": "21.82%", "2016-06-30": "15.44%", "2016-03-31": "15.02%", "2015-12-31": "19.11%", "2015-09-30": "19.91%", "2015-06-30": "26.45%", "2015-03-31": "23.24%", "2014-12-31": "26.32%", "2014-09-30": "38.35%", "2014-06-30": "48.05%", "2014-03-31": "61.32%", "2013-12-31": "68.91%", "2013-09-30": "64.92%", "2013-06-30": "58.32%", "2013-03-31": "59.08%", "2012-12-31": "56.96%", "2012-09-30": "54.92%", "2012-06-30": "53.25%", "2012-03-31": "50.40%", "2011-12-31": "46.18%", "2011-09-30": "45.59%", "2011-06-30": "46.11%", "2011-03-31": "47.13%", "2010-12-31": "57.69%", "2010-09-30": "61.24%", "2010-06-30": "63.38%", "2010-03-31": "64.31%", "2009-12-31": "60.40%", "2009-09-30": "55.74%", "2009-06-30": "53.17%", "2009-03-31": "56.64%", "2008-12-31": "62.65%", "2008-09-30": "60.80%", "2008-06-30": "60.00%", "2008-03-31": "54.18%", "2007-12-31": "53.57%", "2007-09-30": "58.67%", "2007-06-30": "52.94%", "2007-03-31": "46.85%", "2006-12-31": "25.38%", "2006-09-30": "23.74%", "2006-06-30": "26.48%", "2006-03-31": "33.39%", "2005-12-31": "54.55%"}, "dividend yield history": {"last payout": "$1.50", "last yield": "2.49%"}}