{"ticker": "NUAN", "price": {"title": "Nuance Communications Historical Annual Stock Price Data", "value": 50.38, "historical": {"2021": {"Average Stock Price": "47.4733", "Year Open": "43.7000", "Year High": "50.3800", "Year Low": "42.9000", "Year Close": "50.3800", "Annual % Change": "14.27%"}, "2020": {"Average Stock Price": "26.9137", "Year Open": "17.8550", "Year High": "44.3900", "Year Low": "14.1800", "Year Close": "44.0900", "Annual % Change": "147.28%"}, "2019": {"Average Stock Price": "16.5761", "Year Open": "13.4300", "Year High": "18.1300", "Year Low": "13.3500", "Year Close": "17.8300", "Annual % Change": "34.77%"}, "2018": {"Average Stock Price": "15.8421", "Year Open": "16.6200", "Year High": "18.6800", "Year Low": "12.7600", "Year Close": "13.2300", "Annual % Change": "-19.08%"}, "2017": {"Average Stock Price": "16.6490", "Year Open": "15.0500", "Year High": "19.5700", "Year Low": "14.1900", "Year Close": "16.3500", "Annual % Change": "9.73%"}, "2016": {"Average Stock Price": "16.4384", "Year Open": "19.6600", "Year High": "20.5300", "Year Low": "13.4500", "Year Close": "14.9000", "Annual % Change": "-25.09%"}, "2015": {"Average Stock Price": "16.5962", "Year Open": "14.1400", "Year High": "21.4500", "Year Low": "13.3250", "Year Close": "19.8900", "Annual % Change": "39.38%"}, "2014": {"Average Stock Price": "16.0567", "Year Open": "15.1900", "Year High": "19.5200", "Year Low": "13.8100", "Year Close": "14.2700", "Annual % Change": "-6.12%"}, "2013": {"Average Stock Price": "18.8819", "Year Open": "23.3000", "Year High": "24.6100", "Year Low": "13.1000", "Year Close": "15.2000", "Annual % Change": "-31.90%"}, "2012": {"Average Stock Price": "23.7933", "Year Open": "25.2500", "Year High": "30.4500", "Year Low": "19.5400", "Year Close": "22.3200", "Annual % Change": "-11.29%"}, "2011": {"Average Stock Price": "20.8055", "Year Open": "18.4400", "Year High": "26.7500", "Year Low": "15.5899", "Year Close": "25.1600", "Annual % Change": "38.39%"}, "2010": {"Average Stock Price": "16.3534", "Year Open": "16.0000", "Year High": "18.7275", "Year Low": "14.2900", "Year Close": "18.1800", "Annual % Change": "17.06%"}, "2009": {"Average Stock Price": "12.6619", "Year Open": "11.0200", "Year High": "16.1600", "Year Low": "7.7400", "Year Close": "15.5300", "Annual % Change": "49.90%"}, "2008": {"Average Stock Price": "15.0558", "Year Open": "17.9900", "Year High": "21.4000", "Year Low": "6.5000", "Year Close": "10.3600", "Annual % Change": "-44.54%"}, "2007": {"Average Stock Price": "17.0445", "Year Open": "11.7200", "Year High": "22.4800", "Year Low": "11.1100", "Year Close": "18.6800", "Annual % Change": "63.00%"}, "2006": {"Average Stock Price": "9.6598", "Year Open": "7.8000", "Year High": "13.4600", "Year Low": "6.9400", "Year Close": "11.4600", "Annual % Change": "50.20%"}, "2005": {"Average Stock Price": "4.6648", "Year Open": "4.2100", "Year High": "7.8100", "Year Low": "3.4600", "Year Close": "7.6300", "Annual % Change": "82.10%"}, "2004": {"Average Stock Price": "4.6559", "Year Open": "5.3500", "Year High": "6.2600", "Year Low": "3.4000", "Year Close": "4.1900", "Annual % Change": "-21.24%"}, "2003": {"Average Stock Price": "5.0950", "Year Open": "5.5300", "Year High": "6.2000", "Year Low": "3.7000", "Year Close": "5.3200", "Annual % Change": "2.31%"}, "2002": {"Average Stock Price": "5.5102", "Year Open": "4.4500", "Year High": "8.7400", "Year Low": "3.0300", "Year Close": "5.2000", "Annual % Change": "20.93%"}, "2001": {"Average Stock Price": "1.7703", "Year Open": "0.6563", "Year High": "5.5000", "Year Low": "0.5000", "Year Close": "4.3000", "Annual % Change": "817.24%"}, "2000": {"Average Stock Price": "2.9780", "Year Open": "4.7500", "Year High": "6.8130", "Year Low": "0.4063", "Year Close": "0.4688", "Annual % Change": "-88.28%"}, "1999": {"Average Stock Price": "2.6341", "Year Open": "1.1900", "Year High": "9.9380", "Year Low": "1.1600", "Year Close": "4.0000", "Annual % Change": "236.13%"}, "1998": {"Average Stock Price": "1.9240", "Year Open": "1.7500", "Year High": "3.9700", "Year Low": "0.7200", "Year Close": "1.1900", "Annual % Change": "-26.54%"}, "1997": {"Average Stock Price": "3.7305", "Year Open": "5.0000", "Year High": "5.5000", "Year Low": "1.6200", "Year Close": "1.6200", "Annual % Change": "-64.00%"}, "1996": {"Average Stock Price": "10.3358", "Year Open": "20.5000", "Year High": "22.0000", "Year Low": "4.5000", "Year Close": "4.5000", "Annual % Change": "-79.78%"}}}, "market cap": {"value": "$14.35B"}, "income statement": {"Revenue": {"2020-09-30": "1478.89900", "2019-09-30": "1521.27100", "2018-09-30": "1567.60000", "2017-09-30": "1728.17500", "2016-09-30": "1948.90300", "2015-09-30": "1931.13600", "2014-09-30": "1923.45100", "2013-09-30": "1855.27900", "2012-09-30": "1651.50900", "2011-09-30": "1318.74100", "2010-09-30": "1118.94800", "2009-09-30": "950.35200", "2008-09-30": "868.46200", "2007-09-30": "601.99600", "2006-09-30": "388.51000", "2005-09-30": "232.38800"}, "Cost Of Goods Sold": {"2020-09-30": "638.93900", "2019-09-30": "683.48400", "2018-09-30": "743.40200", "2017-09-30": "803.83800", "2016-09-30": "829.50000", "2015-09-30": "828.54200", "2014-09-30": "842.50600", "2013-09-30": "766.55000", "2012-09-30": "604.92900", "2011-09-30": "499.82400", "2010-09-30": "409.37000", "2009-09-30": "359.55100", "2008-09-30": "315.64300", "2007-09-30": "197.94100", "2006-09-30": "121.04300", "2005-09-30": "69.20300"}, "Gross Profit": {"2020-09-30": "839.96000", "2019-09-30": "837.78700", "2018-09-30": "824.19790", "2017-09-30": "924.33700", "2016-09-30": "1119.40300", "2015-09-30": "1102.59400", "2014-09-30": "1080.94500", "2013-09-30": "1088.72900", "2012-09-30": "1046.58000", "2011-09-30": "818.91700", "2010-09-30": "709.57800", "2009-09-30": "590.80100", "2008-09-30": "552.81900", "2007-09-30": "404.05500", "2006-09-30": "267.46700", "2005-09-30": "163.18500"}, "Research And Development Expenses": {"2020-09-30": "226.23400", "2019-09-30": "192.63300", "2018-09-30": "207.18900", "2017-09-30": "239.92500", "2016-09-30": "271.13000", "2015-09-30": "306.86700", "2014-09-30": "333.77500", "2013-09-30": "289.20900", "2012-09-30": "225.44100", "2011-09-30": "179.37700", "2010-09-30": "152.07100", "2009-09-30": "116.77400", "2008-09-30": "112.78800", "2007-09-30": "80.02400", "2006-09-30": "59.40300", "2005-09-30": "39.19000"}, "SG&A Expenses": {"2020-09-30": "429.67700", "2019-09-30": "446.66900", "2018-09-30": "500.35900", "2017-09-30": "487.43500", "2016-09-30": "559.33900", "2015-09-30": "598.14000", "2014-09-30": "615.80900", "2013-09-30": "599.71000", "2012-09-30": "532.52300", "2011-09-30": "454.04200", "2010-09-30": "388.26900", "2009-09-30": "318.25100", "2008-09-30": "326.01700", "2007-09-30": "260.51200", "2006-09-30": "183.75500", "2005-09-30": "110.75600"}, "Other Operating Income Or Expenses": {"2020-09-30": "", "2019-09-30": "", "2018-09-30": "", "2017-09-30": "", "2016-09-30": "", "2015-09-30": "", "2014-09-30": "", "2013-09-30": "", "2012-09-30": "", "2011-09-30": "", "2010-09-30": "", "2009-09-30": "", "2008-09-30": "", "2007-09-30": "", "2006-09-30": "", "2005-09-30": ""}, "Operating Expenses": {"2020-09-30": "1366.31100", "2019-09-30": "1414.10400", "2018-09-30": "1751.90400", "2017-09-30": "1711.66800", "2016-09-30": "1810.38000", "2015-09-30": "1876.22700", "2014-09-30": "1944.81400", "2013-09-30": "1806.79700", "2012-09-30": "1525.32300", "2011-09-30": "1266.19000", "2010-09-30": "1086.03100", "2009-09-30": "892.77710", "2008-09-30": "835.84800", "2007-09-30": "563.01900", "2006-09-30": "380.14000", "2005-09-30": "230.35600"}, "Operating Income": {"2020-09-30": "112.58800", "2019-09-30": "107.16700", "2018-09-30": "-184.30400", "2017-09-30": "16.50700", "2016-09-30": "138.52290", "2015-09-30": "54.90890", "2014-09-30": "-21.36300", "2013-09-30": "48.48210", "2012-09-30": "126.18590", "2011-09-30": "52.55090", "2010-09-30": "32.91700", "2009-09-30": "57.57490", "2008-09-30": "32.61400", "2007-09-30": "38.97700", "2006-09-30": "8.37000", "2005-09-30": "2.03200"}, "Total Non-Operating Income/Expense": {"2020-09-30": "-102.55800", "2019-09-30": "-107.26000", "2018-09-30": "-129.69300", "2017-09-30": "-171.17700", "2016-09-30": "-136.78400", "2015-09-30": "-135.38100", "2014-09-30": "-133.65700", "2013-09-30": "-145.16200", "2012-09-30": "-60.88400", "2011-09-30": "-22.53400", "2010-09-30": "-33.98200", "2009-09-30": "-36.57100", "2008-09-30": "-55.02000", "2007-09-30": "-30.49000", "2006-09-30": "-15.44100", "2005-09-30": "-0.63700"}, "Pre-Tax Income": {"2020-09-30": "10.03000", "2019-09-30": "-0.09300", "2018-09-30": "-313.99700", "2017-09-30": "-154.67000", "2016-09-30": "1.73900", "2015-09-30": "-80.47200", "2014-09-30": "-155.02000", "2013-09-30": "-96.68000", "2012-09-30": "65.30200", "2011-09-30": "30.01700", "2010-09-30": "-1.06500", "2009-09-30": "21.00400", "2008-09-30": "-22.40600", "2007-09-30": "8.48700", "2006-09-30": "-7.07100", "2005-09-30": "1.39500"}, "Income Taxes": {"2020-09-30": "-18.75200", "2019-09-30": "12.10500", "2018-09-30": "-77.16000", "2017-09-30": "23.67100", "2016-09-30": "14.19700", "2015-09-30": "34.53800", "2014-09-30": "-4.67700", "2013-09-30": "18.55800", "2012-09-30": "-141.83300", "2011-09-30": "-8.22100", "2010-09-30": "18.03400", "2009-09-30": "40.39100", "2008-09-30": "14.55400", "2007-09-30": "22.50200", "2006-09-30": "15.14400", "2005-09-30": "6.81200"}, "Income After Taxes": {"2020-09-30": "28.78200", "2019-09-30": "-12.19800", "2018-09-30": "-236.83700", "2017-09-30": "-178.34100", "2016-09-30": "-12.45800", "2015-09-30": "-115.01000", "2014-09-30": "-150.34300", "2013-09-30": "-115.23800", "2012-09-30": "207.13500", "2011-09-30": "38.23800", "2010-09-30": "-19.09900", "2009-09-30": "-19.38700", "2008-09-30": "-36.96000", "2007-09-30": "-14.01500", "2006-09-30": "-22.21500", "2005-09-30": "-5.41700"}, "Other Income": {"2020-09-30": "", "2019-09-30": "", "2018-09-30": "", "2017-09-30": "", "2016-09-30": "", "2015-09-30": "", "2014-09-30": "", "2013-09-30": "", "2012-09-30": "", "2011-09-30": "", "2010-09-30": "", "2009-09-30": "", "2008-09-30": "", "2007-09-30": "", "2006-09-30": "", "2005-09-30": ""}, "Income From Continuous Operations": {"2020-09-30": "28.78200", "2019-09-30": "-12.19800", "2018-09-30": "-236.83700", "2017-09-30": "-178.34100", "2016-09-30": "-12.45800", "2015-09-30": "-115.01000", "2014-09-30": "-150.34300", "2013-09-30": "-115.23800", "2012-09-30": "207.13500", "2011-09-30": "38.23800", "2010-09-30": "-19.09900", "2009-09-30": "-19.38700", "2008-09-30": "-36.96000", "2007-09-30": "-14.01500", "2006-09-30": "-22.21500", "2005-09-30": "-5.41700"}, "Income From Discontinued Operations": {"2020-09-30": "-7.38600", "2019-09-30": "226.00800", "2018-09-30": "76.90900", "2017-09-30": "27.34500", "2016-09-30": "", "2015-09-30": "", "2014-09-30": "", "2013-09-30": "", "2012-09-30": "", "2011-09-30": "", "2010-09-30": "", "2009-09-30": "", "2008-09-30": "", "2007-09-30": "", "2006-09-30": "", "2005-09-30": ""}, "Net Income": {"2020-09-30": "21.39600", "2019-09-30": "213.81000", "2018-09-30": "-159.92800", "2017-09-30": "-150.99600", "2016-09-30": "-12.45800", "2015-09-30": "-115.01000", "2014-09-30": "-150.34300", "2013-09-30": "-115.23800", "2012-09-30": "204.75400", "2011-09-30": "38.23800", "2010-09-30": "-19.09900", "2009-09-30": "-19.38700", "2008-09-30": "-36.96000", "2007-09-30": "-14.01500", "2006-09-30": "-22.88700", "2005-09-30": "-5.41700"}, "EBITDA": {"2020-09-30": "229.06700", "2019-09-30": "236.20600", "2018-09-30": "143.43800", "2017-09-30": "220.50600", "2016-09-30": "369.99690", "2015-09-30": "285.55400", "2014-09-30": "200.41300", "2013-09-30": "257.14110", "2012-09-30": "313.36890", "2011-09-30": "223.48390", "2010-09-30": "190.07300", "2009-09-30": "191.63390", "2008-09-30": "131.61400", "2007-09-30": "88.81000", "2006-09-30": "46.81900", "2005-09-30": "20.18500"}, "EBIT": {"2020-09-30": "112.58800", "2019-09-30": "107.16700", "2018-09-30": "-184.30400", "2017-09-30": "16.50700", "2016-09-30": "138.52290", "2015-09-30": "54.90890", "2014-09-30": "-21.36300", "2013-09-30": "48.48210", "2012-09-30": "126.18590", "2011-09-30": "52.55090", "2010-09-30": "32.91700", "2009-09-30": "57.57490", "2008-09-30": "32.61400", "2007-09-30": "38.97700", "2006-09-30": "8.37000", "2005-09-30": "2.03200"}, "Basic Shares Outstanding": {"2020-09-30": "282.64400", "2019-09-30": "286.34700", "2018-09-30": "291.31800", "2017-09-30": "289.34800", "2016-09-30": "292.12900", "2015-09-30": "317.02800", "2014-09-30": "316.93600", "2013-09-30": "313.58700", "2012-09-30": "306.37100", "2011-09-30": "302.27700", "2010-09-30": "287.41200", "2009-09-30": "253.64400", "2008-09-30": "209.80100", "2007-09-30": "176.42400", "2006-09-30": "163.87300", "2005-09-30": "109.54000"}, "Shares Outstanding": {"2020-09-30": "291.99400", "2019-09-30": "286.34700", "2018-09-30": "291.31800", "2017-09-30": "289.34800", "2016-09-30": "292.12900", "2015-09-30": "317.02800", "2014-09-30": "316.93600", "2013-09-30": "313.58700", "2012-09-30": "320.82200", "2011-09-30": "315.96000", "2010-09-30": "287.41200", "2009-09-30": "253.64400", "2008-09-30": "209.80100", "2007-09-30": "176.42400", "2006-09-30": "163.87300", "2005-09-30": "109.54000"}, "Basic EPS": {"2020-09-30": "0.08000", "2019-09-30": "0.75000", "2018-09-30": "-0.55000", "2017-09-30": "-0.52000", "2016-09-30": "-0.04000", "2015-09-30": "-0.36000", "2014-09-30": "-0.47000", "2013-09-30": "-0.37000", "2012-09-30": "0.67000", "2011-09-30": "0.13000", "2010-09-30": "-0.07000", "2009-09-30": "-0.08000", "2008-09-30": "-0.18000", "2007-09-30": "-0.08000", "2006-09-30": "-0.14000", "2005-09-30": "-0.05000"}, "EPS - Earnings Per Share": {"2020-09-30": "0.07000", "2019-09-30": "0.75000", "2018-09-30": "-0.55000", "2017-09-30": "-0.52000", "2016-09-30": "-0.04000", "2015-09-30": "-0.36000", "2014-09-30": "-0.47000", "2013-09-30": "-0.37000", "2012-09-30": "0.65000", "2011-09-30": "0.12000", "2010-09-30": "-0.07000", "2009-09-30": "-0.08000", "2008-09-30": "-0.18000", "2007-09-30": "-0.08000", "2006-09-30": "-0.14000", "2005-09-30": "-0.05000"}}, "income statement, quarterly": {"Revenue": {"2020-09-30": "352.93090", "2020-06-30": "338.39800", "2020-03-31": "369.33700", "2019-12-31": "418.23300", "2019-09-30": "387.57500", "2019-06-30": "377.43700", "2019-03-31": "336.58400", "2018-12-31": "419.67500", "2018-09-30": "204.73400", "2018-06-30": "449.44900", "2018-03-31": "466.19300", "2017-12-31": "447.22400", "2017-09-30": "254.72310", "2017-06-30": "486.22100", "2017-03-31": "499.57300", "2016-12-31": "487.65800", "2016-09-30": "506.20400", "2016-06-30": "477.85100", "2016-03-31": "478.73300", "2015-12-31": "486.11500", "2015-09-30": "504.11900", "2015-06-30": "477.93900", "2015-03-31": "475.05900", "2014-12-31": "474.01900", "2014-09-30": "502.31400", "2014-06-30": "475.50400", "2014-03-31": "475.65300", "2013-12-31": "469.98000", "2013-09-30": "472.24300", "2013-06-30": "469.76900", "2013-03-31": "450.99900", "2012-12-31": "462.26800", "2012-09-30": "468.78100", "2012-06-30": "431.74400", "2012-03-31": "390.34100", "2011-12-31": "360.64300", "2011-09-30": "367.04100", "2011-06-30": "328.90900", "2011-03-31": "318.96200", "2010-12-31": "303.82900", "2010-09-30": "309.76300", "2010-06-30": "273.20300", "2010-03-31": "273.00500", "2009-12-31": "262.97700", "2009-09-30": "263.33300", "2009-06-30": "241.04000", "2009-03-31": "229.14500", "2008-12-31": "216.83400", "2008-09-30": "253.39200", "2008-06-30": "216.74400", "2008-03-31": "203.30200", "2007-12-31": "195.02400", "2007-09-30": "179.87400", "2007-06-30": "156.63900", "2007-03-31": "132.06200", "2006-12-31": "133.42100", "2006-09-30": "128.13400", "2006-06-30": "113.09600", "2006-03-31": "71.72800", "2005-12-31": "75.55200", "2005-09-30": "61.88300", "2005-06-30": "56.81400", "2005-03-31": "53.11300"}, "Cost Of Goods Sold": {"2020-09-30": "153.27500", "2020-06-30": "144.18200", "2020-03-31": "157.09300", "2019-12-31": "184.38900", "2019-09-30": "168.33500", "2019-06-30": "171.77000", "2019-03-31": "159.25900", "2018-12-31": "184.12000", "2018-09-30": "116.81300", "2018-06-30": "201.33100", "2018-03-31": "217.02000", "2017-12-31": "208.23800", "2017-09-30": "161.79700", "2017-06-30": "216.21300", "2017-03-31": "213.41800", "2016-12-31": "212.41000", "2016-09-30": "210.52400", "2016-06-30": "207.87800", "2016-03-31": "205.50000", "2015-12-31": "205.59800", "2015-09-30": "210.78100", "2015-06-30": "204.40000", "2015-03-31": "202.97600", "2014-12-31": "210.38500", "2014-09-30": "208.22910", "2014-06-30": "216.09300", "2014-03-31": "210.36400", "2013-12-31": "207.82000", "2013-09-30": "198.73510", "2013-06-30": "194.05800", "2013-03-31": "191.18500", "2012-12-31": "182.57200", "2012-09-30": "171.48500", "2012-06-30": "157.90000", "2012-03-31": "140.67200", "2011-12-31": "134.87200", "2011-09-30": "136.68500", "2011-06-30": "121.04400", "2011-03-31": "125.17300", "2010-12-31": "116.92200", "2010-09-30": "110.39700", "2010-06-30": "101.77800", "2010-03-31": "103.60000", "2009-12-31": "93.59500", "2009-09-30": "94.91410", "2009-06-30": "93.95900", "2009-03-31": "88.37800", "2008-12-31": "82.30000", "2008-09-30": "84.12100", "2008-06-30": "78.88500", "2008-03-31": "83.79600", "2007-12-31": "68.84100", "2007-09-30": "61.02700", "2007-06-30": "52.12700", "2007-03-31": "44.15800", "2006-12-31": "40.62900", "2006-09-30": "43.61600", "2006-06-30": "37.06800", "2006-03-31": "20.22200", "2005-12-31": "20.13700", "2005-09-30": "17.58600", "2005-06-30": "16.79600", "2005-03-31": "16.84900"}, "Gross Profit": {"2020-09-30": "199.65590", "2020-06-30": "194.21600", "2020-03-31": "212.24400", "2019-12-31": "233.84400", "2019-09-30": "219.24000", "2019-06-30": "205.66700", "2019-03-31": "177.32500", "2018-12-31": "235.55500", "2018-09-30": "87.92100", "2018-06-30": "248.11800", "2018-03-31": "249.17300", "2017-12-31": "238.98600", "2017-09-30": "92.92620", "2017-06-30": "270.00800", "2017-03-31": "286.15500", "2016-12-31": "275.24800", "2016-09-30": "295.68000", "2016-06-30": "269.97300", "2016-03-31": "273.23300", "2015-12-31": "280.51700", "2015-09-30": "293.33810", "2015-06-30": "273.53900", "2015-03-31": "272.08300", "2014-12-31": "263.63400", "2014-09-30": "294.08490", "2014-06-30": "259.41100", "2014-03-31": "265.28900", "2013-12-31": "262.16000", "2013-09-30": "273.50790", "2013-06-30": "275.71100", "2013-03-31": "259.81400", "2012-12-31": "279.69600", "2012-09-30": "297.29600", "2012-06-30": "273.84400", "2012-03-31": "249.66900", "2011-12-31": "225.77100", "2011-09-30": "230.35600", "2011-06-30": "207.86500", "2011-03-31": "193.78900", "2010-12-31": "186.90700", "2010-09-30": "199.36600", "2010-06-30": "171.42500", "2010-03-31": "169.40500", "2009-12-31": "169.38200", "2009-09-30": "168.41890", "2009-06-30": "147.08100", "2009-03-31": "140.76700", "2008-12-31": "134.53400", "2008-09-30": "169.27100", "2008-06-30": "137.85900", "2008-03-31": "119.50600", "2007-12-31": "126.18300", "2007-09-30": "118.84700", "2007-06-30": "104.51200", "2007-03-31": "87.90400", "2006-12-31": "92.79200", "2006-09-30": "84.51800", "2006-06-30": "76.02800", "2006-03-31": "51.50600", "2005-12-31": "55.41500", "2005-09-30": "44.29700", "2005-06-30": "40.01800", "2005-03-31": "36.26400"}, "Research And Development Expenses": {"2020-09-30": "56.53500", "2020-06-30": "55.23700", "2020-03-31": "57.90900", "2019-12-31": "56.55300", "2019-09-30": "52.93500", "2019-06-30": "47.07400", "2019-03-31": "45.75800", "2018-12-31": "46.86600", "2018-09-30": "4.97800", "2018-06-30": "69.42700", "2018-03-31": "66.69800", "2017-12-31": "66.08600", "2017-09-30": "40.80600", "2017-06-30": "66.56500", "2017-03-31": "66.23200", "2016-12-31": "66.32200", "2016-09-30": "65.61800", "2016-06-30": "67.76100", "2016-03-31": "67.22600", "2015-12-31": "70.52500", "2015-09-30": "72.38900", "2015-06-30": "78.18800", "2015-03-31": "73.72300", "2014-12-31": "82.56700", "2014-09-30": "81.58700", "2014-06-30": "87.13700", "2014-03-31": "84.58100", "2013-12-31": "80.47000", "2013-09-30": "77.67300", "2013-06-30": "73.13400", "2013-03-31": "69.68100", "2012-12-31": "68.72100", "2012-09-30": "63.31100", "2012-06-30": "56.08400", "2012-03-31": "53.99200", "2011-12-31": "52.05400", "2011-09-30": "49.47900", "2011-06-30": "42.24500", "2011-03-31": "46.27200", "2010-12-31": "41.38100", "2010-09-30": "38.27400", "2010-06-30": "38.91600", "2010-03-31": "37.93100", "2009-12-31": "36.95000", "2009-09-30": "31.15200", "2009-06-30": "27.74200", "2009-03-31": "27.33000", "2008-12-31": "30.55000", "2008-09-30": "26.96600", "2008-06-30": "27.06800", "2008-03-31": "30.90800", "2007-12-31": "27.84600", "2007-09-30": "26.27600", "2007-06-30": "19.66100", "2007-03-31": "17.57500", "2006-12-31": "16.51200", "2006-09-30": "17.88700", "2006-06-30": "16.45700", "2006-03-31": "12.90200", "2005-12-31": "12.15700", "2005-09-30": "9.89900", "2005-06-30": "9.89100", "2005-03-31": "10.20600"}, "SG&A Expenses": {"2020-09-30": "113.47500", "2020-06-30": "102.01600", "2020-03-31": "109.40000", "2019-12-31": "104.78600", "2019-09-30": "117.12800", "2019-06-30": "111.16500", "2019-03-31": "107.54000", "2018-12-31": "110.83600", "2018-09-30": "92.50000", "2018-06-30": "127.48600", "2018-03-31": "148.04000", "2017-12-31": "132.33300", "2017-09-30": "71.59700", "2017-06-30": "139.34000", "2017-03-31": "135.19200", "2016-12-31": "141.30600", "2016-09-30": "143.13100", "2016-06-30": "136.34000", "2016-03-31": "138.77700", "2015-12-31": "141.09100", "2015-09-30": "154.54400", "2015-06-30": "141.41500", "2015-03-31": "140.36400", "2014-12-31": "161.81700", "2014-09-30": "166.95000", "2014-06-30": "143.51500", "2014-03-31": "141.96200", "2013-12-31": "163.38200", "2013-09-30": "156.93800", "2013-06-30": "149.64300", "2013-03-31": "131.21000", "2012-12-31": "161.91900", "2012-09-30": "149.13600", "2012-06-30": "136.17200", "2012-03-31": "125.50300", "2011-12-31": "121.71200", "2011-09-30": "123.95400", "2011-06-30": "109.23700", "2011-03-31": "111.32500", "2010-12-31": "109.52600", "2010-09-30": "102.94600", "2010-06-30": "97.10600", "2010-03-31": "95.20400", "2009-12-31": "93.01300", "2009-09-30": "82.06800", "2009-06-30": "74.74000", "2009-03-31": "75.38000", "2008-12-31": "86.06300", "2008-09-30": "77.08600", "2008-06-30": "82.84900", "2008-03-31": "84.84000", "2007-12-31": "81.24200", "2007-09-30": "75.42700", "2007-06-30": "66.43800", "2007-03-31": "59.40100", "2006-12-31": "59.24600", "2006-09-30": "53.02600", "2006-06-30": "51.49200", "2006-03-31": "36.25700", "2005-12-31": "42.98000", "2005-09-30": "31.68900", "2005-06-30": "26.55200", "2005-03-31": "26.52200"}, "Other Operating Income Or Expenses": {"2020-09-30": "", "2020-06-30": "", "2020-03-31": "", "2019-12-31": "", "2019-09-30": "", "2019-06-30": "", "2019-03-31": "", "2018-12-31": "", "2018-09-30": "", "2018-06-30": "", "2018-03-31": "", "2017-12-31": "", "2017-09-30": "", "2017-06-30": "", "2017-03-31": "", "2016-12-31": "", "2016-09-30": "", "2016-06-30": "", "2016-03-31": "", "2015-12-31": "", "2015-09-30": "", "2015-06-30": "", "2015-03-31": "", "2014-12-31": "", "2014-09-30": "", "2014-06-30": "", "2014-03-31": "", "2013-12-31": "", "2013-09-30": "", "2013-06-30": "", "2013-03-31": "", "2012-12-31": "", "2012-09-30": "", "2012-06-30": "", "2012-03-31": "", "2011-12-31": "", "2011-09-30": "", "2011-06-30": "", "2011-03-31": "", "2010-12-31": "", "2010-09-30": "", "2010-06-30": "", "2010-03-31": "", "2009-12-31": "", "2009-09-30": "", "2009-06-30": "", "2009-03-31": "", "2008-12-31": "", "2008-09-30": "", "2008-06-30": "", "2008-03-31": "", "2007-12-31": "", "2007-09-30": "", "2007-06-30": "", "2007-03-31": "", "2006-12-31": "", "2006-09-30": "", "2006-06-30": "", "2006-03-31": "", "2005-12-31": "", "2005-09-30": "", "2005-06-30": "", "2005-03-31": ""}, "Operating Expenses": {"2020-09-30": "339.99400", "2020-06-30": "315.95800", "2020-03-31": "344.23200", "2019-12-31": "366.12700", "2019-09-30": "356.79990", "2019-06-30": "346.10800", "2019-03-31": "338.29000", "2018-12-31": "372.90600", "2018-09-30": "279.61490", "2018-06-30": "428.35800", "2018-03-31": "599.30300", "2017-12-31": "444.62800", "2017-09-30": "308.03900", "2017-06-30": "471.95900", "2017-03-31": "468.04400", "2016-12-31": "463.62600", "2016-09-30": "460.77190", "2016-06-30": "449.16500", "2016-03-31": "445.82800", "2015-12-31": "454.61500", "2015-09-30": "475.46110", "2015-06-30": "463.60500", "2015-03-31": "448.58100", "2014-12-31": "488.58000", "2014-09-30": "492.27200", "2014-06-30": "491.76400", "2014-03-31": "474.99900", "2013-12-31": "485.77910", "2013-09-30": "468.55200", "2013-06-30": "443.62000", "2013-03-31": "438.58700", "2012-12-31": "456.03800", "2012-09-30": "422.16310", "2012-06-30": "394.25000", "2012-03-31": "359.59400", "2011-12-31": "349.31600", "2011-09-30": "358.59110", "2011-06-30": "302.95700", "2011-03-31": "309.08400", "2010-12-31": "295.55800", "2010-09-30": "279.01610", "2010-06-30": "268.64100", "2010-03-31": "279.27000", "2009-12-31": "259.10400", "2009-09-30": "230.89210", "2009-06-30": "223.92400", "2009-03-31": "213.69900", "2008-12-31": "224.26200", "2008-09-30": "221.40900", "2008-06-30": "205.83400", "2008-03-31": "217.02500", "2007-12-31": "191.58000", "2007-09-30": "170.71300", "2007-06-30": "144.51900", "2007-03-31": "126.25000", "2006-12-31": "121.53700", "2006-09-30": "121.34000", "2006-06-30": "111.46100", "2006-03-31": "70.06500", "2005-12-31": "77.27400", "2005-09-30": "64.91100", "2005-06-30": "56.40200", "2005-03-31": "54.55600"}, "Operating Income": {"2020-09-30": "12.93690", "2020-06-30": "22.44000", "2020-03-31": "25.10500", "2019-12-31": "52.10600", "2019-09-30": "30.77510", "2019-06-30": "31.32900", "2019-03-31": "-1.70600", "2018-12-31": "46.76900", "2018-09-30": "-74.88090", "2018-06-30": "21.09100", "2018-03-31": "-133.11000", "2017-12-31": "2.59600", "2017-09-30": "-53.31590", "2017-06-30": "14.26200", "2017-03-31": "31.52900", "2016-12-31": "24.03200", "2016-09-30": "45.43200", "2016-06-30": "28.68600", "2016-03-31": "32.90500", "2015-12-31": "31.50000", "2015-09-30": "28.65800", "2015-06-30": "14.33400", "2015-03-31": "26.47800", "2014-12-31": "-14.56100", "2014-09-30": "10.04200", "2014-06-30": "-16.26000", "2014-03-31": "0.65400", "2013-12-31": "-15.79900", "2013-09-30": "3.69100", "2013-06-30": "26.14900", "2013-03-31": "12.41200", "2012-12-31": "6.23000", "2012-09-30": "46.61790", "2012-06-30": "37.49400", "2012-03-31": "30.74700", "2011-12-31": "11.32700", "2011-09-30": "8.44990", "2011-06-30": "25.95200", "2011-03-31": "9.87800", "2010-12-31": "8.27100", "2010-09-30": "30.74700", "2010-06-30": "4.56200", "2010-03-31": "-6.26500", "2009-12-31": "3.87300", "2009-09-30": "32.44090", "2009-06-30": "17.11600", "2009-03-31": "15.44600", "2008-12-31": "-7.42800", "2008-09-30": "31.98290", "2008-06-30": "10.91000", "2008-03-31": "-13.72300", "2007-12-31": "3.44400", "2007-09-30": "9.16100", "2007-06-30": "12.12000", "2007-03-31": "5.81200", "2006-12-31": "11.88400", "2006-09-30": "6.79400", "2006-06-30": "1.63500", "2006-03-31": "1.66300", "2005-12-31": "-1.72200", "2005-09-30": "-3.02800", "2005-06-30": "0.41200", "2005-03-31": "-1.44300"}, "Total Non-Operating Income/Expense": {"2020-09-30": "-22.64600", "2020-06-30": "-22.43800", "2020-03-31": "-23.80500", "2019-12-31": "-33.66900", "2019-09-30": "-27.79400", "2019-06-30": "-21.29600", "2019-03-31": "-27.28200", "2018-12-31": "-30.88800", "2018-09-30": "-31.30300", "2018-06-30": "-32.25200", "2018-03-31": "-32.03800", "2017-12-31": "-34.10000", "2017-09-30": "-37.88400", "2017-06-30": "-39.48900", "2017-03-31": "-56.19600", "2016-12-31": "-37.60800", "2016-09-30": "-37.61900", "2016-06-30": "-32.66100", "2016-03-31": "-30.70600", "2015-12-31": "-35.79800", "2015-09-30": "-28.55300", "2015-06-30": "-47.19100", "2015-03-31": "-29.51700", "2014-12-31": "-30.12000", "2014-09-30": "-32.50600", "2014-06-30": "-31.02800", "2014-03-31": "-33.48700", "2013-12-31": "-36.63600", "2013-09-30": "-36.55600", "2013-06-30": "-34.13300", "2013-03-31": "-37.58600", "2012-12-31": "-36.88700", "2012-09-30": "-24.96900", "2012-06-30": "-6.12900", "2012-03-31": "-18.39000", "2011-12-31": "-11.39600", "2011-09-30": "-6.79800", "2011-06-30": "-7.72100", "2011-03-31": "-5.75600", "2010-12-31": "-2.25900", "2010-09-30": "-15.06700", "2010-06-30": "-4.26100", "2010-03-31": "-6.84300", "2009-12-31": "-7.81100", "2009-09-30": "-4.86700", "2009-06-30": "-13.26100", "2009-03-31": "-11.16400", "2008-12-31": "-7.27900", "2008-09-30": "-16.82800", "2008-06-30": "-11.64900", "2008-03-31": "-12.29900", "2007-12-31": "-14.24400", "2007-09-30": "-9.81300", "2007-06-30": "-7.37100", "2007-03-31": "-6.50600", "2006-12-31": "-6.80000", "2006-09-30": "-7.38900", "2006-06-30": "-6.86700", "2006-03-31": "-0.98700", "2005-12-31": "-0.19800", "2005-09-30": "-0.17900", "2005-06-30": "0.10800", "2005-03-31": "0.32400"}, "Pre-Tax Income": {"2020-09-30": "-9.70900", "2020-06-30": "0.00200", "2020-03-31": "1.30000", "2019-12-31": "18.43700", "2019-09-30": "2.98100", "2019-06-30": "10.03300", "2019-03-31": "-28.98800", "2018-12-31": "15.88100", "2018-09-30": "-106.18400", "2018-06-30": "-11.16100", "2018-03-31": "-165.14800", "2017-12-31": "-31.50400", "2017-09-30": "-91.20000", "2017-06-30": "-25.22700", "2017-03-31": "-24.66700", "2016-12-31": "-13.57600", "2016-09-30": "7.81300", "2016-06-30": "-3.97500", "2016-03-31": "2.19900", "2015-12-31": "-4.29800", "2015-09-30": "0.10500", "2015-06-30": "-32.85700", "2015-03-31": "-3.03900", "2014-12-31": "-44.68100", "2014-09-30": "-22.46400", "2014-06-30": "-47.28800", "2014-03-31": "-32.83300", "2013-12-31": "-52.43500", "2013-09-30": "-32.86500", "2013-06-30": "-7.98400", "2013-03-31": "-25.17400", "2012-12-31": "-30.65700", "2012-09-30": "21.64900", "2012-06-30": "31.36500", "2012-03-31": "12.35700", "2011-12-31": "-0.06900", "2011-09-30": "1.65200", "2011-06-30": "18.23100", "2011-03-31": "4.12200", "2010-12-31": "6.01200", "2010-09-30": "15.68000", "2010-06-30": "0.30100", "2010-03-31": "-13.10800", "2009-12-31": "-3.93800", "2009-09-30": "27.57400", "2009-06-30": "3.85500", "2009-03-31": "4.28200", "2008-12-31": "-14.70700", "2008-09-30": "15.15500", "2008-06-30": "-0.73900", "2008-03-31": "-26.02200", "2007-12-31": "-10.80000", "2007-09-30": "-0.65200", "2007-06-30": "4.74900", "2007-03-31": "-0.69400", "2006-12-31": "5.08400", "2006-09-30": "-0.59500", "2006-06-30": "-5.23200", "2006-03-31": "0.67600", "2005-12-31": "-1.92000", "2005-09-30": "-3.20700", "2005-06-30": "0.52000", "2005-03-31": "-1.11900"}, "Income Taxes": {"2020-09-30": "19.53800", "2020-06-30": "-16.66000", "2020-03-31": "14.81000", "2019-12-31": "-36.44000", "2019-09-30": "-0.02400", "2019-06-30": "10.72000", "2019-03-31": "-0.59100", "2018-12-31": "2.00000", "2018-09-30": "-9.74300", "2018-06-30": "9.55900", "2018-03-31": "1.99300", "2017-12-31": "-78.96900", "2017-09-30": "1.56800", "2017-06-30": "2.60900", "2017-03-31": "9.14100", "2016-12-31": "10.35300", "2016-09-30": "-10.66100", "2016-06-30": "7.84600", "2016-03-31": "9.24500", "2015-12-31": "7.76700", "2015-09-30": "11.13200", "2015-06-30": "6.53300", "2015-03-31": "11.05900", "2014-12-31": "5.81400", "2014-09-30": "-21.00800", "2014-06-30": "6.95900", "2014-03-31": "6.39400", "2013-12-31": "2.97800", "2013-09-30": "-0.54500", "2013-06-30": "26.99000", "2013-03-31": "0.67400", "2012-12-31": "-8.56100", "2012-09-30": "-95.99200", "2012-06-30": "-47.89900", "2012-03-31": "11.46700", "2011-12-31": "-9.40900", "2011-09-30": "6.76100", "2011-06-30": "-23.39000", "2011-03-31": "2.38700", "2010-12-31": "6.02100", "2010-09-30": "13.57500", "2010-06-30": "1.83100", "2010-03-31": "2.28800", "2009-12-31": "0.34000", "2009-09-30": "23.10800", "2009-06-30": "6.67000", "2009-03-31": "-0.99800", "2008-12-31": "11.61100", "2008-09-30": "0.03300", "2008-06-30": "9.12700", "2008-03-31": "0.76900", "2007-12-31": "4.62500", "2007-09-30": "2.76200", "2007-06-30": "12.38400", "2007-03-31": "1.03700", "2006-12-31": "6.31900", "2006-09-30": "6.62000", "2006-06-30": "4.16800", "2006-03-31": "2.05600", "2005-12-31": "2.30000", "2005-09-30": "4.50900", "2005-06-30": "0.36000", "2005-03-31": "-0.11700"}, "Income After Taxes": {"2020-09-30": "-29.24700", "2020-06-30": "16.66200", "2020-03-31": "-13.51000", "2019-12-31": "54.87700", "2019-09-30": "3.00500", "2019-06-30": "-0.68700", "2019-03-31": "-28.39700", "2018-12-31": "13.88100", "2018-09-30": "-96.44100", "2018-06-30": "-20.72000", "2018-03-31": "-167.14100", "2017-12-31": "47.46500", "2017-09-30": "-92.76800", "2017-06-30": "-27.83600", "2017-03-31": "-33.80800", "2016-12-31": "-23.92900", "2016-09-30": "18.47400", "2016-06-30": "-11.82100", "2016-03-31": "-7.04600", "2015-12-31": "-12.06500", "2015-09-30": "-11.02700", "2015-06-30": "-39.39000", "2015-03-31": "-14.09800", "2014-12-31": "-50.49500", "2014-09-30": "-1.45600", "2014-06-30": "-54.24700", "2014-03-31": "-39.22700", "2013-12-31": "-55.41300", "2013-09-30": "-32.32000", "2013-06-30": "-34.97400", "2013-03-31": "-25.84800", "2012-12-31": "-22.09600", "2012-09-30": "117.64100", "2012-06-30": "79.26400", "2012-03-31": "0.89000", "2011-12-31": "9.34000", "2011-09-30": "-5.10900", "2011-06-30": "41.62100", "2011-03-31": "1.73500", "2010-12-31": "-0.00900", "2010-09-30": "2.10500", "2010-06-30": "-1.53000", "2010-03-31": "-15.39600", "2009-12-31": "-4.27800", "2009-09-30": "4.46600", "2009-06-30": "-2.81500", "2009-03-31": "5.28000", "2008-12-31": "-26.31800", "2008-09-30": "15.12200", "2008-06-30": "-9.86600", "2008-03-31": "-26.79100", "2007-12-31": "-15.42500", "2007-09-30": "-3.41400", "2007-06-30": "-7.63500", "2007-03-31": "-1.73100", "2006-12-31": "-1.23500", "2006-09-30": "-7.21500", "2006-06-30": "-9.40000", "2006-03-31": "-1.38000", "2005-12-31": "-4.22000", "2005-09-30": "-7.71600", "2005-06-30": "0.16000", "2005-03-31": "-1.00200"}, "Other Income": {"2020-09-30": "", "2020-06-30": "", "2020-03-31": "", "2019-12-31": "", "2019-09-30": "", "2019-06-30": "", "2019-03-31": "", "2018-12-31": "", "2018-09-30": "", "2018-06-30": "", "2018-03-31": "", "2017-12-31": "", "2017-09-30": "", "2017-06-30": "", "2017-03-31": "", "2016-12-31": "", "2016-09-30": "", "2016-06-30": "", "2016-03-31": "", "2015-12-31": "", "2015-09-30": "", "2015-06-30": "", "2015-03-31": "", "2014-12-31": "", "2014-09-30": "", "2014-06-30": "", "2014-03-31": "", "2013-12-31": "", "2013-09-30": "", "2013-06-30": "", "2013-03-31": "", "2012-12-31": "", "2012-09-30": "", "2012-06-30": "", "2012-03-31": "", "2011-12-31": "", "2011-09-30": "", "2011-06-30": "", "2011-03-31": "", "2010-12-31": "", "2010-09-30": "", "2010-06-30": "", "2010-03-31": "", "2009-12-31": "", "2009-09-30": "", "2009-06-30": "", "2009-03-31": "", "2008-12-31": "", "2008-09-30": "", "2008-06-30": "", "2008-03-31": "", "2007-12-31": "", "2007-09-30": "", "2007-06-30": "", "2007-03-31": "", "2006-12-31": "", "2006-09-30": "", "2006-06-30": "", "2006-03-31": "", "2005-12-31": "", "2005-09-30": "", "2005-06-30": "", "2005-03-31": ""}, "Income From Continuous Operations": {"2020-09-30": "-29.24700", "2020-06-30": "16.66200", "2020-03-31": "-13.51000", "2019-12-31": "54.87700", "2019-09-30": "3.00500", "2019-06-30": "-0.68700", "2019-03-31": "-28.39700", "2018-12-31": "13.88100", "2018-09-30": "-96.44100", "2018-06-30": "-20.72000", "2018-03-31": "-167.14100", "2017-12-31": "47.46500", "2017-09-30": "-92.76800", "2017-06-30": "-27.83600", "2017-03-31": "-33.80800", "2016-12-31": "-23.92900", "2016-09-30": "18.47400", "2016-06-30": "-11.82100", "2016-03-31": "-7.04600", "2015-12-31": "-12.06500", "2015-09-30": "-11.02700", "2015-06-30": "-39.39000", "2015-03-31": "-14.09800", "2014-12-31": "-50.49500", "2014-09-30": "-1.45600", "2014-06-30": "-54.24700", "2014-03-31": "-39.22700", "2013-12-31": "-55.41300", "2013-09-30": "-32.32000", "2013-06-30": "-34.97400", "2013-03-31": "-25.84800", "2012-12-31": "-22.09600", "2012-09-30": "117.64100", "2012-06-30": "79.26400", "2012-03-31": "0.89000", "2011-12-31": "9.34000", "2011-09-30": "-5.10900", "2011-06-30": "41.62100", "2011-03-31": "1.73500", "2010-12-31": "-0.00900", "2010-09-30": "2.10500", "2010-06-30": "-1.53000", "2010-03-31": "-15.39600", "2009-12-31": "-4.27800", "2009-09-30": "4.46600", "2009-06-30": "-2.81500", "2009-03-31": "5.28000", "2008-12-31": "-26.31800", "2008-09-30": "15.12200", "2008-06-30": "-9.86600", "2008-03-31": "-26.79100", "2007-12-31": "-15.42500", "2007-09-30": "-3.41400", "2007-06-30": "-7.63500", "2007-03-31": "-1.73100", "2006-12-31": "-1.23500", "2006-09-30": "-7.21500", "2006-06-30": "-9.40000", "2006-03-31": "-1.38000", "2005-12-31": "-4.22000", "2005-09-30": "-7.71600", "2005-06-30": "0.16000", "2005-03-31": "-1.00200"}, "Income From Discontinued Operations": {"2020-09-30": "-1.19400", "2020-06-30": "", "2020-03-31": "", "2019-12-31": "-6.19200", "2019-09-30": "105.12400", "2019-06-30": "9.94600", "2019-03-31": "105.72900", "2018-12-31": "5.20900", "2018-09-30": "61.37500", "2018-06-30": "6.68300", "2018-03-31": "3.08800", "2017-12-31": "5.76300", "2017-09-30": "", "2017-06-30": "", "2017-03-31": "", "2016-12-31": "", "2016-09-30": "", "2016-06-30": "", "2016-03-31": "", "2015-12-31": "", "2015-09-30": "", "2015-06-30": "", "2015-03-31": "", "2014-12-31": "", "2014-09-30": "", "2014-06-30": "", "2014-03-31": "", "2013-12-31": "", "2013-09-30": "", "2013-06-30": "", "2013-03-31": "", "2012-12-31": "", "2012-09-30": "", "2012-06-30": "", "2012-03-31": "", "2011-12-31": "", "2011-09-30": "", "2011-06-30": "", "2011-03-31": "", "2010-12-31": "", "2010-09-30": "", "2010-06-30": "", "2010-03-31": "", "2009-12-31": "", "2009-09-30": "", "2009-06-30": "", "2009-03-31": "", "2008-12-31": "", "2008-09-30": "", "2008-06-30": "", "2008-03-31": "", "2007-12-31": "", "2007-09-30": "", "2007-06-30": "", "2007-03-31": "", "2006-12-31": "", "2006-09-30": "", "2006-06-30": "", "2006-03-31": "", "2005-12-31": "", "2005-09-30": "", "2005-06-30": "", "2005-03-31": ""}, "Net Income": {"2020-09-30": "-30.44100", "2020-06-30": "16.66200", "2020-03-31": "-13.51000", "2019-12-31": "48.68500", "2019-09-30": "108.12900", "2019-06-30": "9.25900", "2019-03-31": "77.33200", "2018-12-31": "19.09000", "2018-09-30": "-35.06600", "2018-06-30": "-14.03700", "2018-03-31": "-164.05300", "2017-12-31": "53.22800", "2017-09-30": "-65.42300", "2017-06-30": "-27.83600", "2017-03-31": "-33.80800", "2016-12-31": "-23.92900", "2016-09-30": "18.47400", "2016-06-30": "-11.82100", "2016-03-31": "-7.04600", "2015-12-31": "-12.06500", "2015-09-30": "-11.02700", "2015-06-30": "-39.39000", "2015-03-31": "-14.09800", "2014-12-31": "-50.49500", "2014-09-30": "-1.45600", "2014-06-30": "-54.24700", "2014-03-31": "-39.22700", "2013-12-31": "-55.41300", "2013-09-30": "-32.32000", "2013-06-30": "-34.97400", "2013-03-31": "-25.84800", "2012-12-31": "-22.09600", "2012-09-30": "116.28800", "2012-06-30": "78.35400", "2012-03-31": "0.88000", "2011-12-31": "9.23200", "2011-09-30": "-4.60600", "2011-06-30": "41.13800", "2011-03-31": "1.71500", "2010-12-31": "-0.00900", "2010-09-30": "2.10500", "2010-06-30": "-1.53000", "2010-03-31": "-15.39600", "2009-12-31": "-4.27800", "2009-09-30": "4.46600", "2009-06-30": "-2.81500", "2009-03-31": "5.28000", "2008-12-31": "-26.31800", "2008-09-30": "15.12200", "2008-06-30": "-9.86600", "2008-03-31": "-26.79100", "2007-12-31": "-15.42500", "2007-09-30": "-3.41400", "2007-06-30": "-7.63500", "2007-03-31": "-1.73100", "2006-12-31": "-1.23500", "2006-09-30": "-7.21500", "2006-06-30": "-9.40000", "2006-03-31": "-1.38000", "2005-12-31": "-4.89200", "2005-09-30": "-7.71600", "2005-06-30": "0.16000", "2005-03-31": "-1.00200"}, "EBITDA": {"2020-09-30": "45.53290", "2020-06-30": "49.56000", "2020-03-31": "52.50900", "2019-12-31": "81.46500", "2019-09-30": "61.06110", "2019-06-30": "62.01100", "2019-03-31": "31.48800", "2018-12-31": "81.64600", "2018-09-30": "-27.38690", "2018-06-30": "69.18700", "2018-03-31": "51.20900", "2017-12-31": "50.42900", "2017-09-30": "-24.27190", "2017-06-30": "72.57300", "2017-03-31": "90.16700", "2016-12-31": "82.03800", "2016-09-30": "103.81300", "2016-06-30": "85.95300", "2016-03-31": "90.45600", "2015-12-31": "89.77500", "2015-09-30": "87.41100", "2015-06-30": "72.20600", "2015-03-31": "83.32500", "2014-12-31": "42.61200", "2014-09-30": "66.53800", "2014-06-30": "39.60300", "2014-03-31": "54.96200", "2013-12-31": "39.31000", "2013-09-30": "57.24100", "2013-06-30": "78.68200", "2013-03-31": "64.55900", "2012-12-31": "56.65900", "2012-09-30": "94.28290", "2012-06-30": "86.72200", "2012-03-31": "75.20200", "2011-12-31": "57.16200", "2011-09-30": "53.66390", "2011-06-30": "66.94800", "2011-03-31": "52.08400", "2010-12-31": "50.78800", "2010-09-30": "71.16500", "2010-06-30": "43.32300", "2010-03-31": "33.48200", "2009-12-31": "42.10300", "2009-09-30": "69.10190", "2009-06-30": "51.58100", "2009-03-31": "48.44300", "2008-12-31": "22.50800", "2008-09-30": "61.15290", "2008-06-30": "34.44200", "2008-03-31": "12.38100", "2007-12-31": "23.63800", "2007-09-30": "24.65100", "2007-06-30": "24.88700", "2007-03-31": "16.74000", "2006-12-31": "22.53200", "2006-09-30": "21.29000", "2006-06-30": "13.22400", "2006-03-31": "7.85400", "2005-12-31": "4.45100", "2005-09-30": "1.77100", "2005-06-30": "4.45000", "2005-03-31": "3.35800"}, "EBIT": {"2020-09-30": "12.93700", "2020-06-30": "22.44000", "2020-03-31": "25.10500", "2019-12-31": "52.10600", "2019-09-30": "30.77500", "2019-06-30": "31.32900", "2019-03-31": "-1.70600", "2018-12-31": "46.76900", "2018-09-30": "-74.88090", "2018-06-30": "21.09100", "2018-03-31": "-133.11000", "2017-12-31": "2.59600", "2017-09-30": "-53.31600", "2017-06-30": "14.26200", "2017-03-31": "31.52900", "2016-12-31": "24.03200", "2016-09-30": "45.43200", "2016-06-30": "28.68600", "2016-03-31": "32.90500", "2015-12-31": "31.50000", "2015-09-30": "28.65790", "2015-06-30": "14.33400", "2015-03-31": "26.47800", "2014-12-31": "-14.56100", "2014-09-30": "10.04200", "2014-06-30": "-16.26000", "2014-03-31": "0.65400", "2013-12-31": "-15.79900", "2013-09-30": "3.69110", "2013-06-30": "26.14900", "2013-03-31": "12.41200", "2012-12-31": "6.23000", "2012-09-30": "46.61790", "2012-06-30": "37.49400", "2012-03-31": "30.74700", "2011-12-31": "11.32700", "2011-09-30": "8.44990", "2011-06-30": "25.95200", "2011-03-31": "9.87800", "2010-12-31": "8.27100", "2010-09-30": "30.74690", "2010-06-30": "4.56200", "2010-03-31": "-6.26500", "2009-12-31": "3.87300", "2009-09-30": "32.44090", "2009-06-30": "17.11600", "2009-03-31": "15.44600", "2008-12-31": "-7.42800", "2008-09-30": "31.98290", "2008-06-30": "10.91000", "2008-03-31": "-13.72300", "2007-12-31": "3.44400", "2007-09-30": "9.16100", "2007-06-30": "12.12000", "2007-03-31": "5.81200", "2006-12-31": "11.88400", "2006-09-30": "6.79400", "2006-06-30": "1.63500", "2006-03-31": "1.66300", "2005-12-31": "-1.72200", "2005-09-30": "-3.02800", "2005-06-30": "0.41200", "2005-03-31": "-1.44300"}, "Basic Shares Outstanding": {"2020-09-30": "282.64400", "2020-06-30": "281.28100", "2020-03-31": "282.57600", "2019-12-31": "284.13000", "2019-09-30": "286.34700", "2019-06-30": "285.94200", "2019-03-31": "285.86600", "2018-12-31": "287.79600", "2018-09-30": "291.31800", "2018-06-30": "292.66300", "2018-03-31": "294.10300", "2017-12-31": "291.36700", "2017-09-30": "289.34800", "2017-06-30": "287.85600", "2017-03-31": "291.02100", "2016-12-31": "288.95300", "2016-09-30": "292.12900", "2016-06-30": "279.37300", "2016-03-31": "298.02100", "2015-12-31": "307.79400", "2015-09-30": "317.02800", "2015-06-30": "312.68000", "2015-03-31": "322.87900", "2014-12-31": "321.75100", "2014-09-30": "316.93600", "2014-06-30": "317.61000", "2014-03-31": "316.59300", "2013-12-31": "314.81800", "2013-09-30": "313.58700", "2013-06-30": "315.44100", "2013-03-31": "315.47300", "2012-12-31": "312.57100", "2012-09-30": "306.37100", "2012-06-30": "306.76600", "2012-03-31": "305.28200", "2011-12-31": "304.01100", "2011-09-30": "302.27700", "2011-06-30": "303.10000", "2011-03-31": "300.93700", "2010-12-31": "298.63300", "2010-09-30": "287.41200", "2010-06-30": "291.61000", "2010-03-31": "284.99400", "2009-12-31": "279.06800", "2009-09-30": "253.64400", "2009-06-30": "260.75000", "2009-03-31": "250.65600", "2008-12-31": "236.23700", "2008-09-30": "209.80100", "2008-06-30": "213.68300", "2008-03-31": "206.34800", "2007-12-31": "194.52800", "2007-09-30": "176.42400", "2007-06-30": "180.35600", "2007-03-31": "171.74700", "2006-12-31": "169.50500", "2006-09-30": "163.87300", "2006-06-30": "167.48200", "2006-03-31": "163.40700", "2005-12-31": "156.38900", "2005-09-30": "109.54000", "2005-06-30": "108.71300", "2005-03-31": "105.56300"}, "Shares Outstanding": {"2020-09-30": "291.99400", "2020-06-30": "287.85200", "2020-03-31": "282.57600", "2019-12-31": "289.45300", "2019-09-30": "286.34700", "2019-06-30": "285.94200", "2019-03-31": "285.86600", "2018-12-31": "292.35900", "2018-09-30": "291.31800", "2018-06-30": "292.66300", "2018-03-31": "294.10300", "2017-12-31": "295.99500", "2017-09-30": "289.34800", "2017-06-30": "287.85600", "2017-03-31": "291.02100", "2016-12-31": "288.95300", "2016-09-30": "292.12900", "2016-06-30": "279.37300", "2016-03-31": "298.02100", "2015-12-31": "307.79400", "2015-09-30": "317.02800", "2015-06-30": "312.68000", "2015-03-31": "322.87900", "2014-12-31": "321.75100", "2014-09-30": "316.93600", "2014-06-30": "317.61000", "2014-03-31": "316.59300", "2013-12-31": "314.81800", "2013-09-30": "313.58700", "2013-06-30": "315.44100", "2013-03-31": "315.47300", "2012-12-31": "312.57100", "2012-09-30": "320.82200", "2012-06-30": "320.55900", "2012-03-31": "322.64200", "2011-12-31": "320.53600", "2011-09-30": "315.96000", "2011-06-30": "317.80200", "2011-03-31": "314.75600", "2010-12-31": "298.63300", "2010-09-30": "287.41200", "2010-06-30": "291.61000", "2010-03-31": "284.99400", "2009-12-31": "279.06800", "2009-09-30": "253.64400", "2009-06-30": "260.75000", "2009-03-31": "269.18700", "2008-12-31": "236.23700", "2008-09-30": "209.80100", "2008-06-30": "213.68300", "2008-03-31": "206.34800", "2007-12-31": "194.52800", "2007-09-30": "176.42400", "2007-06-30": "180.35600", "2007-03-31": "171.74700", "2006-12-31": "169.50500", "2006-09-30": "163.87300", "2006-06-30": "167.48200", "2006-03-31": "163.40700", "2005-12-31": "156.38900", "2005-09-30": "109.54000", "2005-06-30": "116.41700", "2005-03-31": "105.56300"}, "Basic EPS": {"2020-09-30": "-0.10000", "2020-06-30": "0.06000", "2020-03-31": "-0.05000", "2019-12-31": "0.17000", "2019-09-30": "0.38000", "2019-06-30": "0.03000", "2019-03-31": "0.27000", "2018-12-31": "0.07000", "2018-09-30": "-0.12000", "2018-06-30": "-0.05000", "2018-03-31": "-0.56000", "2017-12-31": "0.18000", "2017-09-30": "-0.22000", "2017-06-30": "-0.10000", "2017-03-31": "-0.12000", "2016-12-31": "-0.08000", "2016-09-30": "0.06000", "2016-06-30": "-0.04000", "2016-03-31": "-0.02000", "2015-12-31": "-0.04000", "2015-09-30": "-0.03000", "2015-06-30": "-0.13000", "2015-03-31": "-0.04000", "2014-12-31": "-0.16000", "2014-09-30": "", "2014-06-30": "-0.17000", "2014-03-31": "-0.12000", "2013-12-31": "-0.18000", "2013-09-30": "-0.11000", "2013-06-30": "-0.11000", "2013-03-31": "-0.08000", "2012-12-31": "-0.07000", "2012-09-30": "0.38000", "2012-06-30": "0.26000", "2012-03-31": "0.00000", "2011-12-31": "0.03000", "2011-09-30": "-0.02000", "2011-06-30": "0.14000", "2011-03-31": "0.01000", "2010-12-31": "0.00000", "2010-09-30": "0.01000", "2010-06-30": "-0.01000", "2010-03-31": "-0.05000", "2009-12-31": "-0.02000", "2009-09-30": "0.02000", "2009-06-30": "-0.01000", "2009-03-31": "0.02000", "2008-12-31": "-0.11000", "2008-09-30": "0.08000", "2008-06-30": "-0.05000", "2008-03-31": "-0.13000", "2007-12-31": "-0.08000", "2007-09-30": "-0.02000", "2007-06-30": "-0.04000", "2007-03-31": "-0.01000", "2006-12-31": "-0.01000", "2006-09-30": "-0.04000", "2006-06-30": "-0.06000", "2006-03-31": "-0.01000", "2005-12-31": "-0.03000", "2005-09-30": "-0.07000", "2005-06-30": "0.00000", "2005-03-31": "-0.01000"}, "EPS - Earnings Per Share": {"2020-09-30": "-0.11000", "2020-06-30": "0.06000", "2020-03-31": "-0.05000", "2019-12-31": "0.17000", "2019-09-30": "0.38000", "2019-06-30": "0.03000", "2019-03-31": "0.27000", "2018-12-31": "0.07000", "2018-09-30": "-0.12000", "2018-06-30": "-0.05000", "2018-03-31": "-0.56000", "2017-12-31": "0.18000", "2017-09-30": "-0.22000", "2017-06-30": "-0.10000", "2017-03-31": "-0.12000", "2016-12-31": "-0.08000", "2016-09-30": "0.06000", "2016-06-30": "-0.04000", "2016-03-31": "-0.02000", "2015-12-31": "-0.04000", "2015-09-30": "-0.03000", "2015-06-30": "-0.13000", "2015-03-31": "-0.04000", "2014-12-31": "-0.16000", "2014-09-30": "0.00000", "2014-06-30": "-0.17000", "2014-03-31": "-0.12000", "2013-12-31": "-0.18000", "2013-09-30": "-0.11000", "2013-06-30": "-0.11000", "2013-03-31": "-0.08000", "2012-12-31": "-0.07000", "2012-09-30": "0.37000", "2012-06-30": "0.25000", "2012-03-31": "0.00000", "2011-12-31": "0.03000", "2011-09-30": "-0.02000", "2011-06-30": "0.13000", "2011-03-31": "0.01000", "2010-12-31": "0.00000", "2010-09-30": "0.01000", "2010-06-30": "-0.01000", "2010-03-31": "-0.05000", "2009-12-31": "-0.02000", "2009-09-30": "0.02000", "2009-06-30": "-0.01000", "2009-03-31": "0.02000", "2008-12-31": "-0.11000", "2008-09-30": "0.08000", "2008-06-30": "-0.05000", "2008-03-31": "-0.13000", "2007-12-31": "-0.08000", "2007-09-30": "-0.02000", "2007-06-30": "-0.04000", "2007-03-31": "-0.01000", "2006-12-31": "-0.01000", "2006-09-30": "-0.04000", "2006-06-30": "-0.06000", "2006-03-31": "-0.01000", "2005-12-31": "-0.03000", "2005-09-30": "-0.07000", "2005-06-30": "0.00000", "2005-03-31": "-0.01000"}}, "balance sheet": {"Cash On Hand": {"2020-09-30": "372.34700", "2019-09-30": "747.51600", "2018-09-30": "451.54200", "2017-09-30": "844.28000", "2016-09-30": "580.46000", "2015-09-30": "536.68600", "2014-09-30": "588.20400", "2013-09-30": "846.84600", "2012-09-30": "1129.76100", "2011-09-30": "485.26700", "2010-09-30": "546.17700", "2009-09-30": "527.03800", "2008-09-30": "261.59600", "2007-09-30": "186.96300", "2006-09-30": "112.33400", "2005-09-30": "95.81400"}, "Receivables": {"2020-09-30": "200.57600", "2019-09-30": "240.67300", "2018-09-30": "347.87300", "2017-09-30": "395.39200", "2016-09-30": "380.00400", "2015-09-30": "373.16200", "2014-09-30": "428.26600", "2013-09-30": "382.74100", "2012-09-30": "381.41700", "2011-09-30": "280.85600", "2010-09-30": "224.99900", "2009-09-30": "208.71900", "2008-09-30": "217.99900", "2007-09-30": "209.70700", "2006-09-30": "130.52600", "2005-09-30": "69.54000"}, "Inventory": {"2020-09-30": "", "2019-09-30": "", "2018-09-30": "", "2017-09-30": "", "2016-09-30": "", "2015-09-30": "", "2014-09-30": "", "2013-09-30": "", "2012-09-30": "", "2011-09-30": "", "2010-09-30": "", "2009-09-30": "", "2008-09-30": "7.15200", "2007-09-30": "8.01300", "2006-09-30": "6.79500", "2005-09-30": "0.31300"}, "Pre-Paid Expenses": {"2020-09-30": "163.06200", "2019-09-30": "175.16600", "2018-09-30": "94.81400", "2017-09-30": "88.26900", "2016-09-30": "78.12600", "2015-09-30": "76.77700", "2014-09-30": "92.04000", "2013-09-30": "104.97100", "2012-09-30": "102.56400", "2011-09-30": "88.80400", "2010-09-30": "70.46600", "2009-09-30": "60.07000", "2008-09-30": "28.53600", "2007-09-30": "16.48900", "2006-09-30": "13.24500", "2005-09-30": "9.23500"}, "Other Current Assets": {"2020-09-30": "", "2019-09-30": "", "2018-09-30": "34.40200", "2017-09-30": "", "2016-09-30": "", "2015-09-30": "", "2014-09-30": "", "2013-09-30": "", "2012-09-30": "", "2011-09-30": "", "2010-09-30": "", "2009-09-30": "", "2008-09-30": "", "2007-09-30": "", "2006-09-30": "", "2005-09-30": ""}, "Total Current Assets": {"2020-09-30": "735.98500", "2019-09-30": "1255.21300", "2018-09-30": "928.63100", "2017-09-30": "1327.94100", "2016-09-30": "1038.59000", "2015-09-30": "986.62500", "2014-09-30": "1164.50000", "2013-09-30": "1409.52700", "2012-09-30": "1701.30600", "2011-09-30": "854.92700", "2010-09-30": "841.64200", "2009-09-30": "795.82700", "2008-09-30": "515.28300", "2007-09-30": "421.61600", "2006-09-30": "263.32100", "2005-09-30": "174.90200"}, "Property, Plant, And Equipment": {"2020-09-30": "143.42800", "2019-09-30": "121.20300", "2018-09-30": "153.45200", "2017-09-30": "176.54800", "2016-09-30": "185.16900", "2015-09-30": "186.00700", "2014-09-30": "191.41100", "2013-09-30": "160.97300", "2012-09-30": "116.13400", "2011-09-30": "78.21800", "2010-09-30": "62.08300", "2009-09-30": "53.46800", "2008-09-30": "46.48500", "2007-09-30": "37.61800", "2006-09-30": "30.70000", "2005-09-30": "14.33300"}, "Long-Term Investments": {"2020-09-30": "", "2019-09-30": "17.28700", "2018-09-30": "21.93200", "2017-09-30": "29.84400", "2016-09-30": "27.63200", "2015-09-30": "32.09900", "2014-09-30": "", "2013-09-30": "", "2012-09-30": "", "2011-09-30": "", "2010-09-30": "28.32200", "2009-09-30": "", "2008-09-30": "", "2007-09-30": "", "2006-09-30": "", "2005-09-30": ""}, "Goodwill And Intangible Assets": {"2020-09-30": "2347.19600", "2019-09-30": "2419.26700", "2018-09-30": "3697.10600", "2017-09-30": "4255.08200", "2016-09-30": "4271.09900", "2015-09-30": "4174.61900", "2014-09-30": "4326.37600", "2013-09-30": "4246.47600", "2012-09-30": "3862.01500", "2011-09-30": "3079.45700", "2010-09-30": "2763.80800", "2009-09-30": "2597.80800", "2008-09-30": "2240.79600", "2007-09-30": "1640.83200", "2006-09-30": "919.37300", "2005-09-30": "550.66300"}, "Other Long-Term Assets": {"2020-09-30": "256.44700", "2019-09-30": "316.21500", "2018-09-30": "501.25800", "2017-09-30": "142.50800", "2016-09-30": "138.98000", "2015-09-30": "132.55900", "2014-09-30": "137.99700", "2013-09-30": "141.62700", "2012-09-30": "119.58500", "2011-09-30": "82.69100", "2010-09-30": "73.84400", "2009-09-30": "52.36100", "2008-09-30": "43.63500", "2007-09-30": "72.72100", "2006-09-30": "21.68000", "2005-09-30": "17.31400"}, "Total Long-Term Assets": {"2020-09-30": "2857.34700", "2019-09-30": "4110.58000", "2018-09-30": "4373.74800", "2017-09-30": "4603.98200", "2016-09-30": "4622.87900", "2015-09-30": "4525.28400", "2014-09-30": "4655.78400", "2013-09-30": "4549.07600", "2012-09-30": "4097.73400", "2011-09-30": "3240.36600", "2010-09-30": "2928.05700", "2009-09-30": "2703.63700", "2008-09-30": "2330.91600", "2007-09-30": "1751.17100", "2006-09-30": "971.75300", "2005-09-30": "582.31000"}, "Total Assets": {"2020-09-30": "3593.33200", "2019-09-30": "5365.79300", "2018-09-30": "5302.37900", "2017-09-30": "5931.92300", "2016-09-30": "5661.47000", "2015-09-30": "5511.90900", "2014-09-30": "5820.28400", "2013-09-30": "5958.60300", "2012-09-30": "5799.04000", "2011-09-30": "4095.29300", "2010-09-30": "3769.69900", "2009-09-30": "3499.46400", "2008-09-30": "2846.19900", "2007-09-30": "2172.78700", "2006-09-30": "1235.07400", "2005-09-30": "757.21200"}, "Total Current Liabilities": {"2020-09-30": "986.14200", "2019-09-30": "1845.07600", "2018-09-30": "764.16400", "2017-09-30": "1111.52800", "2016-09-30": "690.89900", "2015-09-30": "626.38400", "2014-09-30": "642.00900", "2013-09-30": "805.23400", "2012-09-30": "964.76300", "2011-09-30": "475.07000", "2010-09-30": "382.47200", "2009-09-30": "419.22500", "2008-09-30": "381.76400", "2007-09-30": "256.74300", "2006-09-30": "212.04800", "2005-09-30": "162.77200"}, "Long Term Debt": {"2020-09-30": "1104.46400", "2019-09-30": "793.53600", "2018-09-30": "2185.36100", "2017-09-30": "2241.28300", "2016-09-30": "2433.15200", "2015-09-30": "2103.07900", "2014-09-30": "2127.39200", "2013-09-30": "2108.09100", "2012-09-30": "1754.24100", "2011-09-30": "853.02000", "2010-09-30": "851.01400", "2009-09-30": "848.89800", "2008-09-30": "894.18400", "2007-09-30": "899.92100", "2006-09-30": "349.99000", "2005-09-30": "0.03500"}, "Other Non-Current Liabilities": {"2020-09-30": "76.74700", "2019-09-30": "79.37800", "2018-09-30": "151.11100", "2017-09-30": "92.48100", "2016-09-30": "103.69400", "2015-09-30": "68.96000", "2014-09-30": "62.77700", "2013-09-30": "83.66700", "2012-09-30": "82.66500", "2011-09-30": "111.22100", "2010-09-30": "98.68800", "2009-09-30": "98.09000", "2008-09-30": "80.46400", "2007-09-30": "98.63300", "2006-09-30": "66.71400", "2005-09-30": "58.94200"}, "Total Long Term Liabilities": {"2020-09-30": "1463.25700", "2019-09-30": "1347.56700", "2018-09-30": "2820.71900", "2017-09-30": "2889.01300", "2016-09-30": "3039.24100", "2015-09-30": "2620.27300", "2014-09-30": "2596.28300", "2013-09-30": "2515.35500", "2012-09-30": "2106.00100", "2011-09-30": "1126.85200", "2010-09-30": "1090.03100", "2009-09-30": "1037.23800", "2008-09-30": "1039.52700", "2007-09-30": "1037.77700", "2006-09-30": "446.43000", "2005-09-30": "79.77500"}, "Total Liabilities": {"2020-09-30": "2449.39900", "2019-09-30": "3192.64300", "2018-09-30": "3584.88300", "2017-09-30": "4000.54100", "2016-09-30": "3730.14000", "2015-09-30": "3246.65700", "2014-09-30": "3238.29200", "2013-09-30": "3320.58900", "2012-09-30": "3070.76400", "2011-09-30": "1601.92200", "2010-09-30": "1472.50300", "2009-09-30": "1456.46300", "2008-09-30": "1421.29100", "2007-09-30": "1294.52000", "2006-09-30": "658.47800", "2005-09-30": "242.54700"}, "Common Stock Net": {"2020-09-30": "0.28700", "2019-09-30": "0.29000", "2018-09-30": "0.29100", "2017-09-30": "0.29400", "2016-09-30": "0.29100", "2015-09-30": "0.31400", "2014-09-30": "0.32500", "2013-09-30": "0.31900", "2012-09-30": "0.31600", "2011-09-30": "0.31200", "2010-09-30": "0.30200", "2009-09-30": "0.28100", "2008-09-30": "0.23200", "2007-09-30": "0.19600", "2006-09-30": "0.17400", "2005-09-30": "0.16000"}, "Retained Earnings (Accumulated Deficit)": {"2020-09-30": "-272.21600", "2019-09-30": "-293.61200", "2018-09-30": "-740.83700", "2017-09-30": "-580.02700", "2016-09-30": "-429.03100", "2015-09-30": "-416.57300", "2014-09-30": "-530.56300", "2013-09-30": "-369.40400", "2012-09-30": "-161.15500", "2011-09-30": "-243.11700", "2010-09-30": "-281.35500", "2009-09-30": "-262.25600", "2008-09-30": "-235.13600", "2007-09-30": "-204.14100", "2006-09-30": "-190.12600", "2005-09-30": "-167.23900"}, "Comprehensive Income": {"2020-09-30": "-117.91800", "2019-09-30": "-132.77300", "2018-09-30": "-122.86300", "2017-09-30": "-101.34200", "2016-09-30": "-116.13400", "2015-09-30": "-116.94500", "2014-09-30": "-24.01500", "2013-09-30": "6.81300", "2012-09-30": "-7.03000", "2011-09-30": "2.40200", "2010-09-30": "8.50500", "2009-09-30": "7.56700", "2008-09-30": "12.73900", "2007-09-30": "14.97900", "2006-09-30": "1.65600", "2005-09-30": "-2.10000"}, "Other Share Holders Equity": {"2020-09-30": "", "2019-09-30": "", "2018-09-30": "", "2017-09-30": "", "2016-09-30": "", "2015-09-30": "", "2014-09-30": "", "2013-09-30": "", "2012-09-30": "", "2011-09-30": "", "2010-09-30": "", "2009-09-30": "", "2008-09-30": "", "2007-09-30": "", "2006-09-30": "", "2005-09-30": ""}, "Share Holder Equity": {"2020-09-30": "1143.93300", "2019-09-30": "2173.15000", "2018-09-30": "1717.49600", "2017-09-30": "1931.38200", "2016-09-30": "1931.33000", "2015-09-30": "2265.25200", "2014-09-30": "2581.99200", "2013-09-30": "2638.01400", "2012-09-30": "2728.27600", "2011-09-30": "2493.37100", "2010-09-30": "2297.19600", "2009-09-30": "2043.00100", "2008-09-30": "1424.90800", "2007-09-30": "878.26700", "2006-09-30": "576.59600", "2005-09-30": "514.66500"}, "Total Liabilities And Share Holders Equity": {"2020-09-30": "3593.33200", "2019-09-30": "5365.79300", "2018-09-30": "5302.37900", "2017-09-30": "5931.92300", "2016-09-30": "5661.47000", "2015-09-30": "5511.90900", "2014-09-30": "5820.28400", "2013-09-30": "5958.60300", "2012-09-30": "5799.04000", "2011-09-30": "4095.29300", "2010-09-30": "3769.69900", "2009-09-30": "3499.46400", "2008-09-30": "2846.19900", "2007-09-30": "2172.78700", "2006-09-30": "1235.07400", "2005-09-30": "757.21200"}}, "balance sheet, quarterly": {"Cash On Hand": {"2020-09-30": "372.34700", "2020-06-30": "309.83800", "2020-03-31": "521.28000", "2019-12-31": "502.76200", "2019-09-30": "747.51600", "2019-06-30": "673.36300", "2019-03-31": "620.68400", "2018-12-31": "431.14700", "2018-09-30": "451.54200", "2018-06-30": "485.34400", "2018-03-31": "621.65000", "2017-12-31": "510.50500", "2017-09-30": "844.28000", "2017-06-30": "869.20900", "2017-03-31": "786.47600", "2016-12-31": "1095.29100", "2016-09-30": "580.46000", "2016-06-30": "597.08400", "2016-03-31": "310.03500", "2015-12-31": "566.43600", "2015-09-30": "536.68600", "2015-06-30": "451.81300", "2015-03-31": "537.69400", "2014-12-31": "579.16900", "2014-09-30": "588.20400", "2014-06-30": "888.48800", "2014-03-31": "809.50600", "2013-12-31": "775.09600", "2013-09-30": "846.84600", "2013-06-30": "873.05100", "2013-03-31": "1005.30200", "2012-12-31": "961.08800", "2012-09-30": "1129.76100", "2012-06-30": "539.55500", "2012-03-31": "976.84900", "2011-12-31": "883.81200", "2011-09-30": "485.26700", "2011-06-30": "490.81000", "2011-03-31": "675.07100", "2010-12-31": "566.04690", "2010-09-30": "546.17700", "2010-06-30": "514.04800", "2010-03-31": "461.80400", "2009-12-31": "426.90200", "2009-09-30": "527.03800", "2009-06-30": "418.58700", "2009-03-31": "420.98200", "2008-12-31": "239.35900", "2008-09-30": "261.59600", "2008-06-30": "265.80900", "2008-03-31": "354.23800", "2007-12-31": "324.33900", "2007-09-30": "186.96300", "2007-06-30": "175.87700", "2007-03-31": "89.20400", "2006-12-31": "129.72300", "2006-09-30": "112.33400", "2006-06-30": "82.62000", "2006-03-31": "71.28200", "2005-12-31": "71.21400", "2005-09-30": "95.81400", "2005-06-30": "26.33900", "2005-03-31": "28.57300"}, "Receivables": {"2020-09-30": "200.57600", "2020-06-30": "215.27200", "2020-03-31": "222.47400", "2019-12-31": "262.41100", "2019-09-30": "240.67300", "2019-06-30": "313.59900", "2019-03-31": "292.56700", "2018-12-31": "337.82900", "2018-09-30": "347.87300", "2018-06-30": "396.76600", "2018-03-31": "411.64800", "2017-12-31": "432.55200", "2017-09-30": "395.39200", "2017-06-30": "359.49700", "2017-03-31": "385.89500", "2016-12-31": "384.63900", "2016-09-30": "380.00400", "2016-06-30": "363.47600", "2016-03-31": "365.99600", "2015-12-31": "374.33300", "2015-09-30": "373.16200", "2015-06-30": "365.66100", "2015-03-31": "394.05400", "2014-12-31": "416.24900", "2014-09-30": "428.26600", "2014-06-30": "398.43600", "2014-03-31": "387.71500", "2013-12-31": "396.83400", "2013-09-30": "382.74100", "2013-06-30": "379.95300", "2013-03-31": "372.57100", "2012-12-31": "382.40000", "2012-09-30": "381.41700", "2012-06-30": "333.95500", "2012-03-31": "316.49800", "2011-12-31": "305.05300", "2011-09-30": "280.85600", "2011-06-30": "248.88600", "2011-03-31": "230.41300", "2010-12-31": "239.14100", "2010-09-30": "224.99900", "2010-06-30": "222.51100", "2010-03-31": "223.29600", "2009-12-31": "225.41800", "2009-09-30": "208.71900", "2009-06-30": "184.73800", "2009-03-31": "182.17900", "2008-12-31": "195.83600", "2008-09-30": "217.99900", "2008-06-30": "197.46600", "2008-03-31": "217.83500", "2007-12-31": "244.60500", "2007-09-30": "209.70700", "2007-06-30": "139.95400", "2007-03-31": "122.72300", "2006-12-31": "138.80500", "2006-09-30": "130.52600", "2006-06-30": "142.45600", "2006-03-31": "154.32300", "2005-12-31": "77.17400", "2005-09-30": "69.54000", "2005-06-30": "49.91700", "2005-03-31": "45.54000"}, "Inventory": {"2020-09-30": "", "2020-06-30": "", "2020-03-31": "", "2019-12-31": "", "2019-09-30": "", "2019-06-30": "", "2019-03-31": "", "2018-12-31": "", "2018-09-30": "", "2018-06-30": "", "2018-03-31": "", "2017-12-31": "", "2017-09-30": "", "2017-06-30": "", "2017-03-31": "", "2016-12-31": "", "2016-09-30": "", "2016-06-30": "", "2016-03-31": "", "2015-12-31": "", "2015-09-30": "", "2015-06-30": "", "2015-03-31": "", "2014-12-31": "", "2014-09-30": "", "2014-06-30": "", "2014-03-31": "", "2013-12-31": "", "2013-09-30": "", "2013-06-30": "", "2013-03-31": "", "2012-12-31": "", "2012-09-30": "", "2012-06-30": "", "2012-03-31": "", "2011-12-31": "", "2011-09-30": "", "2011-06-30": "", "2011-03-31": "", "2010-12-31": "", "2010-09-30": "", "2010-06-30": "8.32300", "2010-03-31": "7.94100", "2009-12-31": "7.94600", "2009-09-30": "", "2009-06-30": "9.37000", "2009-03-31": "8.50300", "2008-12-31": "7.89700", "2008-09-30": "7.15200", "2008-06-30": "7.94100", "2008-03-31": "7.53600", "2007-12-31": "6.97100", "2007-09-30": "8.01300", "2007-06-30": "8.39100", "2007-03-31": "8.35200", "2006-12-31": "8.06000", "2006-09-30": "6.79500", "2006-06-30": "7.31800", "2006-03-31": "4.15200", "2005-12-31": "0.31200", "2005-09-30": "0.31300", "2005-06-30": "0.51300", "2005-03-31": "0.95400"}, "Pre-Paid Expenses": {"2020-09-30": "163.06200", "2020-06-30": "145.83100", "2020-03-31": "148.49400", "2019-12-31": "145.06200", "2019-09-30": "175.16600", "2019-06-30": "193.79500", "2019-03-31": "171.71700", "2018-12-31": "197.41400", "2018-09-30": "94.81400", "2018-06-30": "104.15700", "2018-03-31": "107.92900", "2017-12-31": "105.41100", "2017-09-30": "88.26900", "2017-06-30": "90.79400", "2017-03-31": "92.41100", "2016-12-31": "93.64000", "2016-09-30": "78.12600", "2016-06-30": "84.19300", "2016-03-31": "91.54200", "2015-12-31": "93.79000", "2015-09-30": "76.77700", "2015-06-30": "87.42400", "2015-03-31": "92.11800", "2014-12-31": "101.62200", "2014-09-30": "92.04000", "2014-06-30": "109.03800", "2014-03-31": "113.21800", "2013-12-31": "113.53400", "2013-09-30": "104.97100", "2013-06-30": "108.50500", "2013-03-31": "108.33300", "2012-12-31": "132.52100", "2012-09-30": "102.56400", "2012-06-30": "106.04900", "2012-03-31": "84.82300", "2011-12-31": "88.26100", "2011-09-30": "88.80400", "2011-06-30": "79.33900", "2011-03-31": "76.46600", "2010-12-31": "74.34800", "2010-09-30": "70.46600", "2010-06-30": "52.55300", "2010-03-31": "56.89600", "2009-12-31": "58.12200", "2009-09-30": "60.07000", "2009-06-30": "42.13500", "2009-03-31": "33.23500", "2008-12-31": "35.61000", "2008-09-30": "28.53600", "2008-06-30": "22.18300", "2008-03-31": "15.69000", "2007-12-31": "13.64600", "2007-09-30": "16.48900", "2007-06-30": "15.23300", "2007-03-31": "14.58900", "2006-12-31": "14.62100", "2006-09-30": "13.24500", "2006-06-30": "10.09600", "2006-03-31": "12.03000", "2005-12-31": "8.18000", "2005-09-30": "9.23500", "2005-06-30": "6.69500", "2005-03-31": "5.71300"}, "Other Current Assets": {"2020-09-30": "", "2020-06-30": "", "2020-03-31": "", "2019-12-31": "", "2019-09-30": "", "2019-06-30": "", "2019-03-31": "", "2018-12-31": "395.26600", "2018-09-30": "34.40200", "2018-06-30": "", "2018-03-31": "", "2017-12-31": "", "2017-09-30": "", "2017-06-30": "", "2017-03-31": "", "2016-12-31": "", "2016-09-30": "", "2016-06-30": "", "2016-03-31": "", "2015-12-31": "", "2015-09-30": "", "2015-06-30": "", "2015-03-31": "", "2014-12-31": "", "2014-09-30": "", "2014-06-30": "", "2014-03-31": "", "2013-12-31": "", "2013-09-30": "", "2013-06-30": "", "2013-03-31": "", "2012-12-31": "", "2012-09-30": "", "2012-06-30": "", "2012-03-31": "", "2011-12-31": "", "2011-09-30": "", "2011-06-30": "", "2011-03-31": "", "2010-12-31": "", "2010-09-30": "", "2010-06-30": "", "2010-03-31": "", "2009-12-31": "", "2009-09-30": "", "2009-06-30": "", "2009-03-31": "", "2008-12-31": "", "2008-09-30": "", "2008-06-30": "", "2008-03-31": "", "2007-12-31": "", "2007-09-30": "", "2007-06-30": "", "2007-03-31": "", "2006-12-31": "", "2006-09-30": "", "2006-06-30": "", "2006-03-31": "", "2005-12-31": "", "2005-09-30": "", "2005-06-30": "", "2005-03-31": ""}, "Total Current Assets": {"2020-09-30": "735.98500", "2020-06-30": "670.94100", "2020-03-31": "892.24800", "2019-12-31": "910.23500", "2019-09-30": "1255.21300", "2019-06-30": "1180.75700", "2019-03-31": "1084.96800", "2018-12-31": "1361.65600", "2018-09-30": "928.63100", "2018-06-30": "986.26700", "2018-03-31": "1141.22700", "2017-12-31": "1048.46800", "2017-09-30": "1327.94100", "2017-06-30": "1319.50000", "2017-03-31": "1264.78200", "2016-12-31": "1573.57000", "2016-09-30": "1038.59000", "2016-06-30": "1044.75300", "2016-03-31": "767.57300", "2015-12-31": "1034.55900", "2015-09-30": "986.62500", "2015-06-30": "966.22100", "2015-03-31": "1079.99400", "2014-12-31": "1154.86700", "2014-09-30": "1164.50000", "2014-06-30": "1471.14400", "2014-03-31": "1385.77800", "2013-12-31": "1360.67500", "2013-09-30": "1409.52700", "2013-06-30": "1424.61000", "2013-03-31": "1568.77100", "2012-12-31": "1563.67400", "2012-09-30": "1701.30600", "2012-06-30": "979.55900", "2012-03-31": "1378.17000", "2011-12-31": "1277.12600", "2011-09-30": "854.92700", "2011-06-30": "819.03500", "2011-03-31": "981.95000", "2010-12-31": "879.53600", "2010-09-30": "841.64200", "2010-06-30": "797.43500", "2010-03-31": "749.93700", "2009-12-31": "718.38800", "2009-09-30": "795.82700", "2009-06-30": "657.13600", "2009-03-31": "646.61700", "2008-12-31": "480.39700", "2008-09-30": "515.28300", "2008-06-30": "493.79500", "2008-03-31": "595.70700", "2007-12-31": "589.98300", "2007-09-30": "421.61600", "2007-06-30": "339.87500", "2007-03-31": "235.25900", "2006-12-31": "291.63800", "2006-09-30": "263.32100", "2006-06-30": "242.49000", "2006-03-31": "247.30900", "2005-12-31": "156.88000", "2005-09-30": "174.90200", "2005-06-30": "83.46400", "2005-03-31": "80.78000"}, "Property, Plant, And Equipment": {"2020-09-30": "143.42800", "2020-06-30": "133.75500", "2020-03-31": "127.72100", "2019-12-31": "125.16300", "2019-09-30": "121.20300", "2019-06-30": "138.46600", "2019-03-31": "142.96800", "2018-12-31": "147.31900", "2018-09-30": "153.45200", "2018-06-30": "172.59600", "2018-03-31": "172.52100", "2017-12-31": "172.74800", "2017-09-30": "176.54800", "2017-06-30": "161.82600", "2017-03-31": "167.98500", "2016-12-31": "178.22000", "2016-09-30": "185.16900", "2016-06-30": "186.56100", "2016-03-31": "189.41400", "2015-12-31": "186.71900", "2015-09-30": "186.00700", "2015-06-30": "191.81400", "2015-03-31": "185.98500", "2014-12-31": "191.35000", "2014-09-30": "191.41100", "2014-06-30": "154.72200", "2014-03-31": "144.17300", "2013-12-31": "142.97100", "2013-09-30": "160.97300", "2013-06-30": "137.54100", "2013-03-31": "132.64800", "2012-12-31": "128.73000", "2012-09-30": "116.13400", "2012-06-30": "112.03900", "2012-03-31": "99.63000", "2011-12-31": "97.76000", "2011-09-30": "78.21800", "2011-06-30": "79.62300", "2011-03-31": "69.13500", "2010-12-31": "64.45200", "2010-09-30": "62.08300", "2010-06-30": "56.37200", "2010-03-31": "53.28600", "2009-12-31": "53.09400", "2009-09-30": "53.46800", "2009-06-30": "51.73300", "2009-03-31": "51.89800", "2008-12-31": "52.66600", "2008-09-30": "46.48500", "2008-06-30": "43.32800", "2008-03-31": "37.71500", "2007-12-31": "38.73200", "2007-09-30": "37.61800", "2007-06-30": "37.01800", "2007-03-31": "31.75500", "2006-12-31": "30.88800", "2006-09-30": "30.70000", "2006-06-30": "28.09900", "2006-03-31": "29.18400", "2005-12-31": "15.41900", "2005-09-30": "14.33300", "2005-06-30": "10.76000", "2005-03-31": "9.94400"}, "Long-Term Investments": {"2020-09-30": "", "2020-06-30": "2.98600", "2020-03-31": "4.89700", "2019-12-31": "7.27200", "2019-09-30": "17.28700", "2019-06-30": "12.79600", "2019-03-31": "12.41400", "2018-12-31": "18.44600", "2018-09-30": "21.93200", "2018-06-30": "23.80100", "2018-03-31": "27.08700", "2017-12-31": "42.11500", "2017-09-30": "29.84400", "2017-06-30": "31.92600", "2017-03-31": "44.69700", "2016-12-31": "42.17400", "2016-09-30": "27.63200", "2016-06-30": "20.18900", "2016-03-31": "30.78200", "2015-12-31": "29.43400", "2015-09-30": "32.09900", "2015-06-30": "36.87600", "2015-03-31": "29.22800", "2014-12-31": "26.97700", "2014-09-30": "", "2014-06-30": "", "2014-03-31": "", "2013-12-31": "", "2013-09-30": "", "2013-06-30": "", "2013-03-31": "", "2012-12-31": "", "2012-09-30": "", "2012-06-30": "", "2012-03-31": "", "2011-12-31": "", "2011-09-30": "", "2011-06-30": "", "2011-03-31": "10.59000", "2010-12-31": "32.09100", "2010-09-30": "28.32200", "2010-06-30": "", "2010-03-31": "", "2009-12-31": "", "2009-09-30": "", "2009-06-30": "", "2009-03-31": "", "2008-12-31": "", "2008-09-30": "", "2008-06-30": "", "2008-03-31": "", "2007-12-31": "", "2007-09-30": "", "2007-06-30": "", "2007-03-31": "", "2006-12-31": "", "2006-09-30": "", "2006-06-30": "", "2006-03-31": "", "2005-12-31": "", "2005-09-30": "", "2005-06-30": "", "2005-03-31": "1.16700"}, "Goodwill And Intangible Assets": {"2020-09-30": "2347.19600", "2020-06-30": "2365.43900", "2020-03-31": "2378.46700", "2019-12-31": "2405.10800", "2019-09-30": "2419.26700", "2019-06-30": "3615.62700", "2019-03-31": "3636.72200", "2018-12-31": "3662.37000", "2018-09-30": "3697.10600", "2018-06-30": "4123.36700", "2018-03-31": "4068.90900", "2017-12-31": "4228.32400", "2017-09-30": "4255.08200", "2017-06-30": "4286.76600", "2017-03-31": "4261.86400", "2016-12-31": "4265.76400", "2016-09-30": "4271.09900", "2016-06-30": "4069.06600", "2016-03-31": "4114.49500", "2015-12-31": "4123.78800", "2015-09-30": "4174.61900", "2015-06-30": "4240.04900", "2015-03-31": "4207.29500", "2014-12-31": "4262.26500", "2014-09-30": "4326.37600", "2014-06-30": "4261.75200", "2014-03-31": "4299.84700", "2013-12-31": "4304.68000", "2013-09-30": "4246.47600", "2013-06-30": "4223.99900", "2013-03-31": "4193.45800", "2012-12-31": "4254.17400", "2012-09-30": "3862.01500", "2012-06-30": "3645.54100", "2012-03-31": "3105.20800", "2011-12-31": "3120.88900", "2011-09-30": "3079.45700", "2011-06-30": "3076.15400", "2011-03-31": "2727.27800", "2010-12-31": "2743.38500", "2010-09-30": "2763.80800", "2010-06-30": "2709.46900", "2010-03-31": "2745.86600", "2009-12-31": "2743.41500", "2009-09-30": "2597.80800", "2009-06-30": "2554.40000", "2009-03-31": "2442.73500", "2008-12-31": "2459.21200", "2008-09-30": "2240.79600", "2008-06-30": "2093.58900", "2008-03-31": "1739.10900", "2007-12-31": "1727.15100", "2007-09-30": "1640.83200", "2007-06-30": "1142.81300", "2007-03-31": "981.32500", "2006-12-31": "922.58200", "2006-09-30": "919.37300", "2006-06-30": "924.82000", "2006-03-31": "952.66000", "2005-12-31": "546.08300", "2005-09-30": "550.66300", "2005-06-30": "362.93900", "2005-03-31": "355.20800"}, "Other Long-Term Assets": {"2020-09-30": "256.44700", "2020-06-30": "265.41200", "2020-03-31": "242.57900", "2019-12-31": "225.79200", "2019-09-30": "316.21500", "2019-06-30": "241.27100", "2019-03-31": "255.92800", "2018-12-31": "260.22800", "2018-09-30": "501.25800", "2018-06-30": "140.06000", "2018-03-31": "147.01600", "2017-12-31": "145.90200", "2017-09-30": "142.50800", "2017-06-30": "137.47500", "2017-03-31": "135.02300", "2016-12-31": "135.40200", "2016-09-30": "138.98000", "2016-06-30": "156.82400", "2016-03-31": "154.37200", "2015-12-31": "156.12800", "2015-09-30": "132.55900", "2015-06-30": "154.06100", "2015-03-31": "147.32500", "2014-12-31": "150.71900", "2014-09-30": "137.99700", "2014-06-30": "184.01300", "2014-03-31": "181.86800", "2013-12-31": "177.38700", "2013-09-30": "141.62700", "2013-06-30": "200.68800", "2013-03-31": "195.86300", "2012-12-31": "153.19000", "2012-09-30": "119.58500", "2012-06-30": "80.43500", "2012-03-31": "124.22600", "2011-12-31": "112.32100", "2011-09-30": "82.69100", "2011-06-30": "75.37500", "2011-03-31": "72.25500", "2010-12-31": "69.85600", "2010-09-30": "73.84400", "2010-06-30": "67.62800", "2010-03-31": "77.50300", "2009-12-31": "69.45700", "2009-09-30": "52.36100", "2009-06-30": "42.98400", "2009-03-31": "40.20600", "2008-12-31": "39.74900", "2008-09-30": "43.63500", "2008-06-30": "74.93100", "2008-03-31": "73.99800", "2007-12-31": "73.30600", "2007-09-30": "72.72100", "2007-06-30": "36.65000", "2007-03-31": "25.81800", "2006-12-31": "23.67200", "2006-09-30": "21.68000", "2006-06-30": "27.15400", "2006-03-31": "37.96700", "2005-12-31": "17.56000", "2005-09-30": "17.31400", "2005-06-30": "5.97200", "2005-03-31": "5.59100"}, "Total Long-Term Assets": {"2020-09-30": "2857.34700", "2020-06-30": "2875.14500", "2020-03-31": "2864.50200", "2019-12-31": "2875.50200", "2019-09-30": "4110.58000", "2019-06-30": "4008.16000", "2019-03-31": "4048.03200", "2018-12-31": "4088.36300", "2018-09-30": "4373.74800", "2018-06-30": "4459.82400", "2018-03-31": "4415.53300", "2017-12-31": "4589.08900", "2017-09-30": "4603.98200", "2017-06-30": "4617.99300", "2017-03-31": "4609.56900", "2016-12-31": "4621.56000", "2016-09-30": "4622.87900", "2016-06-30": "4432.64000", "2016-03-31": "4489.06300", "2015-12-31": "4496.06900", "2015-09-30": "4525.28400", "2015-06-30": "4622.80000", "2015-03-31": "4569.83300", "2014-12-31": "4631.31200", "2014-09-30": "4655.78400", "2014-06-30": "4600.48700", "2014-03-31": "4625.88800", "2013-12-31": "4625.03900", "2013-09-30": "4549.07600", "2013-06-30": "4562.22800", "2013-03-31": "4521.96900", "2012-12-31": "4536.09400", "2012-09-30": "4097.73400", "2012-06-30": "3838.01500", "2012-03-31": "3329.06400", "2011-12-31": "3330.97000", "2011-09-30": "3240.36600", "2011-06-30": "3231.15200", "2011-03-31": "2879.25800", "2010-12-31": "2909.78400", "2010-09-30": "2928.05700", "2010-06-30": "2833.46900", "2010-03-31": "2876.65500", "2009-12-31": "2865.96600", "2009-09-30": "2703.63700", "2009-06-30": "2649.11700", "2009-03-31": "2534.83900", "2008-12-31": "2551.62700", "2008-09-30": "2330.91600", "2008-06-30": "2211.84800", "2008-03-31": "1850.82200", "2007-12-31": "1839.18900", "2007-09-30": "1751.17100", "2007-06-30": "1216.48100", "2007-03-31": "1038.89800", "2006-12-31": "977.14200", "2006-09-30": "971.75300", "2006-06-30": "980.07300", "2006-03-31": "1019.81100", "2005-12-31": "579.06200", "2005-09-30": "582.31000", "2005-06-30": "379.67100", "2005-03-31": "371.91000"}, "Total Assets": {"2020-09-30": "3593.33200", "2020-06-30": "3546.08600", "2020-03-31": "3756.75000", "2019-12-31": "3785.73700", "2019-09-30": "5365.79300", "2019-06-30": "5188.91700", "2019-03-31": "5133.00000", "2018-12-31": "5450.01900", "2018-09-30": "5302.37900", "2018-06-30": "5446.09100", "2018-03-31": "5556.76000", "2017-12-31": "5637.55700", "2017-09-30": "5931.92300", "2017-06-30": "5937.49300", "2017-03-31": "5874.35100", "2016-12-31": "6195.13000", "2016-09-30": "5661.47000", "2016-06-30": "5477.39300", "2016-03-31": "5256.63600", "2015-12-31": "5530.62800", "2015-09-30": "5511.90900", "2015-06-30": "5589.02100", "2015-03-31": "5649.82700", "2014-12-31": "5786.17800", "2014-09-30": "5820.28400", "2014-06-30": "6071.63100", "2014-03-31": "6011.66600", "2013-12-31": "5985.71300", "2013-09-30": "5958.60300", "2013-06-30": "5986.83800", "2013-03-31": "6090.74000", "2012-12-31": "6099.76800", "2012-09-30": "5799.04000", "2012-06-30": "4817.57400", "2012-03-31": "4707.23400", "2011-12-31": "4608.09600", "2011-09-30": "4095.29300", "2011-06-30": "4050.18700", "2011-03-31": "3861.20800", "2010-12-31": "3789.32000", "2010-09-30": "3769.69900", "2010-06-30": "3630.90400", "2010-03-31": "3626.59200", "2009-12-31": "3584.35400", "2009-09-30": "3499.46400", "2009-06-30": "3306.25300", "2009-03-31": "3181.45600", "2008-12-31": "3032.02400", "2008-09-30": "2846.19900", "2008-06-30": "2705.64300", "2008-03-31": "2446.52900", "2007-12-31": "2429.17200", "2007-09-30": "2172.78700", "2007-06-30": "1556.35600", "2007-03-31": "1274.15700", "2006-12-31": "1268.78000", "2006-09-30": "1235.07400", "2006-06-30": "1222.56300", "2006-03-31": "1267.12000", "2005-12-31": "735.94200", "2005-09-30": "757.21200", "2005-06-30": "463.13500", "2005-03-31": "452.69000"}, "Total Current Liabilities": {"2020-09-30": "986.14200", "2020-06-30": "522.84400", "2020-03-31": "767.35400", "2019-12-31": "534.25500", "2019-09-30": "1845.07600", "2019-06-30": "667.99200", "2019-03-31": "607.76100", "2018-12-31": "698.68000", "2018-09-30": "764.16400", "2018-06-30": "730.83200", "2018-03-31": "741.49900", "2017-12-31": "719.12700", "2017-09-30": "1111.52800", "2017-06-30": "1102.63000", "2017-03-31": "1079.65600", "2016-12-31": "1698.32000", "2016-09-30": "690.89900", "2016-06-30": "668.25500", "2016-03-31": "772.10900", "2015-12-31": "602.97800", "2015-09-30": "626.38400", "2015-06-30": "600.81700", "2015-03-31": "595.09700", "2014-12-31": "602.26700", "2014-09-30": "642.00900", "2014-06-30": "875.27100", "2014-03-31": "832.34000", "2013-12-31": "835.86900", "2013-09-30": "805.23400", "2013-06-30": "588.77900", "2013-03-31": "568.47900", "2012-12-31": "589.27600", "2012-09-30": "964.76300", "2012-06-30": "688.08800", "2012-03-31": "877.57400", "2011-12-31": "673.01800", "2011-09-30": "475.07000", "2011-06-30": "464.94300", "2011-03-31": "406.63400", "2010-12-31": "395.36200", "2010-09-30": "382.47200", "2010-06-30": "366.03100", "2010-03-31": "394.76000", "2009-12-31": "419.42200", "2009-09-30": "419.22500", "2009-06-30": "369.36100", "2009-03-31": "372.24900", "2008-12-31": "420.50300", "2008-09-30": "381.76400", "2008-06-30": "308.44800", "2008-03-31": "318.59300", "2007-12-31": "320.59900", "2007-09-30": "256.74300", "2007-06-30": "226.57500", "2007-03-31": "204.54500", "2006-12-31": "224.28800", "2006-09-30": "212.04800", "2006-06-30": "204.90800", "2006-03-31": "214.17700", "2005-12-31": "133.28000", "2005-09-30": "162.77200", "2005-06-30": "99.01600", "2005-03-31": "110.04900"}, "Long Term Debt": {"2020-09-30": "1104.46400", "2020-06-30": "1524.82500", "2020-03-31": "1512.85900", "2019-12-31": "1650.65000", "2019-09-30": "793.53600", "2019-06-30": "1923.71600", "2019-03-31": "1911.18500", "2018-12-31": "2197.73400", "2018-09-30": "2185.36100", "2018-06-30": "2323.51600", "2018-03-31": "2311.48400", "2017-12-31": "2299.59400", "2017-09-30": "2241.28300", "2017-06-30": "2229.33600", "2017-03-31": "2217.86900", "2016-12-31": "1961.23000", "2016-09-30": "2433.15200", "2016-06-30": "2443.12600", "2016-03-31": "2131.57200", "2015-12-31": "2119.82500", "2015-09-30": "2103.07900", "2015-06-30": "2113.74100", "2015-03-31": "2137.73800", "2014-12-31": "2132.50700", "2014-09-30": "2127.39200", "2014-06-30": "2122.40800", "2014-03-31": "2117.52200", "2013-12-31": "2112.75900", "2013-09-30": "2108.09100", "2013-06-30": "2343.56700", "2013-03-31": "2336.75000", "2012-12-31": "2330.07800", "2012-09-30": "1754.24100", "2012-06-30": "1260.98800", "2012-03-31": "1050.31300", "2011-12-31": "1191.77800", "2011-09-30": "853.02000", "2011-06-30": "852.44400", "2011-03-31": "851.96300", "2010-12-31": "851.44500", "2010-09-30": "851.01400", "2010-06-30": "850.40000", "2010-03-31": "869.56700", "2009-12-31": "849.29100", "2009-09-30": "848.89800", "2009-06-30": "889.95700", "2009-03-31": "918.76600", "2008-12-31": "892.72500", "2008-09-30": "894.18400", "2008-06-30": "895.55100", "2008-03-31": "897.05100", "2007-12-31": "898.57400", "2007-09-30": "899.92100", "2007-06-30": "436.46100", "2007-03-31": "348.70300", "2006-12-31": "349.08700", "2006-09-30": "349.99000", "2006-06-30": "350.97100", "2006-03-31": "351.54300", "2005-12-31": "0.02400", "2005-09-30": "0.03500", "2005-06-30": "0.03600", "2005-03-31": "0.04500"}, "Other Non-Current Liabilities": {"2020-09-30": "76.74700", "2020-06-30": "75.81700", "2020-03-31": "74.75300", "2019-12-31": "68.42300", "2019-09-30": "79.37800", "2019-06-30": "97.85800", "2019-03-31": "103.21400", "2018-12-31": "103.79700", "2018-09-30": "151.11100", "2018-06-30": "97.44700", "2018-03-31": "98.17600", "2017-12-31": "104.83000", "2017-09-30": "92.48100", "2017-06-30": "96.20000", "2017-03-31": "89.51100", "2016-12-31": "86.53200", "2016-09-30": "103.69400", "2016-06-30": "81.51200", "2016-03-31": "77.75200", "2015-12-31": "69.32900", "2015-09-30": "68.96000", "2015-06-30": "57.22100", "2015-03-31": "58.75300", "2014-12-31": "57.20500", "2014-09-30": "62.77700", "2014-06-30": "59.64300", "2014-03-31": "64.31000", "2013-12-31": "61.53200", "2013-09-30": "83.66700", "2013-06-30": "80.22300", "2013-03-31": "89.01800", "2012-12-31": "85.09200", "2012-09-30": "82.66500", "2012-06-30": "81.89800", "2012-03-31": "100.34200", "2011-12-31": "124.86400", "2011-09-30": "111.22100", "2011-06-30": "114.54800", "2011-03-31": "84.22900", "2010-12-31": "85.57800", "2010-09-30": "98.68800", "2010-06-30": "98.97800", "2010-03-31": "80.65400", "2009-12-31": "92.25400", "2009-09-30": "98.09000", "2009-06-30": "97.11500", "2009-03-31": "57.48800", "2008-12-31": "57.60900", "2008-09-30": "80.46400", "2008-06-30": "75.19000", "2008-03-31": "63.53200", "2007-12-31": "55.03200", "2007-09-30": "98.63300", "2007-06-30": "100.25800", "2007-03-31": "62.96900", "2006-12-31": "65.40400", "2006-09-30": "66.71400", "2006-06-30": "66.86700", "2006-03-31": "69.21200", "2005-12-31": "56.94700", "2005-09-30": "58.94200", "2005-06-30": "15.45200", "2005-03-31": "14.74300"}, "Total Long Term Liabilities": {"2020-09-30": "1463.25700", "2020-06-30": "1872.91300", "2020-03-31": "1873.67900", "2019-12-31": "2010.96300", "2019-09-30": "1347.56700", "2019-06-30": "2477.92700", "2019-03-31": "2480.49200", "2018-12-31": "2809.20000", "2018-09-30": "2820.71900", "2018-06-30": "2957.34400", "2018-03-31": "2921.57900", "2017-12-31": "2893.29900", "2017-09-30": "2889.01300", "2017-06-30": "2880.32300", "2017-03-31": "2845.02500", "2016-12-31": "2571.10600", "2016-09-30": "3039.24100", "2016-06-30": "3014.88400", "2016-03-31": "2689.94900", "2015-12-31": "2659.61800", "2015-09-30": "2620.27300", "2015-06-30": "2660.94400", "2015-03-31": "2653.14400", "2014-12-31": "2627.68600", "2014-09-30": "2596.28300", "2014-06-30": "2602.64000", "2014-03-31": "2580.31700", "2013-12-31": "2541.22400", "2013-09-30": "2515.35500", "2013-06-30": "2742.63500", "2013-03-31": "2753.40400", "2012-12-31": "2728.23100", "2012-09-30": "2106.00100", "2012-06-30": "1521.28700", "2012-03-31": "1324.93700", "2011-12-31": "1494.19500", "2011-09-30": "1126.85200", "2011-06-30": "1122.46000", "2011-03-31": "1079.02100", "2010-12-31": "1078.04300", "2010-09-30": "1090.03100", "2010-06-30": "1069.69200", "2010-03-31": "1069.39400", "2009-12-31": "1043.28200", "2009-09-30": "1037.23800", "2009-06-30": "1060.25800", "2009-03-31": "1035.19500", "2008-12-31": "1039.57800", "2008-09-30": "1039.52700", "2008-06-30": "1016.11400", "2008-03-31": "1000.54600", "2007-12-31": "993.67490", "2007-09-30": "1037.77700", "2007-06-30": "580.16600", "2007-03-31": "454.29800", "2006-12-31": "446.28800", "2006-09-30": "446.43000", "2006-06-30": "445.71700", "2006-03-31": "483.55200", "2005-12-31": "78.53400", "2005-09-30": "79.77500", "2005-06-30": "34.35400", "2005-03-31": "33.63200"}, "Total Liabilities": {"2020-09-30": "2449.39900", "2020-06-30": "2395.75700", "2020-03-31": "2641.03300", "2019-12-31": "2545.21800", "2019-09-30": "3192.64300", "2019-06-30": "3145.91900", "2019-03-31": "3088.25300", "2018-12-31": "3507.88000", "2018-09-30": "3584.88300", "2018-06-30": "3688.17600", "2018-03-31": "3663.07800", "2017-12-31": "3612.42600", "2017-09-30": "4000.54100", "2017-06-30": "3982.95300", "2017-03-31": "3924.68100", "2016-12-31": "4269.42600", "2016-09-30": "3730.14000", "2016-06-30": "3683.13900", "2016-03-31": "3462.05800", "2015-12-31": "3262.59600", "2015-09-30": "3246.65700", "2015-06-30": "3261.76100", "2015-03-31": "3248.24100", "2014-12-31": "3229.95300", "2014-09-30": "3238.29200", "2014-06-30": "3477.91100", "2014-03-31": "3412.65700", "2013-12-31": "3377.09300", "2013-09-30": "3320.58900", "2013-06-30": "3331.41400", "2013-03-31": "3321.88300", "2012-12-31": "3317.50700", "2012-09-30": "3070.76400", "2012-06-30": "2209.37500", "2012-03-31": "2202.51100", "2011-12-31": "2167.21300", "2011-09-30": "1601.92200", "2011-06-30": "1587.40300", "2011-03-31": "1485.65500", "2010-12-31": "1473.40500", "2010-09-30": "1472.50300", "2010-06-30": "1435.72300", "2010-03-31": "1464.15400", "2009-12-31": "1462.70400", "2009-09-30": "1456.46300", "2009-06-30": "1429.61900", "2009-03-31": "1407.44400", "2008-12-31": "1460.08100", "2008-09-30": "1421.29100", "2008-06-30": "1324.56200", "2008-03-31": "1319.13900", "2007-12-31": "1314.27400", "2007-09-30": "1294.52000", "2007-06-30": "806.74100", "2007-03-31": "658.84300", "2006-12-31": "670.57600", "2006-09-30": "658.47800", "2006-06-30": "650.62500", "2006-03-31": "697.72900", "2005-12-31": "211.81400", "2005-09-30": "242.54700", "2005-06-30": "133.37000", "2005-03-31": "143.68100"}, "Common Stock Net": {"2020-09-30": "0.28700", "2020-06-30": "0.28500", "2020-03-31": "0.28500", "2019-12-31": "0.28800", "2019-09-30": "0.29000", "2019-06-30": "0.28900", "2019-03-31": "0.29000", "2018-12-31": "0.29000", "2018-09-30": "0.29100", "2018-06-30": "0.29100", "2018-03-31": "0.29800", "2017-12-31": "0.29700", "2017-09-30": "0.29400", "2017-06-30": "0.29200", "2017-03-31": "0.29100", "2016-12-31": "0.29500", "2016-09-30": "0.29100", "2016-06-30": "0.28300", "2016-03-31": "0.28300", "2015-12-31": "0.30800", "2015-09-30": "0.31400", "2015-06-30": "0.31500", "2015-03-31": "0.32200", "2014-12-31": "0.32900", "2014-09-30": "0.32500", "2014-06-30": "0.32300", "2014-03-31": "0.32200", "2013-12-31": "0.32100", "2013-09-30": "0.31900", "2013-06-30": "0.31700", "2013-03-31": "0.32100", "2012-12-31": "0.32000", "2012-09-30": "0.31600", "2012-06-30": "0.31100", "2012-03-31": "0.31000", "2011-12-31": "0.30800", "2011-09-30": "0.31200", "2011-06-30": "0.30800", "2011-03-31": "0.30600", "2010-12-31": "0.30400", "2010-09-30": "0.30200", "2010-06-30": "0.29700", "2010-03-31": "0.29200", "2009-12-31": "0.28700", "2009-09-30": "0.28100", "2009-06-30": "0.27100", "2009-03-31": "0.26500", "2008-12-31": "0.24500", "2008-09-30": "0.23200", "2008-06-30": "0.22800", "2008-03-31": "0.21200", "2007-12-31": "0.21000", "2007-09-30": "0.19600", "2007-06-30": "0.18800", "2007-03-31": "0.17900", "2006-12-31": "0.17600", "2006-09-30": "0.17400", "2006-06-30": "0.17200", "2006-03-31": "0.17100", "2005-12-31": "0.16300", "2005-09-30": "0.16000", "2005-06-30": "0.11500", "2005-03-31": "0.10900"}, "Retained Earnings (Accumulated Deficit)": {"2020-09-30": "-272.21600", "2020-06-30": "-248.27100", "2020-03-31": "-258.43700", "2019-12-31": "-244.92700", "2019-09-30": "-293.61200", "2019-06-30": "-401.74100", "2019-03-31": "-411.00000", "2018-12-31": "-488.33200", "2018-09-30": "-740.83700", "2018-06-30": "-705.77100", "2018-03-31": "-691.73400", "2017-12-31": "-527.68100", "2017-09-30": "-580.02700", "2017-06-30": "-514.60200", "2017-03-31": "-486.76600", "2016-12-31": "-452.96000", "2016-09-30": "-429.03100", "2016-06-30": "-1120.24400", "2016-03-31": "-1108.36000", "2015-12-31": "-861.38300", "2015-09-30": "-416.57300", "2015-06-30": "-715.14500", "2015-03-31": "-631.37000", "2014-12-31": "-581.05800", "2014-09-30": "-530.56300", "2014-06-30": "-529.10700", "2014-03-31": "-474.83900", "2013-12-31": "-433.16700", "2013-09-30": "-369.40400", "2013-06-30": "-302.02400", "2013-03-31": "-209.09900", "2012-12-31": "-183.25100", "2012-09-30": "-161.15500", "2012-06-30": "-278.79600", "2012-03-31": "-358.06000", "2011-12-31": "-358.95000", "2011-09-30": "-243.11700", "2011-06-30": "-238.00800", "2011-03-31": "-279.62900", "2010-12-31": "-281.36400", "2010-09-30": "-281.35500", "2010-06-30": "-283.46000", "2010-03-31": "-281.92900", "2009-12-31": "-266.53400", "2009-09-30": "-262.25600", "2009-06-30": "-253.62800", "2009-03-31": "-252.61900", "2008-12-31": "-259.68600", "2008-09-30": "-235.13600", "2008-06-30": "-257.15000", "2008-03-31": "-247.28400", "2007-12-31": "-220.49900", "2007-09-30": "-204.14100", "2007-06-30": "-200.72500", "2007-03-31": "-193.09000", "2006-12-31": "-191.36100", "2006-09-30": "-190.12600", "2006-06-30": "-182.91100", "2006-03-31": "-173.51000", "2005-12-31": "-172.13000", "2005-09-30": "-167.23900", "2005-06-30": "-159.52200", "2005-03-31": "-159.68300"}, "Comprehensive Income": {"2020-09-30": "-117.91800", "2020-06-30": "-122.68200", "2020-03-31": "-130.07700", "2019-12-31": "-114.04300", "2019-09-30": "-132.77300", "2019-06-30": "-116.81200", "2019-03-31": "-120.46300", "2018-12-31": "-131.52700", "2018-09-30": "-122.86300", "2018-06-30": "-121.39000", "2018-03-31": "-95.96300", "2017-12-31": "-99.98800", "2017-09-30": "-101.34200", "2017-06-30": "-115.60100", "2017-03-31": "-128.52100", "2016-12-31": "-146.61300", "2016-09-30": "-116.13400", "2016-06-30": "-117.55900", "2016-03-31": "-108.09900", "2015-12-31": "-125.84200", "2015-09-30": "-116.94500", "2015-06-30": "-85.23000", "2015-03-31": "-102.46000", "2014-12-31": "-52.23700", "2014-09-30": "-24.01500", "2014-06-30": "22.50300", "2014-03-31": "12.29000", "2013-12-31": "13.41700", "2013-09-30": "6.81300", "2013-06-30": "-22.13800", "2013-03-31": "-17.72500", "2012-12-31": "0.21400", "2012-09-30": "-7.03000", "2012-06-30": "-22.65300", "2012-03-31": "4.13000", "2011-12-31": "-12.35900", "2011-09-30": "2.40200", "2011-06-30": "31.61700", "2011-03-31": "25.89700", "2010-12-31": "7.30300", "2010-09-30": "8.50500", "2010-06-30": "-21.71600", "2010-03-31": "-2.91700", "2009-12-31": "7.51500", "2009-09-30": "7.56700", "2009-06-30": "-0.28800", "2009-03-31": "-17.50800", "2008-12-31": "-3.26900", "2008-09-30": "12.73900", "2008-06-30": "25.45800", "2008-03-31": "22.13600", "2007-12-31": "17.77500", "2007-09-30": "14.97900", "2007-06-30": "5.95000", "2007-03-31": "3.58100", "2006-12-31": "2.73300", "2006-09-30": "1.65600", "2006-06-30": "1.18500", "2006-03-31": "-2.66700", "2005-12-31": "-2.30300", "2005-09-30": "-2.10000", "2005-06-30": "-2.41500", "2005-03-31": "-0.33200"}, "Other Share Holders Equity": {"2020-09-30": "", "2020-06-30": "", "2020-03-31": "", "2019-12-31": "", "2019-09-30": "", "2019-06-30": "", "2019-03-31": "", "2018-12-31": "", "2018-09-30": "", "2018-06-30": "", "2018-03-31": "", "2017-12-31": "", "2017-09-30": "", "2017-06-30": "", "2017-03-31": "", "2016-12-31": "", "2016-09-30": "", "2016-06-30": "", "2016-03-31": "", "2015-12-31": "", "2015-09-30": "", "2015-06-30": "", "2015-03-31": "", "2014-12-31": "", "2014-09-30": "", "2014-06-30": "", "2014-03-31": "", "2013-12-31": "", "2013-09-30": "", "2013-06-30": "", "2013-03-31": "", "2012-12-31": "", "2012-09-30": "", "2012-06-30": "", "2012-03-31": "", "2011-12-31": "", "2011-09-30": "", "2011-06-30": "", "2011-03-31": "", "2010-12-31": "", "2010-09-30": "", "2010-06-30": "", "2010-03-31": "", "2009-12-31": "", "2009-09-30": "", "2009-06-30": "", "2009-03-31": "", "2008-12-31": "", "2008-09-30": "", "2008-06-30": "", "2008-03-31": "", "2007-12-31": "", "2007-09-30": "", "2007-06-30": "", "2007-03-31": "", "2006-12-31": "", "2006-09-30": "", "2006-06-30": "", "2006-03-31": "", "2005-12-31": "", "2005-09-30": "", "2005-06-30": "", "2005-03-31": ""}, "Share Holder Equity": {"2020-09-30": "1143.93300", "2020-06-30": "1150.32900", "2020-03-31": "1115.71700", "2019-12-31": "1240.51900", "2019-09-30": "2173.15000", "2019-06-30": "2042.99800", "2019-03-31": "2044.74700", "2018-12-31": "1942.13900", "2018-09-30": "1717.49600", "2018-06-30": "1757.91500", "2018-03-31": "1893.68200", "2017-12-31": "2025.13100", "2017-09-30": "1931.38200", "2017-06-30": "1954.54000", "2017-03-31": "1949.67000", "2016-12-31": "1925.70400", "2016-09-30": "1931.33000", "2016-06-30": "1794.25400", "2016-03-31": "1794.57800", "2015-12-31": "2268.03200", "2015-09-30": "2265.25200", "2015-06-30": "2327.26000", "2015-03-31": "2401.58600", "2014-12-31": "2556.22500", "2014-09-30": "2581.99200", "2014-06-30": "2593.72000", "2014-03-31": "2599.00900", "2013-12-31": "2608.62000", "2013-09-30": "2638.01400", "2013-06-30": "2655.42400", "2013-03-31": "2768.85700", "2012-12-31": "2782.26100", "2012-09-30": "2728.27600", "2012-06-30": "2608.19900", "2012-03-31": "2504.72300", "2011-12-31": "2440.88300", "2011-09-30": "2493.37100", "2011-06-30": "2462.78400", "2011-03-31": "2375.55300", "2010-12-31": "2315.91500", "2010-09-30": "2297.19600", "2010-06-30": "2195.18100", "2010-03-31": "2162.43800", "2009-12-31": "2121.65000", "2009-09-30": "2043.00100", "2009-06-30": "1876.63400", "2009-03-31": "1774.01200", "2008-12-31": "1571.94300", "2008-09-30": "1424.90800", "2008-06-30": "1381.08100", "2008-03-31": "1127.39000", "2007-12-31": "1114.89800", "2007-09-30": "878.26700", "2007-06-30": "749.61500", "2007-03-31": "615.31400", "2006-12-31": "598.20400", "2006-09-30": "576.59600", "2006-06-30": "571.93800", "2006-03-31": "569.39100", "2005-12-31": "524.12800", "2005-09-30": "514.66500", "2005-06-30": "329.76500", "2005-03-31": "309.00900"}, "Total Liabilities And Share Holders Equity": {"2020-09-30": "3593.33200", "2020-06-30": "3546.08600", "2020-03-31": "3756.75000", "2019-12-31": "3785.73700", "2019-09-30": "5365.79300", "2019-06-30": "5188.91700", "2019-03-31": "5133.00000", "2018-12-31": "5450.01900", "2018-09-30": "5302.37900", "2018-06-30": "5446.09100", "2018-03-31": "5556.76000", "2017-12-31": "5637.55700", "2017-09-30": "5931.92300", "2017-06-30": "5937.49300", "2017-03-31": "5874.35100", "2016-12-31": "6195.13000", "2016-09-30": "5661.47000", "2016-06-30": "5477.39300", "2016-03-31": "5256.63600", "2015-12-31": "5530.62800", "2015-09-30": "5511.90900", "2015-06-30": "5589.02100", "2015-03-31": "5649.82700", "2014-12-31": "5786.17800", "2014-09-30": "5820.28400", "2014-06-30": "6071.63100", "2014-03-31": "6011.66600", "2013-12-31": "5985.71300", "2013-09-30": "5958.60300", "2013-06-30": "5986.83800", "2013-03-31": "6090.74000", "2012-12-31": "6099.76800", "2012-09-30": "5799.04000", "2012-06-30": "4817.57400", "2012-03-31": "4707.23400", "2011-12-31": "4608.09600", "2011-09-30": "4095.29300", "2011-06-30": "4050.18700", "2011-03-31": "3861.20800", "2010-12-31": "3789.32000", "2010-09-30": "3769.69900", "2010-06-30": "3630.90400", "2010-03-31": "3626.59200", "2009-12-31": "3584.35400", "2009-09-30": "3499.46400", "2009-06-30": "3306.25300", "2009-03-31": "3181.45600", "2008-12-31": "3032.02400", "2008-09-30": "2846.19900", "2008-06-30": "2705.64300", "2008-03-31": "2446.52900", "2007-12-31": "2429.17200", "2007-09-30": "2172.78700", "2007-06-30": "1556.35600", "2007-03-31": "1274.15700", "2006-12-31": "1268.78000", "2006-09-30": "1235.07400", "2006-06-30": "1222.56300", "2006-03-31": "1267.12000", "2005-12-31": "735.94200", "2005-09-30": "757.21200", "2005-06-30": "463.13500", "2005-03-31": "452.69000"}}, "cash flow statement": {"Net Income/Loss": {"2020-09-30": "28.78200", "2019-09-30": "-12.19800", "2018-09-30": "-236.83700", "2017-09-30": "-178.34100", "2016-09-30": "-12.45800", "2015-09-30": "-115.01000", "2014-09-30": "-150.34300", "2013-09-30": "-115.23800", "2012-09-30": "207.13500", "2011-09-30": "38.23800", "2010-09-30": "-19.09900", "2009-09-30": "-19.38700", "2008-09-30": "-36.96000", "2007-09-30": "-14.01500", "2006-09-30": "-22.88700", "2005-09-30": "-5.41700"}, "Total Depreciation And Amortization - Cash Flow": {"2020-09-30": "116.47900", "2019-09-30": "129.03900", "2018-09-30": "327.74200", "2017-09-30": "203.99900", "2016-09-30": "231.47400", "2015-09-30": "230.64500", "2014-09-30": "221.77600", "2013-09-30": "208.65900", "2012-09-30": "187.18300", "2011-09-30": "170.93300", "2010-09-30": "157.15600", "2009-09-30": "134.05900", "2008-09-30": "99.00000", "2007-09-30": "49.83300", "2006-09-30": "38.44900", "2005-09-30": "18.15300"}, "Other Non-Cash Items": {"2020-09-30": "150.88200", "2019-09-30": "258.44900", "2018-09-30": "303.60600", "2017-09-30": "328.76300", "2016-09-30": "203.19500", "2015-09-30": "250.40100", "2014-09-30": "199.78500", "2013-09-30": "191.12500", "2012-09-30": "48.82100", "2011-09-30": "144.13300", "2010-09-30": "125.24500", "2009-09-30": "103.53400", "2008-09-30": "89.79500", "2007-09-30": "69.28600", "2006-09-30": "39.33700", "2005-09-30": "9.04900"}, "Total Non-Cash Items": {"2020-09-30": "267.36100", "2019-09-30": "387.48800", "2018-09-30": "631.34800", "2017-09-30": "532.76210", "2016-09-30": "434.66900", "2015-09-30": "481.04600", "2014-09-30": "421.56100", "2013-09-30": "399.78400", "2012-09-30": "236.00400", "2011-09-30": "315.06600", "2010-09-30": "282.40100", "2009-09-30": "237.59300", "2008-09-30": "188.79500", "2007-09-30": "119.11900", "2006-09-30": "77.78600", "2005-09-30": "27.20200"}, "Change In Accounts Receivable": {"2020-09-30": "42.07500", "2019-09-30": "3.36600", "2018-09-30": "6.16800", "2017-09-30": "-15.40300", "2016-09-30": "25.45000", "2015-09-30": "41.65700", "2014-09-30": "-39.50200", "2013-09-30": "25.16500", "2012-09-30": "-55.21000", "2011-09-30": "-25.53000", "2010-09-30": "-0.77300", "2009-09-30": "33.48100", "2008-09-30": "62.03400", "2007-09-30": "-14.21700", "2006-09-30": "16.59900", "2005-09-30": "-19.83200"}, "Change In Inventories": {"2020-09-30": "", "2019-09-30": "", "2018-09-30": "", "2017-09-30": "", "2016-09-30": "", "2015-09-30": "", "2014-09-30": "", "2013-09-30": "", "2012-09-30": "", "2011-09-30": "", "2010-09-30": "", "2009-09-30": "", "2008-09-30": "", "2007-09-30": "-0.62400", "2006-09-30": "-1.78100", "2005-09-30": "0.64600"}, "Change In Accounts Payable": {"2020-09-30": "-8.17300", "2019-09-30": "12.12200", "2018-09-30": "-7.90900", "2017-09-30": "0.10900", "2016-09-30": "38.20600", "2015-09-30": "-3.21800", "2014-09-30": "-28.61700", "2013-09-30": "-26.84300", "2012-09-30": "22.64500", "2011-09-30": "-8.19300", "2010-09-30": "4.71000", "2009-09-30": "26.58200", "2008-09-30": "-11.94600", "2007-09-30": "10.73600", "2006-09-30": "7.53400", "2005-09-30": "6.68700"}, "Change In Assets/Liabilities": {"2020-09-30": "8.59500", "2019-09-30": "-16.83600", "2018-09-30": "39.49000", "2017-09-30": "36.18300", "2016-09-30": "52.10200", "2015-09-30": "131.22000", "2014-09-30": "141.43100", "2013-09-30": "95.63600", "2012-09-30": "53.48600", "2011-09-30": "44.60500", "2010-09-30": "35.80300", "2009-09-30": "-14.57300", "2008-09-30": "8.52700", "2007-09-30": "-3.81000", "2006-09-30": "-12.20500", "2005-09-30": "4.06700"}, "Total Change In Assets/Liabilities": {"2020-09-30": "-41.57900", "2019-09-30": "26.06700", "2018-09-30": "49.91500", "2017-09-30": "24.44600", "2016-09-30": "143.58400", "2015-09-30": "121.54100", "2014-09-30": "86.92900", "2013-09-30": "110.46400", "2012-09-30": "29.86000", "2011-09-30": "4.10700", "2010-09-30": "32.98000", "2009-09-30": "40.48300", "2008-09-30": "44.36400", "2007-09-30": "1.31800", "2006-09-30": "7.08400", "2005-09-30": "-5.58700"}, "Cash Flow From Operating Activities": {"2020-09-30": "254.56400", "2019-09-30": "401.35700", "2018-09-30": "444.42600", "2017-09-30": "378.86700", "2016-09-30": "565.79500", "2015-09-30": "487.57700", "2014-09-30": "358.14700", "2013-09-30": "395.01000", "2012-09-30": "472.99900", "2011-09-30": "357.41100", "2010-09-30": "296.28200", "2009-09-30": "258.68900", "2008-09-30": "196.19900", "2007-09-30": "106.42200", "2006-09-30": "61.98300", "2005-09-30": "16.19800"}, "Net Change In Property, Plant, And Equipment": {"2020-09-30": "-61.29700", "2019-09-30": "-44.18500", "2018-09-30": "-48.84500", "2017-09-30": "-61.83500", "2016-09-30": "-54.88300", "2015-09-30": "-58.03900", "2014-09-30": "-60.28700", "2013-09-30": "-55.58800", "2012-09-30": "-62.91000", "2011-09-30": "-34.90700", "2010-09-30": "-25.97400", "2009-09-30": "-19.51200", "2008-09-30": "-17.71600", "2007-09-30": "-12.65600", "2006-09-30": "-8.44700", "2005-09-30": "-4.38400"}, "Net Change In Intangible Assets": {"2020-09-30": "", "2019-09-30": "", "2018-09-30": "", "2017-09-30": "", "2016-09-30": "", "2015-09-30": "", "2014-09-30": "", "2013-09-30": "", "2012-09-30": "", "2011-09-30": "-409.00500", "2010-09-30": "", "2009-09-30": "-65.87500", "2008-09-30": "-36.47900", "2007-09-30": "-7.50100", "2006-09-30": "-4.18900", "2005-09-30": ""}, "Net Acquisitions/Divestitures": {"2020-09-30": "-0.85000", "2019-09-30": "386.17000", "2018-09-30": "-110.17000", "2017-09-30": "-113.76900", "2016-09-30": "-172.76300", "2015-09-30": "-83.27800", "2014-09-30": "-253.00000", "2013-09-30": "-607.65300", "2012-09-30": "-884.94500", "2011-09-30": "", "2010-09-30": "-219.02900", "2009-09-30": "-99.12000", "2008-09-30": "-392.52700", "2007-09-30": "-564.29500", "2006-09-30": "-392.82600", "2005-09-30": "-61.28700"}, "Net Change In Short-term Investments": {"2020-09-30": "133.72900", "2019-09-30": "-45.95400", "2018-09-30": "121.70000", "2017-09-30": "-158.60600", "2016-09-30": "-35.35500", "2015-09-30": "-64.83000", "2014-09-30": "2.33600", "2013-09-30": "-30.66700", "2012-09-30": "16.63300", "2011-09-30": "0.87400", "2010-09-30": "-48.49900", "2009-09-30": "0.05600", "2008-09-30": "2.57700", "2007-09-30": "5.71400", "2006-09-30": "24.15900", "2005-09-30": "21.08900"}, "Net Change In Long-Term Investments": {"2020-09-30": "", "2019-09-30": "", "2018-09-30": "", "2017-09-30": "", "2016-09-30": "", "2015-09-30": "", "2014-09-30": "", "2013-09-30": "", "2012-09-30": "", "2011-09-30": "", "2010-09-30": "", "2009-09-30": "-0.15900", "2008-09-30": "-2.17200", "2007-09-30": "", "2006-09-30": "", "2005-09-30": ""}, "Net Change In Investments - Total": {"2020-09-30": "133.72900", "2019-09-30": "-45.95400", "2018-09-30": "121.70000", "2017-09-30": "-158.60600", "2016-09-30": "-35.35500", "2015-09-30": "-64.83000", "2014-09-30": "2.33600", "2013-09-30": "-30.66700", "2012-09-30": "16.63300", "2011-09-30": "0.87400", "2010-09-30": "-48.49900", "2009-09-30": "-0.10300", "2008-09-30": "0.40500", "2007-09-30": "5.71400", "2006-09-30": "24.15900", "2005-09-30": "21.08900"}, "Investing Activities - Other": {"2020-09-30": "1.14700", "2019-09-30": "", "2018-09-30": "", "2017-09-30": "", "2016-09-30": "", "2015-09-30": "", "2014-09-30": "", "2013-09-30": "", "2012-09-30": "6.74700", "2011-09-30": "17.18400", "2010-09-30": "-22.07000", "2009-09-30": "", "2008-09-30": "0.23800", "2007-09-30": "1.02300", "2006-09-30": "11.13100", "2005-09-30": ""}, "Cash Flow From Investing Activities": {"2020-09-30": "72.72900", "2019-09-30": "296.03100", "2018-09-30": "-37.31500", "2017-09-30": "-334.21000", "2016-09-30": "-263.00100", "2015-09-30": "-206.14700", "2014-09-30": "-310.95100", "2013-09-30": "-693.90800", "2012-09-30": "-924.47500", "2011-09-30": "-425.85400", "2010-09-30": "-315.57200", "2009-09-30": "-184.61000", "2008-09-30": "-446.07900", "2007-09-30": "-577.71500", "2006-09-30": "-370.17200", "2005-09-30": "-44.58200"}, "Net Long-Term Debt": {"2020-09-30": "-746.86400", "2019-09-30": "-302.13100", "2018-09-30": "-482.40400", "2017-09-30": "203.42700", "2016-09-30": "447.51400", "2015-09-30": "-10.83000", "2014-09-30": "-257.92800", "2013-09-30": "197.83300", "2012-09-30": "1349.79500", "2011-09-30": "-20.73100", "2010-09-30": "-18.33000", "2009-09-30": "-16.17900", "2008-09-30": "-19.15000", "2007-09-30": "-18.18700", "2006-09-30": "-13.80700", "2005-09-30": "-0.46300"}, "Net Current Debt": {"2020-09-30": "230.00000", "2019-09-30": "", "2018-09-30": "", "2017-09-30": "", "2016-09-30": "", "2015-09-30": "", "2014-09-30": "", "2013-09-30": "", "2012-09-30": "", "2011-09-30": "", "2010-09-30": "", "2009-09-30": "", "2008-09-30": "", "2007-09-30": "551.44700", "2006-09-30": "346.03200", "2005-09-30": ""}, "Debt Issuance/Retirement Net - Total": {"2020-09-30": "-516.86400", "2019-09-30": "-302.13100", "2018-09-30": "-482.40400", "2017-09-30": "203.42700", "2016-09-30": "447.51400", "2015-09-30": "-10.83000", "2014-09-30": "-257.92800", "2013-09-30": "197.83300", "2012-09-30": "1349.79500", "2011-09-30": "-20.73100", "2010-09-30": "-18.33000", "2009-09-30": "-16.17900", "2008-09-30": "-19.15000", "2007-09-30": "533.26000", "2006-09-30": "332.22500", "2005-09-30": "-0.46300"}, "Net Common Equity Issued/Repurchased": {"2020-09-30": "-154.37700", "2019-09-30": "-110.34100", "2018-09-30": "-117.70600", "2017-09-30": "-81.69400", "2016-09-30": "-682.62200", "2015-09-30": "-272.50300", "2014-09-30": "-3.83100", "2013-09-30": "-154.17200", "2012-09-30": "-222.19700", "2011-09-30": "36.66700", "2010-09-30": "41.86000", "2009-09-30": "215.40800", "2008-09-30": "358.09100", "2007-09-30": "24.46200", "2006-09-30": "29.21400", "2005-09-30": "79.74000"}, "Net Total Equity Issued/Repurchased": {"2020-09-30": "-154.37700", "2019-09-30": "-110.34100", "2018-09-30": "-117.70600", "2017-09-30": "-81.69400", "2016-09-30": "-682.62200", "2015-09-30": "-272.50300", "2014-09-30": "-3.83100", "2013-09-30": "-154.17200", "2012-09-30": "-222.19700", "2011-09-30": "36.66700", "2010-09-30": "41.86000", "2009-09-30": "215.40800", "2008-09-30": "358.09100", "2007-09-30": "24.46200", "2006-09-30": "29.21400", "2005-09-30": "79.74000"}, "Total Common And Preferred Stock Dividends Paid": {"2020-09-30": "", "2019-09-30": "", "2018-09-30": "", "2017-09-30": "", "2016-09-30": "", "2015-09-30": "", "2014-09-30": "", "2013-09-30": "", "2012-09-30": "", "2011-09-30": "", "2010-09-30": "", "2009-09-30": "", "2008-09-30": "", "2007-09-30": "", "2006-09-30": "", "2005-09-30": ""}, "Financial Activities - Other": {"2020-09-30": "85.03400", "2019-09-30": "-39.56500", "2018-09-30": "-80.23800", "2017-09-30": "-54.68200", "2016-09-30": "-70.00700", "2015-09-30": "-57.90000", "2014-09-30": "-45.40700", "2013-09-30": "-64.31800", "2012-09-30": "5.43700", "2011-09-30": "-9.97400", "2010-09-30": "-13.65000", "2009-09-30": "-9.81300", "2008-09-30": "-11.80200", "2007-09-30": "-16.23600", "2006-09-30": "-12.70700", "2005-09-30": "-2.80000"}, "Cash Flow From Financial Activities": {"2020-09-30": "-586.20700", "2019-09-30": "-452.03700", "2018-09-30": "-680.34800", "2017-09-30": "67.05100", "2016-09-30": "-305.11500", "2015-09-30": "-341.23300", "2014-09-30": "-307.16600", "2013-09-30": "-20.65700", "2012-09-30": "1133.03500", "2011-09-30": "5.96200", "2010-09-30": "9.88000", "2009-09-30": "189.41600", "2008-09-30": "327.13900", "2007-09-30": "541.48600", "2006-09-30": "348.73200", "2005-09-30": "76.47700"}, "Net Cash Flow": {"2020-09-30": "-259.72800", "2019-09-30": "244.99800", "2018-09-30": "-276.33600", "2017-09-30": "110.67900", "2016-09-30": "2.17100", "2015-09-30": "-67.78100", "2014-09-30": "-260.88800", "2013-09-30": "-321.64300", "2012-09-30": "682.53700", "2011-09-30": "-69.40600", "2010-09-30": "-10.40800", "2009-09-30": "265.49800", "2008-09-30": "77.20500", "2007-09-30": "72.00100", "2006-09-30": "40.64700", "2005-09-30": "48.72400"}, "Stock-Based Compensation": {"2020-09-30": "133.29400", "2019-09-30": "119.25500", "2018-09-30": "127.04300", "2017-09-30": "142.90100", "2016-09-30": "163.82800", "2015-09-30": "176.77600", "2014-09-30": "192.96400", "2013-09-30": "159.32500", "2012-09-30": "174.58100", "2011-09-30": "147.29600", "2010-09-30": "100.13900", "2009-09-30": "71.40700", "2008-09-30": "68.63100", "2007-09-30": "48.13500", "2006-09-30": "22.53900", "2005-09-30": "2.99600"}, "Common Stock Dividends Paid": {"2020-09-30": "", "2019-09-30": "", "2018-09-30": "", "2017-09-30": "", "2016-09-30": "", "2015-09-30": "", "2014-09-30": "", "2013-09-30": "", "2012-09-30": "", "2011-09-30": "", "2010-09-30": "", "2009-09-30": "", "2008-09-30": "", "2007-09-30": "", "2006-09-30": "", "2005-09-30": ""}}, "cash flow statement, quarterly": {"Net Income/Loss": {"2020-09-30": -22.751, "2020-06-30": 10.166, "2020-03-31": -13.51, "2019-12-31": "54.87700", "2019-09-30": 3.005, "2019-06-30": -0.687, "2019-03-31": -28.397, "2018-12-31": "13.88100", "2018-09-30": -96.441, "2018-06-30": -20.72, "2018-03-31": -167.141, "2017-12-31": "47.46500", "2017-09-30": -92.769, "2017-06-30": -27.836, "2017-03-31": -33.807, "2016-12-31": "-23.92900", "2016-09-30": 18.474, "2016-06-30": -11.821, "2016-03-31": -7.046, "2015-12-31": "-12.06500", "2015-09-30": -11.027, "2015-06-30": -39.39, "2015-03-31": -14.098, "2014-12-31": "-50.49500", "2014-09-30": -1.456, "2014-06-30": -54.247, "2014-03-31": -39.227, "2013-12-31": "-55.41300", "2013-09-30": -32.32, "2013-06-30": -34.974, "2013-03-31": -25.848, "2012-12-31": "-22.09600", "2012-09-30": 117.641, "2012-06-30": 79.264, "2012-03-31": 0.89, "2011-12-31": "9.34000", "2011-09-30": -5.109, "2011-06-30": 41.621, "2011-03-31": 1.735, "2010-12-31": "-0.00900", "2010-09-30": 2.105, "2010-06-30": -1.53, "2010-03-31": -15.396, "2009-12-31": "-4.27800", "2009-09-30": 4.466, "2009-06-30": -2.815, "2009-03-31": 5.28, "2008-12-31": "-26.31800", "2008-09-30": 15.121, "2008-06-30": -9.866, "2008-03-31": -26.79, "2007-12-31": "-15.42500", "2007-09-30": -3.416, "2007-06-30": -7.635, "2007-03-31": -1.729, "2006-12-31": "-1.23500", "2006-09-30": -7.216, "2006-06-30": -9.399, "2006-03-31": -1.38, "2005-12-31": "-4.89200", "2005-09-30": -7.716, "2005-06-30": 0.16, "2005-03-31": 2.139}, "Total Depreciation And Amortization - Cash Flow": {"2020-09-30": 32.596, "2020-06-30": 27.12, "2020-03-31": 27.404, "2019-12-31": "29.35900", "2019-09-30": 30.286, "2019-06-30": 30.682, "2019-03-31": 33.194, "2018-12-31": "34.87700", "2018-09-30": 47.494, "2018-06-30": 48.096, "2018-03-31": 184.319, "2017-12-31": "47.83300", "2017-09-30": 29.044, "2017-06-30": 58.311, "2017-03-31": 58.638, "2016-12-31": "58.00600", "2016-09-30": 58.381, "2016-06-30": 57.267, "2016-03-31": 57.551, "2015-12-31": "58.27500", "2015-09-30": 58.753, "2015-06-30": 57.872, "2015-03-31": 56.847, "2014-12-31": "57.17300", "2014-09-30": 56.496, "2014-06-30": 55.863, "2014-03-31": 54.308, "2013-12-31": "55.10900", "2013-09-30": 53.55, "2013-06-30": 52.533, "2013-03-31": 52.147, "2012-12-31": "50.42900", "2012-09-30": 47.665, "2012-06-30": 49.228, "2012-03-31": 44.455, "2011-12-31": "45.83500", "2011-09-30": 45.214, "2011-06-30": 40.996, "2011-03-31": 42.206, "2010-12-31": "42.51700", "2010-09-30": 40.418, "2010-06-30": 38.761, "2010-03-31": 39.747, "2009-12-31": "38.23000", "2009-09-30": 36.661, "2009-06-30": 34.465, "2009-03-31": 32.997, "2008-12-31": "29.93600", "2008-09-30": 29.17, "2008-06-30": 23.532, "2008-03-31": 26.104, "2007-12-31": "20.19400", "2007-09-30": 15.49, "2007-06-30": 12.767, "2007-03-31": 10.928, "2006-12-31": "10.64800", "2006-09-30": 14.496, "2006-06-30": 11.589, "2006-03-31": 6.191, "2005-12-31": "6.17300", "2005-09-30": 4.799, "2005-06-30": 4.038, "2005-03-31": 9.316}, "Other Non-Cash Items": {"2020-09-30": 62.955, "2020-06-30": 30.044, "2020-03-31": 53.25, "2019-12-31": "4.63300", "2019-09-30": 69.927, "2019-06-30": 68.05, "2019-03-31": 53.226, "2018-12-31": "67.24600", "2018-09-30": 215.616, "2018-06-30": 52.982, "2018-03-31": 64.145, "2017-12-31": "-29.13700", "2017-09-30": 118.105, "2017-06-30": 66.915, "2017-03-31": 87.712, "2016-12-31": "56.03100", "2016-09-30": 34.851, "2016-06-30": 58.164, "2016-03-31": 54.303, "2015-12-31": "55.87700", "2015-09-30": 77.467, "2015-06-30": 71.932, "2015-03-31": 44.564, "2014-12-31": "56.43800", "2014-09-30": 26, "2014-06-30": 63.995, "2014-03-31": 60.652, "2013-12-31": "49.13800", "2013-09-30": 59.123, "2013-06-30": 62.842, "2013-03-31": 19.905, "2012-12-31": "49.25500", "2012-09-30": -22.969, "2012-06-30": -5.264, "2012-03-31": 48.705, "2011-12-31": "28.34900", "2011-09-30": 56.572, "2011-06-30": 4.211, "2011-03-31": 47.976, "2010-12-31": "35.37400", "2010-09-30": 36.448, "2010-06-30": 31.111, "2010-03-31": 33.961, "2009-12-31": "23.72500", "2009-09-30": 39.927, "2009-06-30": 26.813, "2009-03-31": 16.675, "2008-12-31": "20.11900", "2008-09-30": 23.537, "2008-06-30": 22.056, "2008-03-31": 24.183, "2007-12-31": "20.01900", "2007-09-30": 17.831, "2007-06-30": 22.931, "2007-03-31": 14.355, "2006-12-31": "14.16900", "2006-09-30": 13.772, "2006-06-30": 10.937, "2006-03-31": 7.583, "2005-12-31": "7.04500", "2005-09-30": 6.027, "2005-06-30": 0.681, "2005-03-31": 2.341}, "Total Non-Cash Items": {"2020-09-30": 95.551, "2020-06-30": 57.164, "2020-03-31": 80.654, "2019-12-31": "33.99200", "2019-09-30": 100.213, "2019-06-30": 98.732, "2019-03-31": 86.42, "2018-12-31": "102.12300", "2018-09-30": 263.11, "2018-06-30": 101.078, "2018-03-31": 248.464, "2017-12-31": "18.69600", "2017-09-30": 147.1491, "2017-06-30": 125.226, "2017-03-31": 146.35, "2016-12-31": "114.03700", "2016-09-30": 93.232, "2016-06-30": 115.431, "2016-03-31": 111.854, "2015-12-31": "114.15200", "2015-09-30": 136.22, "2015-06-30": 129.804, "2015-03-31": 101.411, "2014-12-31": "113.61100", "2014-09-30": 82.496, "2014-06-30": 119.858, "2014-03-31": 114.96, "2013-12-31": "104.24700", "2013-09-30": 112.673, "2013-06-30": 115.375, "2013-03-31": 72.052, "2012-12-31": "99.68400", "2012-09-30": 24.696, "2012-06-30": 43.964, "2012-03-31": 93.16, "2011-12-31": "74.18400", "2011-09-30": 101.786, "2011-06-30": 45.207, "2011-03-31": 90.182, "2010-12-31": "77.89100", "2010-09-30": 76.866, "2010-06-30": 69.872, "2010-03-31": 73.708, "2009-12-31": "61.95500", "2009-09-30": 76.588, "2009-06-30": 61.278, "2009-03-31": 49.672, "2008-12-31": "50.05500", "2008-09-30": 52.707, "2008-06-30": 45.588, "2008-03-31": 50.287, "2007-12-31": "40.21300", "2007-09-30": 33.321, "2007-06-30": 35.698, "2007-03-31": 25.283, "2006-12-31": "24.81700", "2006-09-30": 28.268, "2006-06-30": 22.526, "2006-03-31": 13.774, "2005-12-31": "13.21800", "2005-09-30": 10.826, "2005-06-30": 4.719, "2005-03-31": 11.657}, "Change In Accounts Receivable": {"2020-09-30": 15.811, "2020-06-30": 6.33, "2020-03-31": 39.176, "2019-12-31": "-19.24200", "2019-09-30": -8.952, "2019-06-30": -7.455, "2019-03-31": 35.027, "2018-12-31": "-15.25400", "2018-09-30": 7.594, "2018-06-30": 18.389, "2018-03-31": 20.679, "2017-12-31": "-40.49400", "2017-09-30": -43.535, "2017-06-30": 29.563, "2017-03-31": 8.282, "2016-12-31": "-9.71300", "2016-09-30": 2.076, "2016-06-30": 1.264, "2016-03-31": 26.004, "2015-12-31": "-3.89400", "2015-09-30": -9.333, "2015-06-30": 34.002, "2015-03-31": 9.745, "2014-12-31": "7.24300", "2014-09-30": -34.796, "2014-06-30": -11.224, "2014-03-31": 13.05, "2013-12-31": "-6.53200", "2013-09-30": -1.548, "2013-06-30": -3.568, "2013-03-31": 21.466, "2012-12-31": "8.81500", "2012-09-30": -21.88, "2012-06-30": 0.968, "2012-03-31": -10.367, "2011-12-31": "-23.93100", "2011-09-30": -21.851, "2011-06-30": -1.16, "2011-03-31": 10.754, "2010-12-31": "-13.27300", "2010-09-30": 12.25, "2010-06-30": -4.482, "2010-03-31": -2.274, "2009-12-31": "-6.26700", "2009-09-30": -14.232, "2009-06-30": 13.931, "2009-03-31": 11.047, "2008-12-31": "22.73500", "2008-09-30": -12.655, "2008-06-30": 31.047, "2008-03-31": 22.44, "2007-12-31": "21.20200", "2007-09-30": -18.482, "2007-06-30": -4.049, "2007-03-31": 16.985, "2006-12-31": "-8.67100", "2006-09-30": 10.248, "2006-06-30": 9.659, "2006-03-31": 4.814, "2005-12-31": "-8.12200", "2005-09-30": -9.978, "2005-06-30": -4.44, "2005-03-31": -5.414}, "Change In Inventories": {"2020-09-30": 0, "2020-06-30": 0, "2020-03-31": 0, "2019-12-31": "", "2019-09-30": 0, "2019-06-30": 0, "2019-03-31": 0, "2018-12-31": "", "2018-09-30": 0, "2018-06-30": 0, "2018-03-31": 0, "2017-12-31": "", "2017-09-30": 0, "2017-06-30": 0, "2017-03-31": 0, "2016-12-31": "", "2016-09-30": 0, "2016-06-30": 0, "2016-03-31": 0, "2015-12-31": "", "2015-09-30": 0, "2015-06-30": 0, "2015-03-31": 0, "2014-12-31": "", "2014-09-30": 0, "2014-06-30": 0, "2014-03-31": 0, "2013-12-31": "", "2013-09-30": 0, "2013-06-30": 0, "2013-03-31": 0, "2012-12-31": "", "2012-09-30": 0, "2012-06-30": 0, "2012-03-31": 0, "2011-12-31": "", "2011-09-30": 0, "2011-06-30": 0, "2011-03-31": 0, "2010-12-31": "", "2010-09-30": 0, "2010-06-30": 0, "2010-03-31": 0, "2009-12-31": "", "2009-09-30": 2.261, "2009-06-30": -0.8, "2009-03-31": -0.695, "2008-12-31": "-0.76600", "2008-09-30": -0.238, "2008-06-30": -0.316, "2008-03-31": -0.512, "2007-12-31": "1.06600", "2007-09-30": 0.423, "2007-06-30": 0.027, "2007-03-31": 0.236, "2006-12-31": "-1.31000", "2006-09-30": 0.215, "2006-06-30": -2.011, "2006-03-31": 0.012, "2005-12-31": "0.00300", "2005-09-30": 0.218, "2005-06-30": 0.443, "2005-03-31": -0.015}, "Change In Accounts Payable": {"2020-09-30": 7.695, "2020-06-30": -9.649, "2020-03-31": -4.873, "2019-12-31": "-1.34600", "2019-09-30": 3.853, "2019-06-30": 5.685, "2019-03-31": -9.919, "2018-12-31": "12.50300", "2018-09-30": -4.263, "2018-06-30": -1.067, "2018-03-31": 9.277, "2017-12-31": "-11.85600", "2017-09-30": -12.1, "2017-06-30": 13.209, "2017-03-31": 20.244, "2016-12-31": "-21.24400", "2016-09-30": 13.165, "2016-06-30": 22.344, "2016-03-31": 8.637, "2015-12-31": "-5.94000", "2015-09-30": 11.429, "2015-06-30": -16.516, "2015-03-31": 4.428, "2014-12-31": "-2.55900", "2014-09-30": -3.614, "2014-06-30": 7.094, "2014-03-31": -4.065, "2013-12-31": "-28.03200", "2013-09-30": -7.028, "2013-06-30": -21.962, "2013-03-31": 20.839, "2012-12-31": "-18.69200", "2012-09-30": 0.153, "2012-06-30": 6.651, "2012-03-31": 5.084, "2011-12-31": "10.75700", "2011-09-30": 1.806, "2011-06-30": -8.553, "2011-03-31": 0.084, "2010-12-31": "-1.53000", "2010-09-30": 8.67, "2010-06-30": -1.711, "2010-03-31": 1.46, "2009-12-31": "-3.70900", "2009-09-30": 3.838, "2009-06-30": -2.755, "2009-03-31": 3.616, "2008-12-31": "21.88300", "2008-09-30": 1.037, "2008-06-30": -9.248, "2008-03-31": 3.846, "2007-12-31": "-7.58100", "2007-09-30": 1.287, "2007-06-30": 3.974, "2007-03-31": -1.102, "2006-12-31": "6.57700", "2006-09-30": 3.921, "2006-06-30": 2.116, "2006-03-31": 3.429, "2005-12-31": "-1.93200", "2005-09-30": 4.743, "2005-06-30": -1.515, "2005-03-31": 3.459}, "Change In Assets/Liabilities": {"2020-09-30": -16.141, "2020-06-30": -8.653, "2020-03-31": -23.624, "2019-12-31": "57.01300", "2019-09-30": -18.524, "2019-06-30": -12.565, "2019-03-31": 8.298, "2018-12-31": "5.95500", "2018-09-30": -33.652, "2018-06-30": 7.063, "2018-03-31": -3.17, "2017-12-31": "69.24900", "2017-09-30": -9.838, "2017-06-30": -14.672, "2017-03-31": 0.785, "2016-12-31": "59.90800", "2016-09-30": 2.644, "2016-06-30": -12.569, "2016-03-31": 13.444, "2015-12-31": "48.58300", "2015-09-30": 29.269, "2015-06-30": 5.589, "2015-03-31": 32.251, "2014-12-31": "64.11100", "2014-09-30": 43.321, "2014-06-30": 21.615, "2014-03-31": 20.061, "2013-12-31": "56.43400", "2013-09-30": 34.294, "2013-06-30": 11.029, "2013-03-31": 4.317, "2012-12-31": "45.99600", "2012-09-30": 23.642, "2012-06-30": -4.055, "2012-03-31": 7.864, "2011-12-31": "26.03500", "2011-09-30": 18.097, "2011-06-30": 1.859, "2011-03-31": 7.202, "2010-12-31": "17.44700", "2010-09-30": 10.628, "2010-06-30": -0.563, "2010-03-31": 15.79, "2009-12-31": "9.94800", "2009-09-30": -2.703, "2009-06-30": -8.758, "2009-03-31": -5.407, "2008-12-31": "2.29500", "2008-09-30": 5.105, "2008-06-30": -5.756, "2008-03-31": 8.936, "2007-12-31": "0.24200", "2007-09-30": -6.823, "2007-06-30": -1.922, "2007-03-31": -1.215, "2006-12-31": "6.15000", "2006-09-30": -7.911, "2006-06-30": -9.781, "2006-03-31": 1.583, "2005-12-31": "3.90400", "2005-09-30": 4.199, "2005-06-30": -3.419, "2005-03-31": 3.287}, "Total Change In Assets/Liabilities": {"2020-09-30": 8.051, "2020-06-30": -35.048, "2020-03-31": 20.734, "2019-12-31": "-35.31600", "2019-09-30": 0.945, "2019-06-30": -4.407, "2019-03-31": 45.642, "2018-12-31": "-16.11300", "2018-09-30": -17.266, "2018-06-30": 19.3, "2018-03-31": 27.937, "2017-12-31": "19.94400", "2017-09-30": -57.876, "2017-06-30": 34.639, "2017-03-31": 12.891, "2016-12-31": "34.79200", "2016-09-30": 27.162, "2016-06-30": 22.254, "2016-03-31": 55.114, "2015-12-31": "39.05400", "2015-09-30": 26.414, "2015-06-30": 29.925, "2015-03-31": 32.633, "2014-12-31": "32.56900", "2014-09-30": 14.894, "2014-06-30": 31.42, "2014-03-31": 11.293, "2013-12-31": "29.32200", "2013-09-30": 13.142, "2013-06-30": 5.08, "2013-03-31": 46.882, "2012-12-31": "45.36000", "2012-09-30": -0.881, "2012-06-30": 18.262, "2012-03-31": 6.47, "2011-12-31": "6.00900", "2011-09-30": 1.227, "2011-06-30": 13.231, "2011-03-31": 4.195, "2010-12-31": "-14.54600", "2010-09-30": 32.613, "2010-06-30": -4.224, "2010-03-31": -2.784, "2009-12-31": "7.37500", "2009-09-30": -6.626, "2009-06-30": -4.767, "2009-03-31": -5.149, "2008-12-31": "57.02500", "2008-09-30": -1.758, "2008-06-30": 12.404, "2008-03-31": 17.515, "2007-12-31": "16.20300", "2007-09-30": -15.153, "2007-06-30": 2.261, "2007-03-31": 11.65, "2006-12-31": "2.56000", "2006-09-30": 9.047, "2006-06-30": 4.477, "2006-03-31": 2.97, "2005-12-31": "-9.41000", "2005-09-30": 4.544, "2005-06-30": -11.837, "2005-03-31": 1.706}, "Cash Flow From Operating Activities": {"2020-09-30": 80.851, "2020-06-30": 32.282, "2020-03-31": 87.878, "2019-12-31": "53.55300", "2019-09-30": 104.163, "2019-06-30": 93.638, "2019-03-31": 103.665, "2018-12-31": "99.89100", "2018-09-30": 149.403, "2018-06-30": 99.658, "2018-03-31": 109.26, "2017-12-31": "86.10500", "2017-09-30": -3.496, "2017-06-30": 132.029, "2017-03-31": 125.434, "2016-12-31": "124.90000", "2016-09-30": 138.868, "2016-06-30": 125.864, "2016-03-31": 159.922, "2015-12-31": "141.14100", "2015-09-30": 151.607, "2015-06-30": 120.339, "2015-03-31": 119.946, "2014-12-31": "95.68500", "2014-09-30": 95.934, "2014-06-30": 97.031, "2014-03-31": 87.026, "2013-12-31": "78.15600", "2013-09-30": 93.495, "2013-06-30": 85.481, "2013-03-31": 93.086, "2012-12-31": "122.94800", "2012-09-30": 141.456, "2012-06-30": 141.49, "2012-03-31": 100.52, "2011-12-31": "89.53300", "2011-09-30": 97.904, "2011-06-30": 100.059, "2011-03-31": 96.112, "2010-12-31": "63.33600", "2010-09-30": 111.584, "2010-06-30": 64.118, "2010-03-31": 55.528, "2009-12-31": "65.05200", "2009-09-30": 74.428, "2009-06-30": 53.696, "2009-03-31": 49.803, "2008-12-31": "80.76200", "2008-09-30": 66.07, "2008-06-30": 48.126, "2008-03-31": 41.012, "2007-12-31": "40.99100", "2007-09-30": 14.752, "2007-06-30": 30.324, "2007-03-31": 35.204, "2006-12-31": "26.14200", "2006-09-30": 30.099, "2006-06-30": 17.604, "2006-03-31": 15.364, "2005-12-31": "-1.08400", "2005-09-30": 7.654, "2005-06-30": -6.958, "2005-03-31": 15.502}, "Net Change In Property, Plant, And Equipment": {"2020-09-30": -15.747, "2020-06-30": -14.363, "2020-03-31": -16.983, "2019-12-31": "-14.20400", "2019-09-30": -11.942, "2019-06-30": -8.809, "2019-03-31": -11.214, "2018-12-31": "-12.22000", "2018-09-30": -9.88, "2018-06-30": -13.639, "2018-03-31": -12.783, "2017-12-31": "-12.54300", "2017-09-30": -27.802, "2017-06-30": -15.246, "2017-03-31": -7.388, "2016-12-31": "-11.39900", "2016-09-30": -13.46, "2016-06-30": -9.188, "2016-03-31": -11.68, "2015-12-31": "-20.55500", "2015-09-30": -9.88, "2015-06-30": -17.401, "2015-03-31": -13.821, "2014-12-31": "-16.93700", "2014-09-30": -18.928, "2014-06-30": -16.64, "2014-03-31": -10.553, "2013-12-31": "-14.16600", "2013-09-30": -13.911, "2013-06-30": -12.089, "2013-03-31": -14.484, "2012-12-31": "-15.10400", "2012-09-30": -10.901, "2012-06-30": -14.234, "2012-03-31": -12.117, "2011-12-31": "-25.65800", "2011-09-30": -10.64, "2011-06-30": -7.703, "2011-03-31": -7.671, "2010-12-31": "-8.89300", "2010-09-30": -9.69, "2010-06-30": -8.434, "2010-03-31": -5.094, "2009-12-31": "-2.75600", "2009-09-30": -3.83, "2009-06-30": -3.025, "2009-03-31": -4.049, "2008-12-31": "-8.60800", "2008-09-30": -3.832, "2008-06-30": -6.88, "2008-03-31": -3.74, "2007-12-31": "-3.26400", "2007-09-30": -3.669, "2007-06-30": -3.932, "2007-03-31": -2.267, "2006-12-31": "-2.78800", "2006-09-30": -3.293, "2006-06-30": -1.224, "2006-03-31": -1.469, "2005-12-31": "-2.46100", "2005-09-30": -0.558, "2005-06-30": -2.153, "2005-03-31": -1.673}, "Net Change In Intangible Assets": {"2020-09-30": 0, "2020-06-30": 0, "2020-03-31": 0, "2019-12-31": "", "2019-09-30": 0, "2019-06-30": 0, "2019-03-31": 0, "2018-12-31": "", "2018-09-30": 0, "2018-06-30": 0, "2018-03-31": 0, "2017-12-31": "", "2017-09-30": 0, "2017-06-30": 0, "2017-03-31": 0, "2016-12-31": "", "2016-09-30": 0, "2016-06-30": 0, "2016-03-31": 0, "2015-12-31": "", "2015-09-30": 0, "2015-06-30": 0, "2015-03-31": 0, "2014-12-31": "", "2014-09-30": 0, "2014-06-30": 0, "2014-03-31": 0, "2013-12-31": "", "2013-09-30": 0, "2013-06-30": 474.259, "2013-03-31": -474.259, "2012-12-31": "", "2012-09-30": 0, "2012-06-30": 0, "2012-03-31": 0, "2011-12-31": "", "2011-09-30": -409.005, "2011-06-30": 0, "2011-03-31": 0, "2010-12-31": "", "2010-09-30": 14.85, "2010-06-30": -7.5, "2010-03-31": -7.35, "2009-12-31": "", "2009-09-30": -0.618, "2009-06-30": -2.371, "2009-03-31": -12.886, "2008-12-31": "-50.00000", "2008-09-30": -30.2, "2008-06-30": -2.273, "2008-03-31": -1.818, "2007-12-31": "-2.18800", "2007-09-30": -4.101, "2007-06-30": -0.001, "2007-03-31": -1.714, "2006-12-31": "-1.68500", "2006-09-30": -1.139, "2006-06-30": -1.272, "2006-03-31": -1.232, "2005-12-31": "-0.54600", "2005-09-30": 0, "2005-06-30": 0, "2005-03-31": 0}, "Net Acquisitions/Divestitures": {"2020-09-30": -0.85, "2020-06-30": 0, "2020-03-31": 0, "2019-12-31": "", "2019-09-30": -20.873, "2019-06-30": 2.998, "2019-03-31": 404.045, "2018-12-31": "", "2018-09-30": -0.945, "2018-06-30": -96.457, "2018-03-31": -4.12, "2017-12-31": "-8.64800", "2017-09-30": -3.549, "2017-06-30": -37.23, "2017-03-31": -50.041, "2016-12-31": "-22.94900", "2016-09-30": -144.569, "2016-06-30": -0.795, "2016-03-31": -26.725, "2015-12-31": "-0.67400", "2015-09-30": -1.244, "2015-06-30": -50.143, "2015-03-31": -23.759, "2014-12-31": "-8.13200", "2014-09-30": -116.817, "2014-06-30": -0.646, "2014-03-31": -36.041, "2013-12-31": "-99.49600", "2013-09-30": -32.882, "2013-06-30": -574.771, "2013-03-31": 446.192, "2012-12-31": "-446.19200", "2012-09-30": -219.128, "2012-06-30": -538.984, "2012-03-31": -15.048, "2011-12-31": "-111.78500", "2011-09-30": 320.014, "2011-06-30": -302.491, "2011-03-31": -4.213, "2010-12-31": "-13.31000", "2010-09-30": -63.147, "2010-06-30": 3.47, "2010-03-31": -17.631, "2009-12-31": "-141.72100", "2009-09-30": 14.766, "2009-06-30": -52.174, "2009-03-31": -24.359, "2008-12-31": "-37.35300", "2008-09-30": -37.955, "2008-06-30": -332.494, "2008-03-31": -5.121, "2007-12-31": "-16.95700", "2007-09-30": -467.987, "2007-06-30": -37.221, "2007-03-31": -55.279, "2006-12-31": "-3.80800", "2006-09-30": -1.594, "2006-06-30": -14.404, "2006-03-31": -362.649, "2005-12-31": "-14.17900", "2005-09-30": -18.091, "2005-06-30": -9.501, "2005-03-31": -33.695}, "Net Change In Short-term Investments": {"2020-09-30": 1.121, "2020-06-30": 56.501, "2020-03-31": 80.218, "2019-12-31": "-4.11100", "2019-09-30": -52.536, "2019-06-30": 8.086, "2019-03-31": 0.32, "2018-12-31": "-1.82400", "2018-09-30": 20.668, "2018-06-30": -1.247, "2018-03-31": -25.079, "2017-12-31": "127.35800", "2017-09-30": -72.988, "2017-06-30": -1.425, "2017-03-31": -21.501, "2016-12-31": "-62.69200", "2016-09-30": -65.358, "2016-06-30": 30.079, "2016-03-31": 2.866, "2015-12-31": "-2.94200", "2015-09-30": 0.454, "2015-06-30": 2.899, "2015-03-31": -14.095, "2014-12-31": "-54.08800", "2014-09-30": -10.902, "2014-06-30": 3.108, "2014-03-31": 1.821, "2013-12-31": "8.30900", "2013-09-30": -30.219, "2013-06-30": -0.629, "2013-03-31": -0.275, "2012-12-31": "0.45600", "2012-09-30": -9.222, "2012-06-30": 5.096, "2012-03-31": 0, "2011-12-31": "20.75900", "2011-09-30": 5, "2011-06-30": 0, "2011-03-31": 0, "2010-12-31": "-4.12600", "2010-09-30": -33.529, "2010-06-30": 0, "2010-03-31": 0, "2009-12-31": "-14.97000", "2009-09-30": 0, "2009-06-30": 0, "2009-03-31": 0, "2008-12-31": "0.05600", "2008-09-30": 0, "2008-06-30": 0.002, "2008-03-31": 0.576, "2007-12-31": "1.99900", "2007-09-30": 5.22, "2007-06-30": 0.494, "2007-03-31": 0, "2006-12-31": "", "2006-09-30": 24.159, "2006-06-30": -16.955, "2006-03-31": -3.48, "2005-12-31": "20.43500", "2005-09-30": 0.019, "2005-06-30": 0.081, "2005-03-31": 20.989}, "Net Change In Long-Term Investments": {"2020-09-30": 0, "2020-06-30": 0, "2020-03-31": 0, "2019-12-31": "", "2019-09-30": 0, "2019-06-30": 0, "2019-03-31": 0, "2018-12-31": "", "2018-09-30": 0, "2018-06-30": 0, "2018-03-31": 0, "2017-12-31": "", "2017-09-30": 0, "2017-06-30": 0, "2017-03-31": 0, "2016-12-31": "", "2016-09-30": 0, "2016-06-30": 0, "2016-03-31": 0, "2015-12-31": "", "2015-09-30": 0, "2015-06-30": 0, "2015-03-31": 0, "2014-12-31": "", "2014-09-30": 0, "2014-06-30": 0, "2014-03-31": 0, "2013-12-31": "", "2013-09-30": 0, "2013-06-30": 0, "2013-03-31": 0, "2012-12-31": "", "2012-09-30": 0, "2012-06-30": 0, "2012-03-31": 0, "2011-12-31": "", "2011-09-30": 0, "2011-06-30": 0, "2011-03-31": 0, "2010-12-31": "", "2010-09-30": 0, "2010-06-30": 0, "2010-03-31": 0, "2009-12-31": "", "2009-09-30": 0, "2009-06-30": 0, "2009-03-31": 0, "2008-12-31": "-0.15900", "2008-09-30": 0, "2008-06-30": 0, "2008-03-31": 0, "2007-12-31": "-2.17200", "2007-09-30": 0, "2007-06-30": 0, "2007-03-31": 0, "2006-12-31": "", "2006-09-30": -29.608, "2006-06-30": 29.608, "2006-03-31": 0, "2005-12-31": "", "2005-09-30": 0, "2005-06-30": 0, "2005-03-31": 0}, "Net Change In Investments - Total": {"2020-09-30": 1.121, "2020-06-30": 56.501, "2020-03-31": 80.218, "2019-12-31": "-4.11100", "2019-09-30": -52.536, "2019-06-30": 8.086, "2019-03-31": 0.32, "2018-12-31": "-1.82400", "2018-09-30": 20.668, "2018-06-30": -1.247, "2018-03-31": -25.079, "2017-12-31": "127.35800", "2017-09-30": -72.988, "2017-06-30": -1.425, "2017-03-31": -21.501, "2016-12-31": "-62.69200", "2016-09-30": -65.358, "2016-06-30": 30.079, "2016-03-31": 2.866, "2015-12-31": "-2.94200", "2015-09-30": 0.454, "2015-06-30": 2.899, "2015-03-31": -14.095, "2014-12-31": "-54.08800", "2014-09-30": -10.902, "2014-06-30": 3.108, "2014-03-31": 1.821, "2013-12-31": "8.30900", "2013-09-30": -30.219, "2013-06-30": -0.629, "2013-03-31": -0.275, "2012-12-31": "0.45600", "2012-09-30": -9.222, "2012-06-30": 5.096, "2012-03-31": 0, "2011-12-31": "20.75900", "2011-09-30": 5, "2011-06-30": 0, "2011-03-31": 0, "2010-12-31": "-4.12600", "2010-09-30": -33.529, "2010-06-30": 0, "2010-03-31": 0, "2009-12-31": "-14.97000", "2009-09-30": 0, "2009-06-30": 0, "2009-03-31": 0, "2008-12-31": "-0.10300", "2008-09-30": 0, "2008-06-30": 0.002, "2008-03-31": 0.576, "2007-12-31": "-0.17300", "2007-09-30": 5.22, "2007-06-30": 0.494, "2007-03-31": 0, "2006-12-31": "", "2006-09-30": -5.449, "2006-06-30": 12.653, "2006-03-31": -3.48, "2005-12-31": "20.43500", "2005-09-30": 0.019, "2005-06-30": 0.081, "2005-03-31": 20.989}, "Investing Activities - Other": {"2020-09-30": -0.227, "2020-06-30": 0.042, "2020-03-31": 0.06, "2019-12-31": "1.27200", "2019-09-30": 3.102, "2019-06-30": -0.549, "2019-03-31": -1.106, "2018-12-31": "-1.44700", "2018-09-30": 0, "2018-06-30": 0, "2018-03-31": 0, "2017-12-31": "", "2017-09-30": 0, "2017-06-30": 0, "2017-03-31": 0, "2016-12-31": "", "2016-09-30": 0, "2016-06-30": 0, "2016-03-31": 0, "2015-12-31": "", "2015-09-30": 0, "2015-06-30": 0, "2015-03-31": 0, "2014-12-31": "", "2014-09-30": 0, "2014-06-30": 0, "2014-03-31": 0, "2013-12-31": "", "2013-09-30": 0, "2013-06-30": 0, "2013-03-31": 0, "2012-12-31": "", "2012-09-30": 0, "2012-06-30": 0, "2012-03-31": 0, "2011-12-31": "6.74700", "2011-09-30": 0, "2011-06-30": 0, "2011-03-31": 0, "2010-12-31": "17.18400", "2010-09-30": 0, "2010-06-30": -22.07, "2010-03-31": 0, "2009-12-31": "", "2009-09-30": 0, "2009-06-30": 0, "2009-03-31": 0, "2008-12-31": "", "2008-09-30": -0.041, "2008-06-30": 0.06, "2008-03-31": -0.078, "2007-12-31": "0.29700", "2007-09-30": 0.314, "2007-06-30": 0.035, "2007-03-31": 0.746, "2006-12-31": "-0.07200", "2006-09-30": 11.131, "2006-06-30": 0, "2006-03-31": 0, "2005-12-31": "", "2005-09-30": 0, "2005-06-30": 0, "2005-03-31": 0}, "Cash Flow From Investing Activities": {"2020-09-30": -15.703, "2020-06-30": 42.18, "2020-03-31": 63.295, "2019-12-31": "-17.04300", "2019-09-30": -82.249, "2019-06-30": 1.726, "2019-03-31": 392.045, "2018-12-31": "-15.49100", "2018-09-30": 9.843, "2018-06-30": -111.343, "2018-03-31": -41.982, "2017-12-31": "106.16700", "2017-09-30": -104.339, "2017-06-30": -53.901, "2017-03-31": -78.93, "2016-12-31": "-97.04000", "2016-09-30": -223.387, "2016-06-30": 20.096, "2016-03-31": -35.539, "2015-12-31": "-24.17100", "2015-09-30": -10.67, "2015-06-30": -64.645, "2015-03-31": -51.675, "2014-12-31": "-79.15700", "2014-09-30": -146.647, "2014-06-30": -14.178, "2014-03-31": -44.773, "2013-12-31": "-105.35300", "2013-09-30": -77.012, "2013-06-30": -113.23, "2013-03-31": -42.826, "2012-12-31": "-460.84000", "2012-09-30": -239.251, "2012-06-30": -548.122, "2012-03-31": -27.165, "2011-12-31": "-109.93700", "2011-09-30": -94.631, "2011-06-30": -310.194, "2011-03-31": -11.884, "2010-12-31": "-9.14500", "2010-09-30": -91.516, "2010-06-30": -34.534, "2010-03-31": -30.075, "2009-12-31": "-159.44700", "2009-09-30": 10.318, "2009-06-30": -57.57, "2009-03-31": -41.294, "2008-12-31": "-96.06400", "2008-09-30": -72.028, "2008-06-30": -341.585, "2008-03-31": -10.181, "2007-12-31": "-22.28500", "2007-09-30": -470.223, "2007-06-30": -40.625, "2007-03-31": -58.514, "2006-12-31": "-8.35300", "2006-09-30": -0.344, "2006-06-30": -4.247, "2006-03-31": -368.83, "2005-12-31": "3.24900", "2005-09-30": -18.63, "2005-06-30": -11.573, "2005-03-31": -14.379}, "Net Long-Term Debt": {"2020-09-30": -233.222, "2020-06-30": 0, "2020-03-31": -200.142, "2019-12-31": "-313.50000", "2019-09-30": -2.131, "2019-06-30": 0, "2019-03-31": -300, "2018-12-31": "", "2018-09-30": -151.232, "2018-06-30": 0, "2018-03-31": 0, "2017-12-31": "-331.17200", "2017-09-30": -0.599, "2017-06-30": -0.878, "2017-03-31": -290.009, "2016-12-31": "494.91300", "2016-09-30": -0.502, "2016-06-30": 296.103, "2016-03-31": 0.003, "2015-12-31": "151.91000", "2015-09-30": -4.816, "2015-06-30": -3.596, "2015-03-31": -1.209, "2014-12-31": "-1.20900", "2014-09-30": -251.857, "2014-06-30": -3.555, "2014-03-31": -1.209, "2013-12-31": "-1.30700", "2013-09-30": -6.562, "2013-06-30": -1.874, "2013-03-31": -1.507, "2012-12-31": "207.77600", "2012-09-30": 686.902, "2012-06-30": -4.427, "2012-03-31": -4.866, "2011-12-31": "672.18600", "2011-09-30": -7.073, "2011-06-30": -4.293, "2011-03-31": -4.707, "2010-12-31": "-4.65800", "2010-09-30": -4.635, "2010-06-30": -4.813, "2010-03-31": -7.142, "2009-12-31": "-1.74000", "2009-09-30": -10.918, "2009-06-30": -1.74, "2009-03-31": -1.755, "2008-12-31": "-1.76600", "2008-09-30": -13.15, "2008-06-30": -1.757, "2008-03-31": -1.913, "2007-12-31": "-2.33000", "2007-09-30": -13.265, "2007-06-30": -1.49, "2007-03-31": -2.516, "2006-12-31": "-0.91600", "2006-09-30": -12.642, "2006-06-30": 4.638, "2006-03-31": 10.406, "2005-12-31": "-16.20900", "2005-09-30": -0.081, "2005-06-30": -0.079, "2005-03-31": -0.303}, "Net Current Debt": {"2020-09-30": 230, "2020-06-30": -230, "2020-03-31": 230, "2019-12-31": "", "2019-09-30": 0, "2019-06-30": 0, "2019-03-31": 0, "2018-12-31": "", "2018-09-30": 0, "2018-06-30": 0, "2018-03-31": 0, "2017-12-31": "", "2017-09-30": 0, "2017-06-30": 0, "2017-03-31": 0, "2016-12-31": "", "2016-09-30": 0, "2016-06-30": 0, "2016-03-31": 0, "2015-12-31": "", "2015-09-30": 0, "2015-06-30": 0, "2015-03-31": 0, "2014-12-31": "", "2014-09-30": 0, "2014-06-30": 0, "2014-03-31": 0, "2013-12-31": "", "2013-09-30": 0, "2013-06-30": 0, "2013-03-31": 0, "2012-12-31": "", "2012-09-30": 0, "2012-06-30": 0, "2012-03-31": 0, "2011-12-31": "", "2011-09-30": 0, "2011-06-30": 0, "2011-03-31": 0, "2010-12-31": "", "2010-09-30": 0, "2010-06-30": 0, "2010-03-31": 0, "2009-12-31": "", "2009-09-30": 0, "2009-06-30": 0, "2009-03-31": 0, "2008-12-31": "", "2008-09-30": 0, "2008-06-30": 0, "2008-03-31": 0, "2007-12-31": "", "2007-09-30": 463.789, "2007-06-30": 87.658, "2007-03-31": 0, "2006-12-31": "", "2006-09-30": 0, "2006-06-30": 0, "2006-03-31": 346.032, "2005-12-31": "", "2005-09-30": 0, "2005-06-30": 0, "2005-03-31": 0}, "Debt Issuance/Retirement Net - Total": {"2020-09-30": -3.222, "2020-06-30": -230, "2020-03-31": 29.858, "2019-12-31": "-313.50000", "2019-09-30": -2.131, "2019-06-30": 0, "2019-03-31": -300, "2018-12-31": "", "2018-09-30": -151.232, "2018-06-30": 0, "2018-03-31": 0, "2017-12-31": "-331.17200", "2017-09-30": -0.599, "2017-06-30": -0.878, "2017-03-31": -290.009, "2016-12-31": "494.91300", "2016-09-30": -0.502, "2016-06-30": 296.103, "2016-03-31": 0.003, "2015-12-31": "151.91000", "2015-09-30": -4.816, "2015-06-30": -3.596, "2015-03-31": -1.209, "2014-12-31": "-1.20900", "2014-09-30": -251.857, "2014-06-30": -3.555, "2014-03-31": -1.209, "2013-12-31": "-1.30700", "2013-09-30": -6.562, "2013-06-30": -1.874, "2013-03-31": -1.507, "2012-12-31": "207.77600", "2012-09-30": 686.902, "2012-06-30": -4.427, "2012-03-31": -4.866, "2011-12-31": "672.18600", "2011-09-30": -7.073, "2011-06-30": -4.293, "2011-03-31": -4.707, "2010-12-31": "-4.65800", "2010-09-30": -4.635, "2010-06-30": -4.813, "2010-03-31": -7.142, "2009-12-31": "-1.74000", "2009-09-30": -10.918, "2009-06-30": -1.74, "2009-03-31": -1.755, "2008-12-31": "-1.76600", "2008-09-30": -13.15, "2008-06-30": -1.757, "2008-03-31": -1.913, "2007-12-31": "-2.33000", "2007-09-30": 450.524, "2007-06-30": 86.168, "2007-03-31": -2.516, "2006-12-31": "-0.91600", "2006-09-30": -12.642, "2006-06-30": 4.638, "2006-03-31": 356.438, "2005-12-31": "-16.20900", "2005-09-30": -0.081, "2005-06-30": -0.079, "2005-03-31": -0.303}, "Net Common Equity Issued/Repurchased": {"2020-09-30": 7.637, "2020-06-30": 0, "2020-03-31": -69.57, "2019-12-31": "-92.44400", "2019-09-30": 1.951, "2019-06-30": -29.614, "2019-03-31": -7.522, "2018-12-31": "-75.15600", "2018-09-30": -15.086, "2018-06-30": -111.98, "2018-03-31": 9.354, "2017-12-31": "0.00600", "2017-09-30": 8.701, "2017-06-30": 0.084, "2017-03-31": -90.524, "2016-12-31": "0.04500", "2016-09-30": 8.389, "2016-06-30": -125.113, "2016-03-31": -376.354, "2015-12-31": "-189.54400", "2015-09-30": -46.635, "2015-06-30": -125.179, "2015-03-31": -58.212, "2014-12-31": "-42.47700", "2014-09-30": 9.127, "2014-06-30": 1.555, "2014-03-31": 2.299, "2013-12-31": "-16.81200", "2013-09-30": -69.867, "2013-06-30": -97.39, "2013-03-31": 11.179, "2012-12-31": "1.90600", "2012-09-30": -1.938, "2012-06-30": -37.693, "2012-03-31": 10.197, "2011-12-31": "-192.76300", "2011-09-30": 14.955, "2011-06-30": 7.101, "2011-03-31": 28.664, "2010-12-31": "-14.05300", "2010-09-30": 6.678, "2010-06-30": 26.143, "2010-03-31": 11.474, "2009-12-31": "-2.43500", "2009-09-30": 35.632, "2009-06-30": 2.74, "2009-03-31": 179.017, "2008-12-31": "-1.98100", "2008-09-30": 23.76, "2008-06-30": 206.076, "2008-03-31": 3.018, "2007-12-31": "125.23700", "2007-09-30": 9.297, "2007-06-30": 4.705, "2007-03-31": 6.255, "2006-12-31": "4.20500", "2006-09-30": 2.207, "2006-06-30": 2.639, "2006-03-31": 14.224, "2005-12-31": "10.14400", "2005-09-30": 62.885, "2005-06-30": 15.634, "2005-03-31": 1.221}, "Net Total Equity Issued/Repurchased": {"2020-09-30": 7.637, "2020-06-30": 0, "2020-03-31": -69.57, "2019-12-31": "-92.44400", "2019-09-30": 1.951, "2019-06-30": -29.614, "2019-03-31": -7.522, "2018-12-31": "-75.15600", "2018-09-30": -15.086, "2018-06-30": -111.98, "2018-03-31": 9.354, "2017-12-31": "0.00600", "2017-09-30": 8.701, "2017-06-30": 0.084, "2017-03-31": -90.524, "2016-12-31": "0.04500", "2016-09-30": 8.389, "2016-06-30": -125.113, "2016-03-31": -376.354, "2015-12-31": "-189.54400", "2015-09-30": -46.635, "2015-06-30": -125.179, "2015-03-31": -58.212, "2014-12-31": "-42.47700", "2014-09-30": 9.127, "2014-06-30": 1.555, "2014-03-31": 2.299, "2013-12-31": "-16.81200", "2013-09-30": -69.867, "2013-06-30": -97.39, "2013-03-31": 11.179, "2012-12-31": "1.90600", "2012-09-30": -1.938, "2012-06-30": -37.693, "2012-03-31": 10.197, "2011-12-31": "-192.76300", "2011-09-30": 14.955, "2011-06-30": 7.101, "2011-03-31": 28.664, "2010-12-31": "-14.05300", "2010-09-30": 6.678, "2010-06-30": 26.143, "2010-03-31": 11.474, "2009-12-31": "-2.43500", "2009-09-30": 35.632, "2009-06-30": 2.74, "2009-03-31": 179.017, "2008-12-31": "-1.98100", "2008-09-30": 23.76, "2008-06-30": 206.076, "2008-03-31": 3.018, "2007-12-31": "125.23700", "2007-09-30": 9.297, "2007-06-30": 4.705, "2007-03-31": 6.255, "2006-12-31": "4.20500", "2006-09-30": 2.207, "2006-06-30": 2.639, "2006-03-31": 14.224, "2005-12-31": "10.14400", "2005-09-30": 62.885, "2005-06-30": 15.634, "2005-03-31": 1.221}, "Total Common And Preferred Stock Dividends Paid": {"2020-09-30": 0, "2020-06-30": 0, "2020-03-31": 0, "2019-12-31": "", "2019-09-30": 0, "2019-06-30": 0, "2019-03-31": 0, "2018-12-31": "", "2018-09-30": 0, "2018-06-30": 0, "2018-03-31": 0, "2017-12-31": "", "2017-09-30": 0, "2017-06-30": 0, "2017-03-31": 0, "2016-12-31": "", "2016-09-30": 0, "2016-06-30": 0, "2016-03-31": 0, "2015-12-31": "", "2015-09-30": 0, "2015-06-30": 0, "2015-03-31": 0, "2014-12-31": "", "2014-09-30": 0, "2014-06-30": 0, "2014-03-31": 0, "2013-12-31": "", "2013-09-30": 0, "2013-06-30": 0, "2013-03-31": 0, "2012-12-31": "", "2012-09-30": 0, "2012-06-30": 0, "2012-03-31": 0, "2011-12-31": "", "2011-09-30": 0, "2011-06-30": 0, "2011-03-31": 0, "2010-12-31": "", "2010-09-30": 0, "2010-06-30": 0, "2010-03-31": 0, "2009-12-31": "", "2009-09-30": 0, "2009-06-30": 0, "2009-03-31": 0, "2008-12-31": "", "2008-09-30": 0, "2008-06-30": 0, "2008-03-31": 0, "2007-12-31": "", "2007-09-30": 0, "2007-06-30": 0, "2007-03-31": 0, "2006-12-31": "", "2006-09-30": 0, "2006-06-30": 0, "2006-03-31": 0, "2005-12-31": "", "2005-09-30": 0, "2005-06-30": 0, "2005-03-31": 0}, "Financial Activities - Other": {"2020-09-30": -11.248, "2020-06-30": -3.486, "2020-03-31": -8.639, "2019-12-31": "108.40700", "2019-09-30": 4.439, "2019-06-30": -4.603, "2019-03-31": -7.054, "2018-12-31": "-32.34700", "2018-09-30": -6.544, "2018-06-30": -12.114, "2018-03-31": -6.018, "2017-12-31": "-55.56200", "2017-09-30": -1.735, "2017-06-30": -9.388, "2017-03-31": -3.199, "2016-12-31": "-40.36000", "2016-09-30": -1.64, "2016-06-30": -10.31, "2016-03-31": -5.886, "2015-12-31": "-52.17100", "2015-09-30": -4.287, "2015-06-30": -4.794, "2015-03-31": -47.784, "2014-12-31": "-1.03500", "2014-09-30": -4.803, "2014-06-30": -2.752, "2014-03-31": -9.41, "2013-12-31": "-28.44200", "2013-09-30": -5.299, "2013-06-30": -4.38, "2013-03-31": -14.565, "2012-12-31": "-40.07400", "2012-09-30": 0.5, "2012-06-30": 25.056, "2012-03-31": 12.534, "2011-12-31": "-32.65300", "2011-09-30": 2.419, "2011-06-30": 10.641, "2011-03-31": -25.724, "2010-12-31": "2.69000", "2010-09-30": -2.001, "2010-06-30": -15.433, "2010-03-31": 6.04, "2009-12-31": "-2.25600", "2009-09-30": -2.898, "2009-06-30": -2.14, "2009-03-31": -2.406, "2008-12-31": "-2.36900", "2008-09-30": -7.665, "2008-06-30": 0.607, "2008-03-31": -1.813, "2007-12-31": "-2.93100", "2007-09-30": 10.845, "2007-06-30": -2.711, "2007-03-31": -21.123, "2006-12-31": "-3.24700", "2006-09-30": 10.346, "2006-06-30": -8.62, "2006-03-31": -14.433, "2005-12-31": "", "2005-09-30": -2.8, "2005-06-30": 0, "2005-03-31": 0}, "Cash Flow From Financial Activities": {"2020-09-30": -6.833, "2020-06-30": -233.486, "2020-03-31": -48.351, "2019-12-31": "-297.53700", "2019-09-30": 4.259, "2019-06-30": -34.217, "2019-03-31": -314.576, "2018-12-31": "-107.50300", "2018-09-30": -172.862, "2018-06-30": -124.094, "2018-03-31": 3.336, "2017-12-31": "-386.72800", "2017-09-30": 6.367, "2017-06-30": -10.182, "2017-03-31": -383.732, "2016-12-31": "454.59800", "2016-09-30": 6.247, "2016-06-30": 160.68, "2016-03-31": -382.237, "2015-12-31": "-89.80500", "2015-09-30": -55.738, "2015-06-30": -133.569, "2015-03-31": -107.205, "2014-12-31": "-44.72100", "2014-09-30": -247.533, "2014-06-30": -4.752, "2014-03-31": -8.32, "2013-12-31": "-46.56100", "2013-09-30": -81.728, "2013-06-30": -103.644, "2013-03-31": -4.893, "2012-12-31": "169.60800", "2012-09-30": 685.464, "2012-06-30": -17.064, "2012-03-31": 17.865, "2011-12-31": "446.77000", "2011-09-30": 10.301, "2011-06-30": 13.449, "2011-03-31": -1.767, "2010-12-31": "-16.02100", "2010-09-30": 0.042, "2010-06-30": 5.897, "2010-03-31": 10.372, "2009-12-31": "-6.43100", "2009-09-30": 21.816, "2009-06-30": -1.14, "2009-03-31": 174.856, "2008-12-31": "-6.11600", "2008-09-30": 2.945, "2008-06-30": 204.926, "2008-03-31": -0.708, "2007-12-31": "119.97600", "2007-09-30": 470.666, "2007-06-30": 88.162, "2007-03-31": -17.384, "2006-12-31": "0.04200", "2006-09-30": -0.089, "2006-06-30": -1.343, "2006-03-31": 356.229, "2005-12-31": "-6.06500", "2005-09-30": 60.004, "2005-06-30": 15.555, "2005-03-31": 0.918}, "Net Cash Flow": {"2020-09-30": 60.678, "2020-06-30": -157.352, "2020-03-31": 96.449, "2019-12-31": "-259.50300", "2019-09-30": 24.584, "2019-06-30": 61.601, "2019-03-31": 181.525, "2018-12-31": "-22.71200", "2018-09-30": -15.296, "2018-06-30": -137.383, "2018-03-31": 70.181, "2017-12-31": "-193.83800", "2017-09-30": -101.295, "2017-06-30": 67.954, "2017-03-31": -335.967, "2016-12-31": "479.98700", "2016-09-30": -77.435, "2016-06-30": 308.365, "2016-03-31": -255.963, "2015-12-31": "27.20400", "2015-09-30": 82.333, "2015-06-30": -77.534, "2015-03-31": -43.192, "2014-12-31": "-29.38800", "2014-09-30": -299.706, "2014-06-30": 78.634, "2014-03-31": 33.646, "2013-12-31": "-73.46200", "2013-09-30": -64.933, "2013-06-30": -132.251, "2013-03-31": 44.214, "2012-12-31": "-168.67300", "2012-09-30": 590.206, "2012-06-30": -427.185, "2012-03-31": 93.154, "2011-12-31": "426.36200", "2011-09-30": 0.243, "2011-06-30": -194.731, "2011-03-31": 87.323, "2010-12-31": "37.75900", "2010-09-30": 24.556, "2010-06-30": 30.27, "2010-03-31": 34.902, "2009-12-31": "-100.13600", "2009-09-30": 108.451, "2009-06-30": -2.395, "2009-03-31": 181.623, "2008-12-31": "-22.18100", "2008-09-30": -4.213, "2008-06-30": -88.429, "2008-03-31": 30.474, "2007-12-31": "139.37300", "2007-09-30": 16.304, "2007-06-30": 78.827, "2007-03-31": -40.519, "2006-12-31": "17.38900", "2006-09-30": 29.714, "2006-06-30": 12.44, "2006-03-31": 2.677, "2005-12-31": "-4.18400", "2005-09-30": 49.099, "2005-06-30": -3.294, "2005-03-31": 2.919}, "Stock-Based Compensation": {"2020-09-30": 35.264, "2020-06-30": 33.135, "2020-03-31": 33.662, "2019-12-31": "31.23300", "2019-09-30": 34.779, "2019-06-30": 30.181, "2019-03-31": 24.798, "2018-12-31": "29.49700", "2018-09-30": 25.577, "2018-06-30": 33.499, "2018-03-31": 31.742, "2017-12-31": "36.22500", "2017-09-30": 21.092, "2017-06-30": 42.331, "2017-03-31": 40.348, "2016-12-31": "39.13000", "2016-09-30": 40.871, "2016-06-30": 42.446, "2016-03-31": 38.163, "2015-12-31": "42.34800", "2015-09-30": 56.804, "2015-06-30": 41.701, "2015-03-31": 30.917, "2014-12-31": "47.35400", "2014-09-30": 45.423, "2014-06-30": 55.382, "2014-03-31": 44.92, "2013-12-31": "47.23900", "2013-09-30": 45.217, "2013-06-30": 39.195, "2013-03-31": 29.642, "2012-12-31": "45.27100", "2012-09-30": 58.165, "2012-06-30": 45.608, "2012-03-31": 38.021, "2011-12-31": "32.78700", "2011-09-30": 37.791, "2011-06-30": 33.788, "2011-03-31": 43.619, "2010-12-31": "32.09800", "2010-09-30": 27.271, "2010-06-30": 28.094, "2010-03-31": 24.708, "2009-12-31": "20.06600", "2009-09-30": 18.823, "2009-06-30": 17.582, "2009-03-31": 18.015, "2008-12-31": "16.98700", "2008-09-30": 15.184, "2008-06-30": 15.028, "2008-03-31": 23.244, "2007-12-31": "15.17500", "2007-09-30": 15.056, "2007-06-30": 12.125, "2007-03-31": 12.364, "2006-12-31": "8.59000", "2006-09-30": 7.343, "2006-06-30": 5.551, "2006-03-31": 5.232, "2005-12-31": "4.41300", "2005-09-30": 1.062, "2005-06-30": 0.58, "2005-03-31": 1.354}, "Common Stock Dividends Paid": {"2020-09-30": 0, "2020-06-30": 0, "2020-03-31": 0, "2019-12-31": "", "2019-09-30": 0, "2019-06-30": 0, "2019-03-31": 0, "2018-12-31": "", "2018-09-30": 0, "2018-06-30": 0, "2018-03-31": 0, "2017-12-31": "", "2017-09-30": 0, "2017-06-30": 0, "2017-03-31": 0, "2016-12-31": "", "2016-09-30": 0, "2016-06-30": 0, "2016-03-31": 0, "2015-12-31": "", "2015-09-30": 0, "2015-06-30": 0, "2015-03-31": 0, "2014-12-31": "", "2014-09-30": 0, "2014-06-30": 0, "2014-03-31": 0, "2013-12-31": "", "2013-09-30": 0, "2013-06-30": 0, "2013-03-31": 0, "2012-12-31": "", "2012-09-30": 0, "2012-06-30": 0, "2012-03-31": 0, "2011-12-31": "", "2011-09-30": 0, "2011-06-30": 0, "2011-03-31": 0, "2010-12-31": "", "2010-09-30": 0, "2010-06-30": 0, "2010-03-31": 0, "2009-12-31": "", "2009-09-30": 0, "2009-06-30": 0, "2009-03-31": 0, "2008-12-31": "", "2008-09-30": 0, "2008-06-30": 0, "2008-03-31": 0, "2007-12-31": "", "2007-09-30": 0, "2007-06-30": 0, "2007-03-31": 0, "2006-12-31": "", "2006-09-30": 0, "2006-06-30": 0, "2006-03-31": 0, "2005-12-31": "", "2005-09-30": 0, "2005-06-30": 0, "2005-03-31": 0}}, "financial ratios": {"Current Ratio": {"2020-09-30": "0.74630", "2019-09-30": "0.68030", "2018-09-30": "1.21520", "2017-09-30": "1.19470", "2016-09-30": "1.50320", "2015-09-30": "1.57510", "2014-09-30": "1.81380", "2013-09-30": "1.75050", "2012-09-30": "1.76340", "2011-09-30": "1.79960", "2010-09-30": "2.20050", "2009-09-30": "1.89830", "2008-09-30": "1.34970", "2007-09-30": "1.64220", "2006-09-30": "1.24180", "2005-09-30": "1.07450"}, "Long-term Debt / Capital": {"2020-09-30": "0.49120", "2019-09-30": "0.26750", "2018-09-30": "0.55990", "2017-09-30": "0.53710", "2016-09-30": "0.55750", "2015-09-30": "0.48140", "2014-09-30": "0.45170", "2013-09-30": "0.44420", "2012-09-30": "0.39140", "2011-09-30": "0.25490", "2010-09-30": "0.27030", "2009-09-30": "0.29350", "2008-09-30": "0.38560", "2007-09-30": "0.50610", "2006-09-30": "0.37770", "2005-09-30": "0.00010"}, "Debt/Equity Ratio": {"2020-09-30": "1.34330", "2019-09-30": "0.89110", "2018-09-30": "1.27240", "2017-09-30": "1.35520", "2016-09-30": "1.25980", "2015-09-30": "0.93050", "2014-09-30": "0.82580", "2013-09-30": "0.89240", "2012-09-30": "0.78230", "2011-09-30": "0.34490", "2010-09-30": "0.37380", "2009-09-30": "0.41890", "2008-09-30": "0.63250", "2007-09-30": "1.03310", "2006-09-30": "0.61380", "2005-09-30": "0.05390"}, "Gross Margin": {"2020-09-30": "56.79630", "2019-09-30": "55.07150", "2018-09-30": "52.57710", "2017-09-30": "53.48630", "2016-09-30": "57.43760", "2015-09-30": "57.09560", "2014-09-30": "56.19820", "2013-09-30": "58.68280", "2012-09-30": "63.37110", "2011-09-30": "62.09840", "2010-09-30": "63.41470", "2009-09-30": "62.16660", "2008-09-30": "63.65490", "2007-09-30": "67.11920", "2006-09-30": "68.84430", "2005-09-30": "70.22090"}, "Operating Margin": {"2020-09-30": "7.61300", "2019-09-30": "7.04460", "2018-09-30": "-11.75710", "2017-09-30": "0.95520", "2016-09-30": "7.10770", "2015-09-30": "2.84330", "2014-09-30": "-1.11070", "2013-09-30": "2.61320", "2012-09-30": "7.64060", "2011-09-30": "3.98490", "2010-09-30": "2.94180", "2009-09-30": "6.05830", "2008-09-30": "3.75540", "2007-09-30": "6.47460", "2006-09-30": "2.15440", "2005-09-30": "0.87440"}, "EBIT Margin": {"2020-09-30": "7.61300", "2019-09-30": "7.04460", "2018-09-30": "-11.75710", "2017-09-30": "0.95520", "2016-09-30": "7.10770", "2015-09-30": "2.84330", "2014-09-30": "-1.11070", "2013-09-30": "2.61320", "2012-09-30": "7.64060", "2011-09-30": "3.98490", "2010-09-30": "2.94180", "2009-09-30": "6.05830", "2008-09-30": "3.75540", "2007-09-30": "6.47460", "2006-09-30": "2.15440", "2005-09-30": "0.87440"}, "EBITDA Margin": {"2020-09-30": "15.48900", "2019-09-30": "15.52690", "2018-09-30": "9.15020", "2017-09-30": "12.75950", "2016-09-30": "18.98490", "2015-09-30": "14.78680", "2014-09-30": "10.41950", "2013-09-30": "13.86000", "2012-09-30": "18.97470", "2011-09-30": "16.94680", "2010-09-30": "16.98680", "2009-09-30": "20.16450", "2008-09-30": "15.15480", "2007-09-30": "14.75260", "2006-09-30": "12.05090", "2005-09-30": "8.68590"}, "Pre-Tax Profit Margin": {"2020-09-30": "0.67820", "2019-09-30": "-0.00610", "2018-09-30": "-20.03040", "2017-09-30": "-8.94990", "2016-09-30": "0.08920", "2015-09-30": "-4.16710", "2014-09-30": "-8.05950", "2013-09-30": "-5.21110", "2012-09-30": "3.95410", "2011-09-30": "2.27620", "2010-09-30": "-0.09520", "2009-09-30": "2.21010", "2008-09-30": "-2.58000", "2007-09-30": "1.40980", "2006-09-30": "-1.82000", "2005-09-30": "0.60030"}, "Net Profit Margin": {"2020-09-30": "1.44680", "2019-09-30": "14.05470", "2018-09-30": "-10.20210", "2017-09-30": "-8.73730", "2016-09-30": "-0.63920", "2015-09-30": "-5.95560", "2014-09-30": "-7.81630", "2013-09-30": "-6.21140", "2012-09-30": "12.39800", "2011-09-30": "2.89960", "2010-09-30": "-1.70690", "2009-09-30": "-2.04000", "2008-09-30": "-4.25580", "2007-09-30": "-2.32810", "2006-09-30": "-5.89100", "2005-09-30": "-2.33100"}, "Asset Turnover": {"2020-09-30": "0.41160", "2019-09-30": "0.28350", "2018-09-30": "0.29560", "2017-09-30": "0.29130", "2016-09-30": "0.34420", "2015-09-30": "0.35040", "2014-09-30": "0.33050", "2013-09-30": "0.31140", "2012-09-30": "0.28480", "2011-09-30": "0.32200", "2010-09-30": "0.29680", "2009-09-30": "0.27160", "2008-09-30": "0.30510", "2007-09-30": "0.27710", "2006-09-30": "0.31460", "2005-09-30": "0.30690"}, "Inventory Turnover Ratio": {"2020-09-30": "", "2019-09-30": "", "2018-09-30": "", "2017-09-30": "", "2016-09-30": "", "2015-09-30": "", "2014-09-30": "", "2013-09-30": "", "2012-09-30": "", "2011-09-30": "", "2010-09-30": "", "2009-09-30": "", "2008-09-30": "44.13350", "2007-09-30": "24.70250", "2006-09-30": "17.81350", "2005-09-30": "221.09590"}, "Receiveable Turnover": {"2020-09-30": "7.37330", "2019-09-30": "6.32090", "2018-09-30": "4.50620", "2017-09-30": "4.37080", "2016-09-30": "5.12860", "2015-09-30": "5.17510", "2014-09-30": "4.49130", "2013-09-30": "4.84730", "2012-09-30": "4.32990", "2011-09-30": "4.69540", "2010-09-30": "4.97310", "2009-09-30": "4.55330", "2008-09-30": "3.98380", "2007-09-30": "2.87070", "2006-09-30": "2.97650", "2005-09-30": "3.34180"}, "Days Sales In Receivables": {"2020-09-30": "49.50320", "2019-09-30": "57.74490", "2018-09-30": "80.99880", "2017-09-30": "83.50900", "2016-09-30": "71.16900", "2015-09-30": "70.53060", "2014-09-30": "81.26910", "2013-09-30": "75.29890", "2012-09-30": "84.29700", "2011-09-30": "77.73510", "2010-09-30": "73.39450", "2009-09-30": "80.16230", "2008-09-30": "91.62130", "2007-09-30": "127.14880", "2006-09-30": "122.62740", "2005-09-30": "109.22290"}, "ROE - Return On Equity": {"2020-09-30": "2.51610", "2019-09-30": "-0.56130", "2018-09-30": "-13.78970", "2017-09-30": "-9.23390", "2016-09-30": "-0.64500", "2015-09-30": "-5.07710", "2014-09-30": "-5.82280", "2013-09-30": "-4.36840", "2012-09-30": "7.60510", "2011-09-30": "1.53640", "2010-09-30": "-0.83310", "2009-09-30": "-0.95110", "2008-09-30": "-2.60230", "2007-09-30": "-1.60420", "2006-09-30": "-3.88400", "2005-09-30": "-1.06210"}, "Return On Tangible Equity": {"2020-09-30": "-2.39200", "2019-09-30": "4.95620", "2018-09-30": "11.96380", "2017-09-30": "7.67490", "2016-09-30": "0.53240", "2015-09-30": "6.02350", "2014-09-30": "8.61870", "2013-09-30": "7.16450", "2012-09-30": "-18.27010", "2011-09-30": "-6.52430", "2010-09-30": "4.09310", "2009-09-30": "3.49440", "2008-09-30": "4.53000", "2007-09-30": "1.83790", "2006-09-30": "6.48090", "2005-09-30": "15.04810"}, "ROA - Return On Assets": {"2020-09-30": "0.80100", "2019-09-30": "-0.22730", "2018-09-30": "-4.46660", "2017-09-30": "-3.00650", "2016-09-30": "-0.22000", "2015-09-30": "-2.08660", "2014-09-30": "-2.58310", "2013-09-30": "-1.93400", "2012-09-30": "3.57190", "2011-09-30": "0.93370", "2010-09-30": "-0.50660", "2009-09-30": "-0.55400", "2008-09-30": "-1.29860", "2007-09-30": "-0.64500", "2006-09-30": "-1.79870", "2005-09-30": "-0.71540"}, "ROI - Return On Investment": {"2020-09-30": "1.28010", "2019-09-30": "-0.41120", "2018-09-30": "-6.06830", "2017-09-30": "-4.27400", "2016-09-30": "-0.28540", "2015-09-30": "-2.63280", "2014-09-30": "-3.19240", "2013-09-30": "-2.42810", "2012-09-30": "4.62100", "2011-09-30": "1.14270", "2010-09-30": "-0.60670", "2009-09-30": "-0.67040", "2008-09-30": "-1.59370", "2007-09-30": "-0.78820", "2006-09-30": "-2.39750", "2005-09-30": "-1.05250"}, "Book Value Per Share": {"2020-09-30": "4.04290", "2019-09-30": "7.60030", "2018-09-30": "5.96860", "2017-09-30": "6.65560", "2016-09-30": "6.71460", "2015-09-30": "7.31240", "2014-09-30": "8.04680", "2013-09-30": "8.35840", "2012-09-30": "8.74250", "2011-09-30": "8.07690", "2010-09-30": "7.71000", "2009-09-30": "7.37720", "2008-09-30": "6.21230", "2007-09-30": "4.54640", "2006-09-30": "3.38870", "2005-09-30": "3.28680"}, "Operating Cash Flow Per Share": {"2020-09-30": -0.5298, "2019-09-30": -0.124, "2018-09-30": 0.2162, "2017-09-30": -0.6274, "2016-09-30": 0.3988, "2015-09-30": 0.408, "2014-09-30": -0.1297, "2013-09-30": -0.2146, "2012-09-30": 0.3431, "2011-09-30": 0.1003, "2010-09-30": 0.011, "2009-09-30": 0.0847, "2008-09-30": 0.332, "2007-09-30": 0.225, "2006-09-30": 0.2303, "2005-09-30": 0.1479}, "Free Cash Flow Per Share": {"2020-09-30": -0.5854, "2019-09-30": -0.1106, "2018-09-30": 0.2622, "2017-09-30": -0.6532, "2016-09-30": 0.394, "2015-09-30": 0.4151, "2014-09-30": -0.1426, "2013-09-30": -0.1958, "2012-09-30": 0.2575, "2011-09-30": 0.0802, "2010-09-30": -0.0025, "2009-09-30": 0.0923, "2008-09-30": 0.3192, "2007-09-30": 0.2048, "2006-09-30": 0.2188, "2005-09-30": 0.1079}}, "financial ratios, quarterly": {"Current Ratio": {"2020-09-30": "0.74630", "2020-06-30": "1.28330", "2020-03-31": "1.16280", "2019-12-31": "1.70370", "2019-09-30": "0.68030", "2019-06-30": "1.76760", "2019-03-31": "1.78520", "2018-12-31": "1.94890", "2018-09-30": "1.21520", "2018-06-30": "1.34950", "2018-03-31": "1.53910", "2017-12-31": "1.45800", "2017-09-30": "1.19470", "2017-06-30": "1.19670", "2017-03-31": "1.17150", "2016-12-31": "0.92650", "2016-09-30": "1.50320", "2016-06-30": "1.56340", "2016-03-31": "0.99410", "2015-12-31": "1.71570", "2015-09-30": "1.57510", "2015-06-30": "1.60820", "2015-03-31": "1.81480", "2014-12-31": "1.91750", "2014-09-30": "1.81380", "2014-06-30": "1.68080", "2014-03-31": "1.66490", "2013-12-31": "1.62790", "2013-09-30": "1.75050", "2013-06-30": "2.41960", "2013-03-31": "2.75960", "2012-12-31": "2.65360", "2012-09-30": "1.76340", "2012-06-30": "1.42360", "2012-03-31": "1.57040", "2011-12-31": "1.89760", "2011-09-30": "1.79960", "2011-06-30": "1.76160", "2011-03-31": "2.41480", "2010-12-31": "2.22460", "2010-09-30": "2.20050", "2010-06-30": "2.17860", "2010-03-31": "1.89970", "2009-12-31": "1.71280", "2009-09-30": "1.89830", "2009-06-30": "1.77910", "2009-03-31": "1.73710", "2008-12-31": "1.14240", "2008-09-30": "1.34970", "2008-06-30": "1.60090", "2008-03-31": "1.86980", "2007-12-31": "1.84030", "2007-09-30": "1.64220", "2007-06-30": "1.50010", "2007-03-31": "1.15020", "2006-12-31": "1.30030", "2006-09-30": "1.24180", "2006-06-30": "1.18340", "2006-03-31": "1.15470", "2005-12-31": "1.17710", "2005-09-30": "1.07450", "2005-06-30": "0.84290", "2005-03-31": "0.73400"}, "Long-term Debt / Capital": {"2020-09-30": "0.49120", "2020-06-30": "0.57000", "2020-03-31": "0.57550", "2019-12-31": "0.57090", "2019-09-30": "0.26750", "2019-06-30": "0.48500", "2019-03-31": "0.48310", "2018-12-31": "0.53090", "2018-09-30": "0.55990", "2018-06-30": "0.56930", "2018-03-31": "0.54970", "2017-12-31": "0.53170", "2017-09-30": "0.53710", "2017-06-30": "0.53280", "2017-03-31": "0.53220", "2016-12-31": "0.50460", "2016-09-30": "0.55750", "2016-06-30": "0.57660", "2016-03-31": "0.54290", "2015-12-31": "0.48310", "2015-09-30": "0.48140", "2015-06-30": "0.47600", "2015-03-31": "0.47090", "2014-12-31": "0.45480", "2014-09-30": "0.45170", "2014-06-30": "0.45000", "2014-03-31": "0.44900", "2013-12-31": "0.44750", "2013-09-30": "0.44420", "2013-06-30": "0.46880", "2013-03-31": "0.45770", "2012-12-31": "0.45580", "2012-09-30": "0.39140", "2012-06-30": "0.32590", "2012-03-31": "0.29540", "2011-12-31": "0.32810", "2011-09-30": "0.25490", "2011-06-30": "0.25710", "2011-03-31": "0.26400", "2010-12-31": "0.26880", "2010-09-30": "0.27030", "2010-06-30": "0.27920", "2010-03-31": "0.28680", "2009-12-31": "0.28590", "2009-09-30": "0.29350", "2009-06-30": "0.32170", "2009-03-31": "0.34120", "2008-12-31": "0.36220", "2008-09-30": "0.38560", "2008-06-30": "0.39340", "2008-03-31": "0.44310", "2007-12-31": "0.44630", "2007-09-30": "0.50610", "2007-06-30": "0.36800", "2007-03-31": "0.36170", "2006-12-31": "0.36850", "2006-09-30": "0.37770", "2006-06-30": "0.38030", "2006-03-31": "0.38170", "2005-12-31": "0.00000", "2005-09-30": "0.00010", "2005-06-30": "0.00010", "2005-03-31": "0.00010"}, "Debt/Equity Ratio": {"2020-09-30": "1.34330", "2020-06-30": "1.32560", "2020-03-31": "1.56210", "2019-12-31": "1.33060", "2019-09-30": "0.89110", "2019-06-30": "0.94160", "2019-03-31": "0.93470", "2018-12-31": "1.13160", "2018-09-30": "1.27240", "2018-06-30": "1.32170", "2018-03-31": "1.22060", "2017-12-31": "1.13550", "2017-09-30": "1.35520", "2017-06-30": "1.33060", "2017-03-31": "1.32560", "2016-12-31": "1.52600", "2016-09-30": "1.25980", "2016-06-30": "1.36160", "2016-03-31": "1.25740", "2015-12-31": "0.93470", "2015-09-30": "0.93050", "2015-06-30": "0.91030", "2015-03-31": "0.89210", "2014-12-31": "0.83610", "2014-09-30": "0.82580", "2014-06-30": "0.91600", "2014-03-31": "0.91130", "2013-12-31": "0.90520", "2013-09-30": "0.89240", "2013-06-30": "0.88440", "2013-03-31": "0.84570", "2012-12-31": "0.83920", "2012-09-30": "0.78230", "2012-06-30": "0.54060", "2012-03-31": "0.56960", "2011-12-31": "0.58310", "2011-09-30": "0.34490", "2011-06-30": "0.34890", "2011-03-31": "0.36160", "2010-12-31": "0.37090", "2010-09-30": "0.37380", "2010-06-30": "0.39110", "2010-03-31": "0.40600", "2009-12-31": "0.40410", "2009-09-30": "0.41890", "2009-06-30": "0.47790", "2009-03-31": "0.51790", "2008-12-31": "0.57230", "2008-09-30": "0.63250", "2008-06-30": "0.65350", "2008-03-31": "0.80190", "2007-12-31": "0.81240", "2007-09-30": "1.03310", "2007-06-30": "0.58900", "2007-03-31": "0.57370", "2006-12-31": "0.59020", "2006-09-30": "0.61380", "2006-06-30": "0.62080", "2006-03-31": "0.62440", "2005-12-31": "0.05370", "2005-09-30": "0.05390", "2005-06-30": "0.08450", "2005-03-31": "0.09040"}, "Gross Margin": {"2020-09-30": "56.57080", "2020-06-30": "57.39280", "2020-03-31": "57.46620", "2019-12-31": "55.91240", "2019-09-30": "56.56710", "2019-06-30": "54.49040", "2019-03-31": "52.68370", "2018-12-31": "56.12800", "2018-09-30": "42.94400", "2018-06-30": "55.20490", "2018-03-31": "53.44850", "2017-12-31": "53.43770", "2017-09-30": "36.48120", "2017-06-30": "55.53200", "2017-03-31": "57.27990", "2016-12-31": "56.44280", "2016-09-30": "58.41120", "2016-06-30": "56.49730", "2016-03-31": "57.07420", "2015-12-31": "57.70590", "2015-09-30": "58.18820", "2015-06-30": "57.23300", "2015-03-31": "57.27350", "2014-12-31": "55.61680", "2014-09-30": "58.54600", "2014-06-30": "54.55500", "2014-03-31": "55.77360", "2013-12-31": "55.78110", "2013-09-30": "57.91680", "2013-06-30": "58.69080", "2013-03-31": "57.60860", "2012-12-31": "60.50520", "2012-09-30": "63.41890", "2012-06-30": "63.42740", "2012-03-31": "63.96180", "2011-12-31": "62.60240", "2011-09-30": "62.76030", "2011-06-30": "63.19830", "2011-03-31": "60.75610", "2010-12-31": "61.51720", "2010-09-30": "64.36080", "2010-06-30": "62.74640", "2010-03-31": "62.05200", "2009-12-31": "64.40940", "2009-09-30": "63.95670", "2009-06-30": "61.01930", "2009-03-31": "61.43140", "2008-12-31": "62.04470", "2008-09-30": "66.80200", "2008-06-30": "63.60450", "2008-03-31": "58.78250", "2007-12-31": "64.70130", "2007-09-30": "66.07240", "2007-06-30": "66.72160", "2007-03-31": "66.56270", "2006-12-31": "69.54830", "2006-09-30": "65.96070", "2006-06-30": "67.22430", "2006-03-31": "71.80740", "2005-12-31": "73.34680", "2005-09-30": "71.58180", "2005-06-30": "70.43690", "2005-03-31": "68.27710"}, "Operating Margin": {"2020-09-30": "3.66560", "2020-06-30": "6.63120", "2020-03-31": "6.79730", "2019-12-31": "12.45860", "2019-09-30": "7.94040", "2019-06-30": "8.30050", "2019-03-31": "-0.50690", "2018-12-31": "11.14410", "2018-09-30": "-36.57470", "2018-06-30": "4.69260", "2018-03-31": "-28.55260", "2017-12-31": "0.58050", "2017-09-30": "-20.93090", "2017-06-30": "2.93320", "2017-03-31": "6.31120", "2016-12-31": "4.92800", "2016-09-30": "8.97500", "2016-06-30": "6.00310", "2016-03-31": "6.87340", "2015-12-31": "6.47990", "2015-09-30": "5.68480", "2015-06-30": "2.99910", "2015-03-31": "5.57360", "2014-12-31": "-3.07180", "2014-09-30": "1.99920", "2014-06-30": "-3.41950", "2014-03-31": "0.13750", "2013-12-31": "-3.36160", "2013-09-30": "0.78160", "2013-06-30": "5.56640", "2013-03-31": "2.75210", "2012-12-31": "1.34770", "2012-09-30": "9.94450", "2012-06-30": "8.68430", "2012-03-31": "7.87700", "2011-12-31": "3.14080", "2011-09-30": "2.30220", "2011-06-30": "7.89030", "2011-03-31": "3.09690", "2010-12-31": "2.72230", "2010-09-30": "9.92600", "2010-06-30": "1.66980", "2010-03-31": "-2.29480", "2009-12-31": "1.47270", "2009-09-30": "12.31940", "2009-06-30": "7.10090", "2009-03-31": "6.74070", "2008-12-31": "-3.42570", "2008-09-30": "12.62190", "2008-06-30": "5.03360", "2008-03-31": "-6.75010", "2007-12-31": "1.76590", "2007-09-30": "5.09300", "2007-06-30": "7.73750", "2007-03-31": "4.40100", "2006-12-31": "8.90710", "2006-09-30": "5.30230", "2006-06-30": "1.44570", "2006-03-31": "2.31850", "2005-12-31": "-2.27920", "2005-09-30": "-4.89310", "2005-06-30": "0.72520", "2005-03-31": "-2.71690"}, "EBIT Margin": {"2020-09-30": "3.66560", "2020-06-30": "6.63120", "2020-03-31": "6.79730", "2019-12-31": "12.45860", "2019-09-30": "7.94040", "2019-06-30": "8.30050", "2019-03-31": "-0.50690", "2018-12-31": "11.14410", "2018-09-30": "-36.57470", "2018-06-30": "4.69260", "2018-03-31": "-28.55260", "2017-12-31": "0.58050", "2017-09-30": "-20.93100", "2017-06-30": "2.93320", "2017-03-31": "6.31120", "2016-12-31": "4.92800", "2016-09-30": "8.97500", "2016-06-30": "6.00310", "2016-03-31": "6.87340", "2015-12-31": "6.47990", "2015-09-30": "5.68480", "2015-06-30": "2.99910", "2015-03-31": "5.57360", "2014-12-31": "-3.07180", "2014-09-30": "1.99910", "2014-06-30": "-3.41950", "2014-03-31": "0.13750", "2013-12-31": "-3.36160", "2013-09-30": "0.78160", "2013-06-30": "5.56640", "2013-03-31": "2.75210", "2012-12-31": "1.34770", "2012-09-30": "9.94450", "2012-06-30": "8.68430", "2012-03-31": "7.87700", "2011-12-31": "3.14080", "2011-09-30": "2.30220", "2011-06-30": "7.89030", "2011-03-31": "3.09690", "2010-12-31": "2.72230", "2010-09-30": "9.92590", "2010-06-30": "1.66980", "2010-03-31": "-2.29480", "2009-12-31": "1.47270", "2009-09-30": "12.31940", "2009-06-30": "7.10090", "2009-03-31": "6.74070", "2008-12-31": "-3.42570", "2008-09-30": "12.62190", "2008-06-30": "5.03360", "2008-03-31": "-6.75010", "2007-12-31": "1.76590", "2007-09-30": "5.09300", "2007-06-30": "7.73750", "2007-03-31": "4.40100", "2006-12-31": "8.90710", "2006-09-30": "5.30230", "2006-06-30": "1.44570", "2006-03-31": "2.31850", "2005-12-31": "-2.27920", "2005-09-30": "-4.89310", "2005-06-30": "0.72520", "2005-03-31": "-2.71690"}, "EBITDA Margin": {"2020-09-30": "", "2020-06-30": "", "2020-03-31": "", "2019-12-31": "", "2019-09-30": "", "2019-06-30": "", "2019-03-31": "", "2018-12-31": "", "2018-09-30": "", "2018-06-30": "", "2018-03-31": "", "2017-12-31": "", "2017-09-30": "", "2017-06-30": "", "2017-03-31": "", "2016-12-31": "", "2016-09-30": "", "2016-06-30": "", "2016-03-31": "", "2015-12-31": "", "2015-09-30": "", "2015-06-30": "", "2015-03-31": "", "2014-12-31": "", "2014-09-30": "", "2014-06-30": "", "2014-03-31": "", "2013-12-31": "", "2013-09-30": "", "2013-06-30": "", "2013-03-31": "", "2012-12-31": "", "2012-09-30": "", "2012-06-30": "", "2012-03-31": "", "2011-12-31": "", "2011-09-30": "", "2011-06-30": "", "2011-03-31": "", "2010-12-31": "", "2010-09-30": "", "2010-06-30": "", "2010-03-31": "", "2009-12-31": "", "2009-09-30": "", "2009-06-30": "", "2009-03-31": "", "2008-12-31": "", "2008-09-30": "", "2008-06-30": "", "2008-03-31": "", "2007-12-31": "", "2007-09-30": "", "2007-06-30": "", "2007-03-31": "", "2006-12-31": "", "2006-09-30": "", "2006-06-30": "", "2006-03-31": "", "2005-12-31": "", "2005-09-30": "", "2005-06-30": "", "2005-03-31": ""}, "Pre-Tax Profit Margin": {"2020-09-30": "-2.75100", "2020-06-30": "0.00060", "2020-03-31": "0.35200", "2019-12-31": "4.40830", "2019-09-30": "0.76910", "2019-06-30": "2.65820", "2019-03-31": "-8.61240", "2018-12-31": "3.78410", "2018-09-30": "-51.86440", "2018-06-30": "-2.48330", "2018-03-31": "-35.42480", "2017-12-31": "-7.04430", "2017-09-30": "-35.80360", "2017-06-30": "-5.18840", "2017-03-31": "-4.93760", "2016-12-31": "-2.78390", "2016-09-30": "1.54340", "2016-06-30": "-0.83180", "2016-03-31": "0.45930", "2015-12-31": "-0.88420", "2015-09-30": "0.02080", "2015-06-30": "-6.87470", "2015-03-31": "-0.63970", "2014-12-31": "-9.42600", "2014-09-30": "-4.47210", "2014-06-30": "-9.94480", "2014-03-31": "-6.90270", "2013-12-31": "-11.15690", "2013-09-30": "-6.95930", "2013-06-30": "-1.69960", "2013-03-31": "-5.58180", "2012-12-31": "-6.63190", "2012-09-30": "4.61810", "2012-06-30": "7.26470", "2012-03-31": "3.16570", "2011-12-31": "-0.01910", "2011-09-30": "0.45010", "2011-06-30": "5.54290", "2011-03-31": "1.29230", "2010-12-31": "1.97870", "2010-09-30": "5.06190", "2010-06-30": "0.11020", "2010-03-31": "-4.80140", "2009-12-31": "-1.49750", "2009-09-30": "10.47120", "2009-06-30": "1.59930", "2009-03-31": "1.86870", "2008-12-31": "-6.78260", "2008-09-30": "5.98090", "2008-06-30": "-0.34100", "2008-03-31": "-12.79970", "2007-12-31": "-5.53780", "2007-09-30": "-0.36250", "2007-06-30": "3.03180", "2007-03-31": "-0.52550", "2006-12-31": "3.81050", "2006-09-30": "-0.46440", "2006-06-30": "-4.62620", "2006-03-31": "0.94240", "2005-12-31": "-2.54130", "2005-09-30": "-5.18240", "2005-06-30": "0.91530", "2005-03-31": "-2.10680"}, "Net Profit Margin": {"2020-09-30": "-8.62520", "2020-06-30": "4.92380", "2020-03-31": "-3.65790", "2019-12-31": "11.64060", "2019-09-30": "27.89890", "2019-06-30": "2.45310", "2019-03-31": "22.97550", "2018-12-31": "4.54880", "2018-09-30": "-17.12760", "2018-06-30": "-3.12320", "2018-03-31": "-35.18990", "2017-12-31": "11.90190", "2017-09-30": "-25.68400", "2017-06-30": "-5.72500", "2017-03-31": "-6.76740", "2016-12-31": "-4.90690", "2016-09-30": "3.64950", "2016-06-30": "-2.47380", "2016-03-31": "-1.47180", "2015-12-31": "-2.48190", "2015-09-30": "-2.18740", "2015-06-30": "-8.24160", "2015-03-31": "-2.96760", "2014-12-31": "-10.65250", "2014-09-30": "-0.28990", "2014-06-30": "-11.40830", "2014-03-31": "-8.24700", "2013-12-31": "-11.79050", "2013-09-30": "-6.84390", "2013-06-30": "-7.44490", "2013-03-31": "-5.73130", "2012-12-31": "-4.77990", "2012-09-30": "24.80650", "2012-06-30": "18.14830", "2012-03-31": "0.22540", "2011-12-31": "2.55990", "2011-09-30": "-1.25490", "2011-06-30": "12.50740", "2011-03-31": "0.53770", "2010-12-31": "-0.00300", "2010-09-30": "0.67960", "2010-06-30": "-0.56000", "2010-03-31": "-5.63950", "2009-12-31": "-1.62680", "2009-09-30": "1.69600", "2009-06-30": "-1.16790", "2009-03-31": "2.30420", "2008-12-31": "-12.13740", "2008-09-30": "5.96780", "2008-06-30": "-4.55190", "2008-03-31": "-13.17790", "2007-12-31": "-7.90930", "2007-09-30": "-1.89800", "2007-06-30": "-4.87430", "2007-03-31": "-1.31070", "2006-12-31": "-0.92560", "2006-09-30": "-5.63080", "2006-06-30": "-8.31150", "2006-03-31": "-1.92390", "2005-12-31": "-6.47500", "2005-09-30": "-12.46870", "2005-06-30": "0.28160", "2005-03-31": "-1.88650"}, "Asset Turnover": {"2020-09-30": "0.09820", "2020-06-30": "0.09540", "2020-03-31": "0.09830", "2019-12-31": "0.11050", "2019-09-30": "0.07220", "2019-06-30": "0.07270", "2019-03-31": "0.06560", "2018-12-31": "0.07700", "2018-09-30": "0.03860", "2018-06-30": "0.08250", "2018-03-31": "0.08390", "2017-12-31": "0.07930", "2017-09-30": "0.04290", "2017-06-30": "0.08190", "2017-03-31": "0.08500", "2016-12-31": "0.07870", "2016-09-30": "0.08940", "2016-06-30": "0.08720", "2016-03-31": "0.09110", "2015-12-31": "0.08790", "2015-09-30": "0.09150", "2015-06-30": "0.08550", "2015-03-31": "0.08410", "2014-12-31": "0.08190", "2014-09-30": "0.08630", "2014-06-30": "0.07830", "2014-03-31": "0.07910", "2013-12-31": "0.07850", "2013-09-30": "0.07930", "2013-06-30": "0.07850", "2013-03-31": "0.07400", "2012-12-31": "0.07580", "2012-09-30": "0.08080", "2012-06-30": "0.08960", "2012-03-31": "0.08290", "2011-12-31": "0.07830", "2011-09-30": "0.08960", "2011-06-30": "0.08120", "2011-03-31": "0.08260", "2010-12-31": "0.08020", "2010-09-30": "0.08220", "2010-06-30": "0.07520", "2010-03-31": "0.07530", "2009-12-31": "0.07340", "2009-09-30": "0.07520", "2009-06-30": "0.07290", "2009-03-31": "0.07200", "2008-12-31": "0.07150", "2008-09-30": "0.08900", "2008-06-30": "0.08010", "2008-03-31": "0.08310", "2007-12-31": "0.08030", "2007-09-30": "0.08280", "2007-06-30": "0.10060", "2007-03-31": "0.10360", "2006-12-31": "0.10520", "2006-09-30": "0.10370", "2006-06-30": "0.09250", "2006-03-31": "0.05660", "2005-12-31": "0.10270", "2005-09-30": "0.08170", "2005-06-30": "0.12270", "2005-03-31": "0.11730"}, "Inventory Turnover Ratio": {"2020-09-30": "", "2020-06-30": "", "2020-03-31": "", "2019-12-31": "", "2019-09-30": "", "2019-06-30": "", "2019-03-31": "", "2018-12-31": "", "2018-09-30": "", "2018-06-30": "", "2018-03-31": "", "2017-12-31": "", "2017-09-30": "", "2017-06-30": "", "2017-03-31": "", "2016-12-31": "", "2016-09-30": "", "2016-06-30": "", "2016-03-31": "", "2015-12-31": "", "2015-09-30": "", "2015-06-30": "", "2015-03-31": "", "2014-12-31": "", "2014-09-30": "", "2014-06-30": "", "2014-03-31": "", "2013-12-31": "", "2013-09-30": "", "2013-06-30": "", "2013-03-31": "", "2012-12-31": "", "2012-09-30": "", "2012-06-30": "", "2012-03-31": "", "2011-12-31": "", "2011-09-30": "", "2011-06-30": "", "2011-03-31": "", "2010-12-31": "", "2010-09-30": "", "2010-06-30": "12.22850", "2010-03-31": "13.04620", "2009-12-31": "11.77890", "2009-09-30": "", "2009-06-30": "10.02760", "2009-03-31": "10.39370", "2008-12-31": "10.42170", "2008-09-30": "11.76190", "2008-06-30": "9.93390", "2008-03-31": "11.11940", "2007-12-31": "9.87530", "2007-09-30": "7.61600", "2007-06-30": "6.21230", "2007-03-31": "5.28710", "2006-12-31": "5.04080", "2006-09-30": "6.41880", "2006-06-30": "5.06530", "2006-03-31": "4.87040", "2005-12-31": "64.54170", "2005-09-30": "56.18530", "2005-06-30": "32.74070", "2005-03-31": "17.66140"}, "Receiveable Turnover": {"2020-09-30": "1.75960", "2020-06-30": "1.57200", "2020-03-31": "1.66010", "2019-12-31": "1.59380", "2019-09-30": "1.61040", "2019-06-30": "1.20360", "2019-03-31": "1.15050", "2018-12-31": "1.24230", "2018-09-30": "0.58850", "2018-06-30": "1.13280", "2018-03-31": "1.13250", "2017-12-31": "1.03390", "2017-09-30": "0.64420", "2017-06-30": "1.35250", "2017-03-31": "1.29460", "2016-12-31": "1.26780", "2016-09-30": "1.33210", "2016-06-30": "1.31470", "2016-03-31": "1.30800", "2015-12-31": "1.29860", "2015-09-30": "1.35090", "2015-06-30": "1.30710", "2015-03-31": "1.20560", "2014-12-31": "1.13880", "2014-09-30": "1.17290", "2014-06-30": "1.19340", "2014-03-31": "1.22680", "2013-12-31": "1.18430", "2013-09-30": "1.23380", "2013-06-30": "1.23640", "2013-03-31": "1.21050", "2012-12-31": "1.20890", "2012-09-30": "1.22910", "2012-06-30": "1.29280", "2012-03-31": "1.23330", "2011-12-31": "1.18220", "2011-09-30": "1.30690", "2011-06-30": "1.32150", "2011-03-31": "1.38430", "2010-12-31": "1.27050", "2010-09-30": "1.37670", "2010-06-30": "1.22780", "2010-03-31": "1.22260", "2009-12-31": "1.16660", "2009-09-30": "1.26170", "2009-06-30": "1.30480", "2009-03-31": "1.25780", "2008-12-31": "1.10720", "2008-09-30": "1.16240", "2008-06-30": "1.09760", "2008-03-31": "0.93330", "2007-12-31": "0.79730", "2007-09-30": "0.85770", "2007-06-30": "1.11920", "2007-03-31": "1.07610", "2006-12-31": "0.96120", "2006-09-30": "0.98170", "2006-06-30": "0.79390", "2006-03-31": "0.46480", "2005-12-31": "0.97900", "2005-09-30": "0.88990", "2005-06-30": "1.13820", "2005-03-31": "1.16630"}, "Days Sales In Receivables": {"2020-09-30": "51.14840", "2020-06-30": "57.25350", "2020-03-31": "54.21240", "2019-12-31": "56.46850", "2019-09-30": "55.88740", "2019-06-30": "74.77780", "2019-03-31": "78.23020", "2018-12-31": "72.44800", "2018-09-30": "152.92320", "2018-06-30": "79.45050", "2018-03-31": "79.46990", "2017-12-31": "87.04740", "2017-09-30": "139.70180", "2017-06-30": "66.54330", "2017-03-31": "69.52050", "2016-12-31": "70.98730", "2016-09-30": "67.56240", "2016-06-30": "68.45820", "2016-03-31": "68.80590", "2015-12-31": "69.30450", "2015-09-30": "66.62030", "2015-06-30": "68.85710", "2015-03-31": "74.65360", "2014-12-31": "79.03150", "2014-09-30": "76.73280", "2014-06-30": "75.41310", "2014-03-31": "73.36090", "2013-12-31": "75.99270", "2013-09-30": "72.94270", "2013-06-30": "72.79270", "2013-03-31": "74.34920", "2012-12-31": "74.45030", "2012-09-30": "73.22720", "2012-06-30": "69.61520", "2012-03-31": "72.97420", "2011-12-31": "76.12730", "2011-09-30": "68.86710", "2011-06-30": "68.10320", "2011-03-31": "65.01460", "2010-12-31": "70.83820", "2010-09-30": "65.37230", "2010-06-30": "73.30080", "2010-03-31": "73.61270", "2009-12-31": "77.14600", "2009-09-30": "71.33440", "2009-06-30": "68.97780", "2009-03-31": "71.55340", "2008-12-31": "81.28450", "2008-09-30": "77.42910", "2008-06-30": "81.99510", "2008-03-31": "96.43360", "2007-12-31": "112.88070", "2007-09-30": "104.92700", "2007-06-30": "80.41330", "2007-03-31": "83.63550", "2006-12-31": "93.63180", "2006-09-30": "91.68010", "2006-06-30": "113.36420", "2006-03-31": "193.63530", "2005-12-31": "91.93220", "2005-09-30": "101.13600", "2005-06-30": "79.07430", "2005-03-31": "77.16760"}, "ROE - Return On Equity": {"2020-09-30": "-2.55670", "2020-06-30": "1.44850", "2020-03-31": "-1.21090", "2019-12-31": "4.42370", "2019-09-30": "0.13830", "2019-06-30": "-0.03360", "2019-03-31": "-1.38880", "2018-12-31": "0.71470", "2018-09-30": "-5.61520", "2018-06-30": "-1.17870", "2018-03-31": "-8.82620", "2017-12-31": "2.34380", "2017-09-30": "-4.80320", "2017-06-30": "-1.42420", "2017-03-31": "-1.73400", "2016-12-31": "-1.24260", "2016-09-30": "0.95650", "2016-06-30": "-0.65880", "2016-03-31": "-0.39260", "2015-12-31": "-0.53200", "2015-09-30": "-0.48680", "2015-06-30": "-1.69250", "2015-03-31": "-0.58700", "2014-12-31": "-1.97540", "2014-09-30": "-0.05640", "2014-06-30": "-2.09150", "2014-03-31": "-1.50930", "2013-12-31": "-2.12420", "2013-09-30": "-1.22520", "2013-06-30": "-1.31940", "2013-03-31": "-0.93510", "2012-12-31": "-0.79550", "2012-09-30": "4.31920", "2012-06-30": "3.04440", "2012-03-31": "0.03560", "2011-12-31": "0.38340", "2011-09-30": "-0.20530", "2011-06-30": "1.69320", "2011-03-31": "0.07320", "2010-12-31": "-0.00040", "2010-09-30": "0.09180", "2010-06-30": "-0.06980", "2010-03-31": "-0.71350", "2009-12-31": "-0.20210", "2009-09-30": "0.21910", "2009-06-30": "-0.15040", "2009-03-31": "0.29840", "2008-12-31": "-1.67920", "2008-09-30": "1.06470", "2008-06-30": "-0.71680", "2008-03-31": "-2.38620", "2007-12-31": "-1.38930", "2007-09-30": "-0.39080", "2007-06-30": "-1.02490", "2007-03-31": "-0.28350", "2006-12-31": "-0.20810", "2006-09-30": "-1.26140", "2006-06-30": "-1.65700", "2006-03-31": "-0.24440", "2005-12-31": "-0.81230", "2005-09-30": "-1.51280", "2005-06-30": "0.04920", "2005-03-31": "-0.32920"}, "Return On Tangible Equity": {"2020-09-30": "2.43060", "2020-06-30": "-1.37120", "2020-03-31": "1.06990", "2019-12-31": "-4.71210", "2019-09-30": "-1.22100", "2019-06-30": "0.04370", "2019-03-31": "1.78380", "2018-12-31": "-0.80690", "2018-09-30": "4.87170", "2018-06-30": "0.87590", "2018-03-31": "7.68380", "2017-12-31": "-2.15440", "2017-09-30": "3.99230", "2017-06-30": "1.19350", "2017-03-31": "1.46220", "2016-12-31": "1.02260", "2016-09-30": "-0.78960", "2016-06-30": "0.51960", "2016-03-31": "0.30370", "2015-12-31": "0.65010", "2015-09-30": "0.57750", "2015-06-30": "2.05930", "2015-03-31": "0.78070", "2014-12-31": "2.95980", "2014-09-30": "0.08350", "2014-06-30": "3.25220", "2014-03-31": "2.30630", "2013-12-31": "3.26720", "2013-09-30": "2.00940", "2013-06-30": "2.22970", "2013-03-31": "1.81440", "2012-12-31": "1.50120", "2012-09-30": "-10.37640", "2012-06-30": "-7.64110", "2012-03-31": "-0.14820", "2011-12-31": "-1.37350", "2011-09-30": "0.87170", "2011-06-30": "-6.78560", "2011-03-31": "-0.49330", "2010-12-31": "0.00210", "2010-09-30": "-0.45110", "2010-06-30": "0.29750", "2010-03-31": "2.63890", "2009-12-31": "0.68800", "2009-09-30": "-0.80500", "2009-06-30": "0.41530", "2009-03-31": "-0.78960", "2008-12-31": "2.96620", "2008-09-30": "-1.85340", "2008-06-30": "1.38470", "2008-03-31": "4.37960", "2007-12-31": "2.51940", "2007-09-30": "0.44770", "2007-06-30": "1.94180", "2007-03-31": "0.47290", "2006-12-31": "0.38070", "2006-09-30": "2.10490", "2006-06-30": "2.66380", "2006-03-31": "0.36010", "2005-12-31": "19.22120", "2005-09-30": "21.43450", "2005-06-30": "-0.48230", "2005-03-31": "2.16890"}, "ROA - Return On Assets": {"2020-09-30": "-0.81390", "2020-06-30": "0.46990", "2020-03-31": "-0.35960", "2019-12-31": "1.44960", "2019-09-30": "0.05600", "2019-06-30": "-0.01320", "2019-03-31": "-0.55320", "2018-12-31": "0.25470", "2018-09-30": "-1.81880", "2018-06-30": "-0.38050", "2018-03-31": "-3.00790", "2017-12-31": "0.84190", "2017-09-30": "-1.56390", "2017-06-30": "-0.46880", "2017-03-31": "-0.57550", "2016-12-31": "-0.38630", "2016-09-30": "0.32630", "2016-06-30": "-0.21580", "2016-03-31": "-0.13400", "2015-12-31": "-0.21810", "2015-09-30": "-0.20010", "2015-06-30": "-0.70480", "2015-03-31": "-0.24950", "2014-12-31": "-0.87270", "2014-09-30": "-0.02500", "2014-06-30": "-0.89350", "2014-03-31": "-0.65250", "2013-12-31": "-0.92580", "2013-09-30": "-0.54240", "2013-06-30": "-0.58420", "2013-03-31": "-0.42440", "2012-12-31": "-0.36220", "2012-09-30": "2.02860", "2012-06-30": "1.64530", "2012-03-31": "0.01890", "2011-12-31": "0.20270", "2011-09-30": "-0.12480", "2011-06-30": "1.02760", "2011-03-31": "0.04490", "2010-12-31": "-0.00020", "2010-09-30": "0.05580", "2010-06-30": "-0.04210", "2010-03-31": "-0.42450", "2009-12-31": "-0.11940", "2009-09-30": "0.12760", "2009-06-30": "-0.08510", "2009-03-31": "0.16600", "2008-12-31": "-0.86800", "2008-09-30": "0.53130", "2008-06-30": "-0.36460", "2008-03-31": "-1.09510", "2007-12-31": "-0.63500", "2007-09-30": "-0.15710", "2007-06-30": "-0.49060", "2007-03-31": "-0.13590", "2006-12-31": "-0.09730", "2006-09-30": "-0.58420", "2006-06-30": "-0.76890", "2006-03-31": "-0.10890", "2005-12-31": "-0.57340", "2005-09-30": "-1.01900", "2005-06-30": "0.03450", "2005-03-31": "-0.22130"}, "ROI - Return On Investment": {"2020-09-30": "-1.30080", "2020-06-30": "0.62280", "2020-03-31": "-0.51400", "2019-12-31": "1.89810", "2019-09-30": "0.10130", "2019-06-30": "-0.01730", "2019-03-31": "-0.71780", "2018-12-31": "0.33530", "2018-09-30": "-2.47100", "2018-06-30": "-0.50770", "2018-03-31": "-3.97470", "2017-12-31": "1.09750", "2017-09-30": "-2.22320", "2017-06-30": "-0.66530", "2017-03-31": "-0.81120", "2016-12-31": "-0.61560", "2016-09-30": "0.42330", "2016-06-30": "-0.27900", "2016-03-31": "-0.17950", "2015-12-31": "-0.27500", "2015-09-30": "-0.25240", "2015-06-30": "-0.88700", "2015-03-31": "-0.31060", "2014-12-31": "-1.07690", "2014-09-30": "-0.03090", "2014-06-30": "-1.15020", "2014-03-31": "-0.83170", "2013-12-31": "-1.17370", "2013-09-30": "-0.68100", "2013-06-30": "-0.69960", "2013-03-31": "-0.50630", "2012-12-31": "-0.43220", "2012-09-30": "2.62440", "2012-06-30": "2.04860", "2012-03-31": "0.02500", "2011-12-31": "0.25710", "2011-09-30": "-0.15270", "2011-06-30": "1.25540", "2011-03-31": "0.05380", "2010-12-31": "-0.00030", "2010-09-30": "0.06690", "2010-06-30": "-0.05020", "2010-03-31": "-0.50780", "2009-12-31": "-0.14400", "2009-09-30": "0.15440", "2009-06-30": "-0.10170", "2009-03-31": "0.19610", "2008-12-31": "-1.06780", "2008-09-30": "0.65210", "2008-06-30": "-0.43340", "2008-03-31": "-1.32340", "2007-12-31": "-0.76610", "2007-09-30": "-0.19200", "2007-06-30": "-0.64370", "2007-03-31": "-0.17960", "2006-12-31": "-0.13040", "2006-09-30": "-0.77870", "2006-06-30": "-1.01850", "2006-03-31": "-0.14980", "2005-12-31": "-0.80510", "2005-09-30": "-1.49910", "2005-06-30": "0.04850", "2005-03-31": "-0.32420"}, "Book Value Per Share": {"2020-09-30": "4.04290", "2020-06-30": "4.08820", "2020-03-31": "3.96940", "2019-12-31": "4.36990", "2019-09-30": "7.60030", "2019-06-30": "7.16890", "2019-03-31": "7.14230", "2018-12-31": "6.78390", "2018-09-30": "5.96860", "2018-06-30": "6.11680", "2018-03-31": "6.42840", "2017-12-31": "6.90010", "2017-09-30": "6.65560", "2017-06-30": "6.77560", "2017-03-31": "6.77870", "2016-12-31": "6.60760", "2016-09-30": "6.71460", "2016-06-30": "6.41830", "2016-03-31": "6.43500", "2015-12-31": "7.44880", "2015-09-30": "7.31240", "2015-06-30": "7.48460", "2015-03-31": "7.55140", "2014-12-31": "7.86110", "2014-09-30": "8.04680", "2014-06-30": "8.12720", "2014-03-31": "8.16630", "2013-12-31": "8.22170", "2013-09-30": "8.35840", "2013-06-30": "8.48440", "2013-03-31": "8.72240", "2012-12-31": "8.80560", "2012-09-30": "8.74250", "2012-06-30": "8.48900", "2012-03-31": "8.17560", "2011-12-31": "8.02740", "2011-09-30": "8.07690", "2011-06-30": "8.09580", "2011-03-31": "7.85910", "2010-12-31": "7.71500", "2010-09-30": "7.71000", "2010-06-30": "7.48260", "2010-03-31": "7.50890", "2009-12-31": "7.48450", "2009-09-30": "7.37720", "2009-06-30": "7.01490", "2009-03-31": "6.77390", "2008-12-31": "6.49160", "2008-09-30": "6.21230", "2008-06-30": "6.07530", "2008-03-31": "5.35710", "2007-12-31": "5.35510", "2007-09-30": "4.54640", "2007-06-30": "4.06600", "2007-03-31": "3.51820", "2006-12-31": "3.47090", "2006-09-30": "3.38870", "2006-06-30": "3.38830", "2006-03-31": "3.39180", "2005-12-31": "3.28260", "2005-09-30": "3.28680", "2005-06-30": "2.93750", "2005-03-31": "2.89810"}, "Operating Cash Flow Per Share": {"2020-09-30": 0.2683, "2020-06-30": 0.103, "2020-03-31": 0.3155, "2019-12-31": "0.18500", "2019-09-30": 0.3622, "2019-06-30": 0.3273, "2019-03-31": 0.3704, "2018-12-31": "0.34170", "2018-09-30": 0.5175, "2018-06-30": 0.3438, "2018-03-31": 0.3734, "2017-12-31": "0.29090", "2017-09-30": -0.0189, "2017-06-30": 0.4681, "2017-03-31": 0.4279, "2016-12-31": "0.43230", "2016-09-30": 0.4086, "2016-06-30": 0.518, "2016-03-31": 0.5516, "2015-12-31": "0.45860", "2015-09-30": 0.4635, "2015-06-30": 0.4067, "2015-03-31": 0.3704, "2014-12-31": "0.29740", "2014-09-30": 0.3044, "2014-06-30": 0.3039, "2014-03-31": 0.2734, "2013-12-31": "0.24830", "2013-09-30": 0.3038, "2013-06-30": 0.2711, "2013-03-31": 0.2915, "2012-12-31": "0.39330", "2012-09-30": 0.44, "2012-06-30": 0.4452, "2012-03-31": 0.3098, "2011-12-31": "0.27930", "2011-09-30": 0.3146, "2011-06-30": 0.31, "2011-03-31": 0.2945, "2010-12-31": "0.21210", "2010-09-30": 0.3975, "2010-06-30": 0.2103, "2010-03-31": 0.19, "2009-12-31": "0.23310", "2009-09-30": 0.3132, "2009-06-30": 0.2217, "2009-03-31": 0.1431, "2008-12-31": "0.34190", "2008-09-30": 0.3262, "2008-06-30": 0.2116, "2008-03-31": 0.1867, "2007-12-31": "0.21070", "2007-09-30": 0.0949, "2007-06-30": 0.1511, "2007-03-31": 0.203, "2006-12-31": "0.15420", "2006-09-30": 0.1878, "2006-06-30": 0.103, "2006-03-31": 0.0943, "2005-12-31": "-0.00690", "2005-09-30": 0.0745, "2005-06-30": -0.0735, "2005-03-31": 0.1469}, "Free Cash Flow Per Share": {"2020-09-30": 0.2167, "2020-06-30": 0.0551, "2020-03-31": 0.2542, "2019-12-31": "0.13590", "2019-09-30": 0.3207, "2019-06-30": 0.2965, "2019-03-31": 0.3302, "2018-12-31": "0.29990", "2018-09-30": 0.483, "2018-06-30": 0.2967, "2018-03-31": 0.3297, "2017-12-31": "0.24850", "2017-09-30": -0.1144, "2017-06-30": 0.4145, "2017-03-31": 0.4028, "2016-12-31": "0.39280", "2016-09-30": 0.369, "2016-06-30": 0.4779, "2016-03-31": 0.5102, "2015-12-31": "0.39180", "2015-09-30": 0.4344, "2015-06-30": 0.3479, "2015-03-31": 0.3279, "2014-12-31": "0.24470", "2014-09-30": 0.2444, "2014-06-30": 0.2517, "2014-03-31": 0.2404, "2013-12-31": "0.20330", "2013-09-30": 0.2587, "2013-06-30": 0.2327, "2013-03-31": 0.246, "2012-12-31": "0.34500", "2012-09-30": 0.4062, "2012-06-30": 0.4, "2012-03-31": 0.2727, "2011-12-31": "0.19930", "2011-09-30": 0.2805, "2011-06-30": 0.2862, "2011-03-31": 0.2717, "2010-12-31": "0.18230", "2010-09-30": 0.363, "2010-06-30": 0.1819, "2010-03-31": 0.1724, "2009-12-31": "0.22320", "2009-09-30": 0.2965, "2009-06-30": 0.2085, "2009-03-31": 0.1326, "2008-12-31": "0.30540", "2008-09-30": 0.3067, "2008-06-30": 0.1805, "2008-03-31": 0.1696, "2007-12-31": "0.19390", "2007-09-30": 0.0731, "2007-06-30": 0.1306, "2007-03-31": 0.19, "2006-12-31": "0.13780", "2006-09-30": 0.1671, "2006-06-30": 0.0963, "2006-03-31": 0.086, "2005-12-31": "-0.02270", "2005-09-30": 0.0674, "2005-06-30": -0.0905, "2005-03-31": 0.131}}, "revenue": {"Nuance Communications Annual Revenue (Millions of US $)": {"2020": "$1,479", "2019": "$1,521", "2018": "$1,568", "2017": "$1,728", "2016": "$1,949", "2015": "$1,931", "2014": "$1,923", "2013": "$1,855", "2012": "$1,652", "2011": "$1,319", "2010": "$1,119", "2009": "$950", "2008": "$868", "2007": "$602", "2006": "$389", "2005": "$232"}, "Nuance Communications Quarterly Revenue (Millions of US $)": {"2020-09-30": "$353", "2020-06-30": "$338", "2020-03-31": "$369", "2019-12-31": "$418", "2019-09-30": "$388", "2019-06-30": "$377", "2019-03-31": "$337", "2018-12-31": "$420", "2018-09-30": "$205", "2018-06-30": "$449", "2018-03-31": "$466", "2017-12-31": "$447", "2017-09-30": "$255", "2017-06-30": "$486", "2017-03-31": "$500", "2016-12-31": "$488", "2016-09-30": "$506", "2016-06-30": "$478", "2016-03-31": "$479", "2015-12-31": "$486", "2015-09-30": "$504", "2015-06-30": "$478", "2015-03-31": "$475", "2014-12-31": "$474", "2014-09-30": "$502", "2014-06-30": "$476", "2014-03-31": "$476", "2013-12-31": "$470", "2013-09-30": "$472", "2013-06-30": "$470", "2013-03-31": "$451", "2012-12-31": "$462", "2012-09-30": "$469", "2012-06-30": "$432", "2012-03-31": "$390", "2011-12-31": "$361", "2011-09-30": "$367", "2011-06-30": "$329", "2011-03-31": "$319", "2010-12-31": "$304", "2010-09-30": "$310", "2010-06-30": "$273", "2010-03-31": "$273", "2009-12-31": "$263", "2009-09-30": "$263", "2009-06-30": "$241", "2009-03-31": "$229", "2008-12-31": "$217", "2008-09-30": "$253", "2008-06-30": "$217", "2008-03-31": "$203", "2007-12-31": "$195", "2007-09-30": "$180", "2007-06-30": "$157", "2007-03-31": "$132", "2006-12-31": "$133", "2006-09-30": "$128", "2006-06-30": "$113", "2006-03-31": "$72", "2005-12-31": "$76", "2005-09-30": "$62", "2005-06-30": "$57", "2005-03-31": "$53"}}, "gross-profit": {"Nuance Communications Annual Gross Profit (Millions of US $)": {"2020": "$840", "2019": "$838", "2018": "$824", "2017": "$924", "2016": "$1,119", "2015": "$1,103", "2014": "$1,081", "2013": "$1,089", "2012": "$1,047", "2011": "$819", "2010": "$710", "2009": "$591", "2008": "$553", "2007": "$404", "2006": "$267", "2005": "$163"}, "Nuance Communications Quarterly Gross Profit (Millions of US $)": {"2020-09-30": "$200", "2020-06-30": "$194", "2020-03-31": "$212", "2019-12-31": "$234", "2019-09-30": "$219", "2019-06-30": "$206", "2019-03-31": "$177", "2018-12-31": "$236", "2018-09-30": "$88", "2018-06-30": "$248", "2018-03-31": "$249", "2017-12-31": "$239", "2017-09-30": "$93", "2017-06-30": "$270", "2017-03-31": "$286", "2016-12-31": "$275", "2016-09-30": "$296", "2016-06-30": "$270", "2016-03-31": "$273", "2015-12-31": "$281", "2015-09-30": "$293", "2015-06-30": "$274", "2015-03-31": "$272", "2014-12-31": "$264", "2014-09-30": "$294", "2014-06-30": "$259", "2014-03-31": "$265", "2013-12-31": "$262", "2013-09-30": "$274", "2013-06-30": "$276", "2013-03-31": "$260", "2012-12-31": "$280", "2012-09-30": "$297", "2012-06-30": "$274", "2012-03-31": "$250", "2011-12-31": "$226", "2011-09-30": "$230", "2011-06-30": "$208", "2011-03-31": "$194", "2010-12-31": "$187", "2010-09-30": "$199", "2010-06-30": "$171", "2010-03-31": "$169", "2009-12-31": "$169", "2009-09-30": "$168", "2009-06-30": "$147", "2009-03-31": "$141", "2008-12-31": "$135", "2008-09-30": "$169", "2008-06-30": "$138", "2008-03-31": "$120", "2007-12-31": "$126", "2007-09-30": "$119", "2007-06-30": "$105", "2007-03-31": "$88", "2006-12-31": "$93", "2006-09-30": "$85", "2006-06-30": "$76", "2006-03-31": "$52", "2005-12-31": "$55", "2005-09-30": "$44", "2005-06-30": "$40", "2005-03-31": "$36"}}, "operating-income": {"Nuance Communications Annual Operating Income (Millions of US $)": {"2020": "$113", "2019": "$107", "2018": "$-184", "2017": "$17", "2016": "$139", "2015": "$55", "2014": "$-21", "2013": "$48", "2012": "$126", "2011": "$53", "2010": "$33", "2009": "$58", "2008": "$33", "2007": "$39", "2006": "$8", "2005": "$2"}, "Nuance Communications Quarterly Operating Income (Millions of US $)": {"2020-09-30": "$13", "2020-06-30": "$22", "2020-03-31": "$25", "2019-12-31": "$52", "2019-09-30": "$31", "2019-06-30": "$31", "2019-03-31": "$-2", "2018-12-31": "$47", "2018-09-30": "$-75", "2018-06-30": "$21", "2018-03-31": "$-133", "2017-12-31": "$3", "2017-09-30": "$-53", "2017-06-30": "$14", "2017-03-31": "$32", "2016-12-31": "$24", "2016-09-30": "$45", "2016-06-30": "$29", "2016-03-31": "$33", "2015-12-31": "$32", "2015-09-30": "$29", "2015-06-30": "$14", "2015-03-31": "$26", "2014-12-31": "$-15", "2014-09-30": "$10", "2014-06-30": "$-16", "2014-03-31": "$1", "2013-12-31": "$-16", "2013-09-30": "$4", "2013-06-30": "$26", "2013-03-31": "$12", "2012-12-31": "$6", "2012-09-30": "$47", "2012-06-30": "$37", "2012-03-31": "$31", "2011-12-31": "$11", "2011-09-30": "$8", "2011-06-30": "$26", "2011-03-31": "$10", "2010-12-31": "$8", "2010-09-30": "$31", "2010-06-30": "$5", "2010-03-31": "$-6", "2009-12-31": "$4", "2009-09-30": "$32", "2009-06-30": "$17", "2009-03-31": "$15", "2008-12-31": "$-7", "2008-09-30": "$32", "2008-06-30": "$11", "2008-03-31": "$-14", "2007-12-31": "$3", "2007-09-30": "$9", "2007-06-30": "$12", "2007-03-31": "$6", "2006-12-31": "$12", "2006-09-30": "$7", "2006-06-30": "$2", "2006-03-31": "$2", "2005-12-31": "$-2", "2005-09-30": "$-3", "2005-06-30": "$0", "2005-03-31": "$-1"}}, "ebitda": {"Nuance Communications Annual EBITDA (Millions of US $)": {"2020": "$229", "2019": "$236", "2018": "$143", "2017": "$221", "2016": "$370", "2015": "$286", "2014": "$200", "2013": "$257", "2012": "$313", "2011": "$223", "2010": "$190", "2009": "$192", "2008": "$132", "2007": "$89", "2006": "$47", "2005": "$20"}, "Nuance Communications Quarterly EBITDA (Millions of US $)": {"2020-09-30": "$46", "2020-06-30": "$50", "2020-03-31": "$53", "2019-12-31": "$81", "2019-09-30": "$61", "2019-06-30": "$62", "2019-03-31": "$31", "2018-12-31": "$82", "2018-09-30": "$-27", "2018-06-30": "$69", "2018-03-31": "$51", "2017-12-31": "$50", "2017-09-30": "$-24", "2017-06-30": "$73", "2017-03-31": "$90", "2016-12-31": "$82", "2016-09-30": "$104", "2016-06-30": "$86", "2016-03-31": "$90", "2015-12-31": "$90", "2015-09-30": "$87", "2015-06-30": "$72", "2015-03-31": "$83", "2014-12-31": "$43", "2014-09-30": "$67", "2014-06-30": "$40", "2014-03-31": "$55", "2013-12-31": "$39", "2013-09-30": "$57", "2013-06-30": "$79", "2013-03-31": "$65", "2012-12-31": "$57", "2012-09-30": "$94", "2012-06-30": "$87", "2012-03-31": "$75", "2011-12-31": "$57", "2011-09-30": "$54", "2011-06-30": "$67", "2011-03-31": "$52", "2010-12-31": "$51", "2010-09-30": "$71", "2010-06-30": "$43", "2010-03-31": "$33", "2009-12-31": "$42", "2009-09-30": "$69", "2009-06-30": "$52", "2009-03-31": "$48", "2008-12-31": "$23", "2008-09-30": "$61", "2008-06-30": "$34", "2008-03-31": "$12", "2007-12-31": "$24", "2007-09-30": "$25", "2007-06-30": "$25", "2007-03-31": "$17", "2006-12-31": "$23", "2006-09-30": "$21", "2006-06-30": "$13", "2006-03-31": "$8", "2005-12-31": "$4", "2005-09-30": "$2", "2005-06-30": "$4", "2005-03-31": "$3"}}, "net-income": {"Nuance Communications Annual Net Income (Millions of US $)": {"2020": "$21", "2019": "$214", "2018": "$-160", "2017": "$-151", "2016": "$-12", "2015": "$-115", "2014": "$-150", "2013": "$-115", "2012": "$205", "2011": "$38", "2010": "$-19", "2009": "$-19", "2008": "$-37", "2007": "$-14", "2006": "$-23", "2005": "$-5"}, "Nuance Communications Quarterly Net Income (Millions of US $)": {"2020-09-30": "$-30", "2020-06-30": "$17", "2020-03-31": "$-14", "2019-12-31": "$49", "2019-09-30": "$108", "2019-06-30": "$9", "2019-03-31": "$77", "2018-12-31": "$19", "2018-09-30": "$-35", "2018-06-30": "$-14", "2018-03-31": "$-164", "2017-12-31": "$53", "2017-09-30": "$-65", "2017-06-30": "$-28", "2017-03-31": "$-34", "2016-12-31": "$-24", "2016-09-30": "$18", "2016-06-30": "$-12", "2016-03-31": "$-7", "2015-12-31": "$-12", "2015-09-30": "$-11", "2015-06-30": "$-39", "2015-03-31": "$-14", "2014-12-31": "$-50", "2014-09-30": "$-1", "2014-06-30": "$-54", "2014-03-31": "$-39", "2013-12-31": "$-55", "2013-09-30": "$-32", "2013-06-30": "$-35", "2013-03-31": "$-26", "2012-12-31": "$-22", "2012-09-30": "$116", "2012-06-30": "$78", "2012-03-31": "$1", "2011-12-31": "$9", "2011-09-30": "$-5", "2011-06-30": "$41", "2011-03-31": "$2", "2010-12-31": "$-0", "2010-09-30": "$2", "2010-06-30": "$-2", "2010-03-31": "$-15", "2009-12-31": "$-4", "2009-09-30": "$4", "2009-06-30": "$-3", "2009-03-31": "$5", "2008-12-31": "$-26", "2008-09-30": "$15", "2008-06-30": "$-10", "2008-03-31": "$-27", "2007-12-31": "$-15", "2007-09-30": "$-3", "2007-06-30": "$-8", "2007-03-31": "$-2", "2006-12-31": "$-1", "2006-09-30": "$-7", "2006-06-30": "$-9", "2006-03-31": "$-1", "2005-12-31": "$-5", "2005-09-30": "$-8", "2005-06-30": "$0", "2005-03-31": "$-1"}}, "eps-earnings-per-share-diluted": {"Nuance Communications Annual EPS": {"2020": "$0.07", "2019": "$0.75", "2018": "$-0.55", "2017": "$-0.52", "2016": "$-0.04", "2015": "$-0.36", "2014": "$-0.47", "2013": "$-0.37", "2012": "$0.65", "2011": "$0.12", "2010": "$-0.07", "2009": "$-0.08", "2008": "$-0.18", "2007": "$-0.08", "2006": "$-0.14", "2005": "$-0.05"}, "Nuance Communications Quarterly EPS": {"2020-09-30": "$-0.11", "2020-06-30": "$0.06", "2020-03-31": "$-0.05", "2019-12-31": "$0.17", "2019-09-30": "$0.38", "2019-06-30": "$0.03", "2019-03-31": "$0.27", "2018-12-31": "$0.07", "2018-09-30": "$-0.12", "2018-06-30": "$-0.05", "2018-03-31": "$-0.56", "2017-12-31": "$0.18", "2017-09-30": "$-0.22", "2017-06-30": "$-0.10", "2017-03-31": "$-0.12", "2016-12-31": "$-0.08", "2016-09-30": "$0.06", "2016-06-30": "$-0.04", "2016-03-31": "$-0.02", "2015-12-31": "$-0.04", "2015-09-30": "$-0.03", "2015-06-30": "$-0.13", "2015-03-31": "$-0.04", "2014-12-31": "$-0.16", "2014-09-30": "$0.00", "2014-06-30": "$-0.17", "2014-03-31": "$-0.12", "2013-12-31": "$-0.18", "2013-09-30": "$-0.11", "2013-06-30": "$-0.11", "2013-03-31": "$-0.08", "2012-12-31": "$-0.07", "2012-09-30": "$0.37", "2012-06-30": "$0.25", "2012-03-31": "$0.00", "2011-12-31": "$0.03", "2011-09-30": "$-0.02", "2011-06-30": "$0.13", "2011-03-31": "$0.01", "2010-12-31": "$0.00", "2010-09-30": "$0.01", "2010-06-30": "$-0.01", "2010-03-31": "$-0.05", "2009-12-31": "$-0.02", "2009-09-30": "$0.02", "2009-06-30": "$-0.01", "2009-03-31": "$0.02", "2008-12-31": "$-0.11", "2008-09-30": "$0.08", "2008-06-30": "$-0.05", "2008-03-31": "$-0.13", "2007-12-31": "$-0.08", "2007-09-30": "$-0.02", "2007-06-30": "$-0.04", "2007-03-31": "$-0.01", "2006-12-31": "$-0.01", "2006-09-30": "$-0.04", "2006-06-30": "$-0.06", "2006-03-31": "$-0.01", "2005-12-31": "$-0.03", "2005-09-30": "$-0.07", "2005-06-30": "$0.00", "2005-03-31": "$-0.01"}}, "shares-outstanding": {"Nuance Communications Annual Shares Outstanding (Millions of Shares)": {"2020": "292", "2019": "286", "2018": "291", "2017": "289", "2016": "292", "2015": "317", "2014": "317", "2013": "314", "2012": "321", "2011": "316", "2010": "287", "2009": "254", "2008": "210", "2007": "176", "2006": "164", "2005": "110"}, "Nuance Communications Quarterly Shares Outstanding (Millions of Shares)": {"2020-09-30": "292", "2020-06-30": "288", "2020-03-31": "283", "2019-12-31": "289", "2019-09-30": "286", "2019-06-30": "286", "2019-03-31": "286", "2018-12-31": "292", "2018-09-30": "291", "2018-06-30": "293", "2018-03-31": "294", "2017-12-31": "296", "2017-09-30": "289", "2017-06-30": "288", "2017-03-31": "291", "2016-12-31": "289", "2016-09-30": "292", "2016-06-30": "279", "2016-03-31": "298", "2015-12-31": "308", "2015-09-30": "317", "2015-06-30": "313", "2015-03-31": "323", "2014-12-31": "322", "2014-09-30": "317", "2014-06-30": "318", "2014-03-31": "317", "2013-12-31": "315", "2013-09-30": "314", "2013-06-30": "315", "2013-03-31": "315", "2012-12-31": "313", "2012-09-30": "321", "2012-06-30": "321", "2012-03-31": "323", "2011-12-31": "321", "2011-09-30": "316", "2011-06-30": "318", "2011-03-31": "315", "2010-12-31": "299", "2010-09-30": "287", "2010-06-30": "292", "2010-03-31": "285", "2009-12-31": "279", "2009-09-30": "254", "2009-06-30": "261", "2009-03-31": "269", "2008-12-31": "236", "2008-09-30": "210", "2008-06-30": "214", "2008-03-31": "206", "2007-12-31": "195", "2007-09-30": "176", "2007-06-30": "180", "2007-03-31": "172", "2006-12-31": "170", "2006-09-30": "164", "2006-06-30": "167", "2006-03-31": "163", "2005-12-31": "156", "2005-09-30": "110", "2005-06-30": "116", "2005-03-31": "106"}}, "total-assets": {"Nuance Communications Annual Total Assets (Millions of US $)": {"2020": "$3,593", "2019": "$5,366", "2018": "$5,302", "2017": "$5,932", "2016": "$5,661", "2015": "$5,512", "2014": "$5,820", "2013": "$5,959", "2012": "$5,799", "2011": "$4,095", "2010": "$3,770", "2009": "$3,499", "2008": "$2,846", "2007": "$2,173", "2006": "$1,235", "2005": "$757"}, "Nuance Communications Quarterly Total Assets (Millions of US $)": {"2020-09-30": "$3,593", "2020-06-30": "$3,546", "2020-03-31": "$3,757", "2019-12-31": "$3,786", "2019-09-30": "$5,366", "2019-06-30": "$5,189", "2019-03-31": "$5,133", "2018-12-31": "$5,450", "2018-09-30": "$5,302", "2018-06-30": "$5,446", "2018-03-31": "$5,557", "2017-12-31": "$5,638", "2017-09-30": "$5,932", "2017-06-30": "$5,937", "2017-03-31": "$5,874", "2016-12-31": "$6,195", "2016-09-30": "$5,661", "2016-06-30": "$5,477", "2016-03-31": "$5,257", "2015-12-31": "$5,531", "2015-09-30": "$5,512", "2015-06-30": "$5,589", "2015-03-31": "$5,650", "2014-12-31": "$5,786", "2014-09-30": "$5,820", "2014-06-30": "$6,072", "2014-03-31": "$6,012", "2013-12-31": "$5,986", "2013-09-30": "$5,959", "2013-06-30": "$5,987", "2013-03-31": "$6,091", "2012-12-31": "$6,100", "2012-09-30": "$5,799", "2012-06-30": "$4,818", "2012-03-31": "$4,707", "2011-12-31": "$4,608", "2011-09-30": "$4,095", "2011-06-30": "$4,050", "2011-03-31": "$3,861", "2010-12-31": "$3,789", "2010-09-30": "$3,770", "2010-06-30": "$3,631", "2010-03-31": "$3,627", "2009-12-31": "$3,584", "2009-09-30": "$3,499", "2009-06-30": "$3,306", "2009-03-31": "$3,181", "2008-12-31": "$3,032", "2008-09-30": "$2,846", "2008-06-30": "$2,706", "2008-03-31": "$2,447", "2007-12-31": "$2,429", "2007-09-30": "$2,173", "2007-06-30": "$1,556", "2007-03-31": "$1,274", "2006-12-31": "$1,269", "2006-09-30": "$1,235", "2006-06-30": "$1,223", "2006-03-31": "$1,267", "2005-12-31": "$736", "2005-09-30": "$757", "2005-06-30": "$463", "2005-03-31": "$453"}}, "cash-on-hand": {"Nuance Communications Annual Cash on Hand (Millions of US $)": {"2020": "$372", "2019": "$748", "2018": "$452", "2017": "$844", "2016": "$580", "2015": "$537", "2014": "$588", "2013": "$847", "2012": "$1,130", "2011": "$485", "2010": "$546", "2009": "$527", "2008": "$262", "2007": "$187", "2006": "$112", "2005": "$96"}, "Nuance Communications Quarterly Cash on Hand (Millions of US $)": {"2020-09-30": "$372", "2020-06-30": "$310", "2020-03-31": "$521", "2019-12-31": "$503", "2019-09-30": "$748", "2019-06-30": "$673", "2019-03-31": "$621", "2018-12-31": "$431", "2018-09-30": "$452", "2018-06-30": "$485", "2018-03-31": "$622", "2017-12-31": "$511", "2017-09-30": "$844", "2017-06-30": "$869", "2017-03-31": "$786", "2016-12-31": "$1,095", "2016-09-30": "$580", "2016-06-30": "$597", "2016-03-31": "$310", "2015-12-31": "$566", "2015-09-30": "$537", "2015-06-30": "$452", "2015-03-31": "$538", "2014-12-31": "$579", "2014-09-30": "$588", "2014-06-30": "$888", "2014-03-31": "$810", "2013-12-31": "$775", "2013-09-30": "$847", "2013-06-30": "$873", "2013-03-31": "$1,005", "2012-12-31": "$961", "2012-09-30": "$1,130", "2012-06-30": "$540", "2012-03-31": "$977", "2011-12-31": "$884", "2011-09-30": "$485", "2011-06-30": "$491", "2011-03-31": "$675", "2010-12-31": "$566", "2010-09-30": "$546", "2010-06-30": "$514", "2010-03-31": "$462", "2009-12-31": "$427", "2009-09-30": "$527", "2009-06-30": "$419", "2009-03-31": "$421", "2008-12-31": "$239", "2008-09-30": "$262", "2008-06-30": "$266", "2008-03-31": "$354", "2007-12-31": "$324", "2007-09-30": "$187", "2007-06-30": "$176", "2007-03-31": "$89", "2006-12-31": "$130", "2006-09-30": "$112", "2006-06-30": "$83", "2006-03-31": "$71", "2005-12-31": "$71", "2005-09-30": "$96", "2005-06-30": "$26", "2005-03-31": "$29"}}, "long-term-debt": {"Nuance Communications Annual Long Term Debt (Millions of US $)": {"2020": "$1,104", "2019": "$794", "2018": "$2,185", "2017": "$2,241", "2016": "$2,433", "2015": "$2,103", "2014": "$2,127", "2013": "$2,108", "2012": "$1,754", "2011": "$853", "2010": "$851", "2009": "$849", "2008": "$894", "2007": "$900", "2006": "$350", "2005": "$0"}, "Nuance Communications Quarterly Long Term Debt (Millions of US $)": {"2020-09-30": "$1,104", "2020-06-30": "$1,525", "2020-03-31": "$1,513", "2019-12-31": "$1,651", "2019-09-30": "$794", "2019-06-30": "$1,924", "2019-03-31": "$1,911", "2018-12-31": "$2,198", "2018-09-30": "$2,185", "2018-06-30": "$2,324", "2018-03-31": "$2,311", "2017-12-31": "$2,300", "2017-09-30": "$2,241", "2017-06-30": "$2,229", "2017-03-31": "$2,218", "2016-12-31": "$1,961", "2016-09-30": "$2,433", "2016-06-30": "$2,443", "2016-03-31": "$2,132", "2015-12-31": "$2,120", "2015-09-30": "$2,103", "2015-06-30": "$2,114", "2015-03-31": "$2,138", "2014-12-31": "$2,133", "2014-09-30": "$2,127", "2014-06-30": "$2,122", "2014-03-31": "$2,118", "2013-12-31": "$2,113", "2013-09-30": "$2,108", "2013-06-30": "$2,344", "2013-03-31": "$2,337", "2012-12-31": "$2,330", "2012-09-30": "$1,754", "2012-06-30": "$1,261", "2012-03-31": "$1,050", "2011-12-31": "$1,192", "2011-09-30": "$853", "2011-06-30": "$852", "2011-03-31": "$852", "2010-12-31": "$851", "2010-09-30": "$851", "2010-06-30": "$850", "2010-03-31": "$870", "2009-12-31": "$849", "2009-09-30": "$849", "2009-06-30": "$890", "2009-03-31": "$919", "2008-12-31": "$893", "2008-09-30": "$894", "2008-06-30": "$896", "2008-03-31": "$897", "2007-12-31": "$899", "2007-09-30": "$900", "2007-06-30": "$436", "2007-03-31": "$349", "2006-12-31": "$349", "2006-09-30": "$350", "2006-06-30": "$351", "2006-03-31": "$352", "2005-12-31": "$0", "2005-09-30": "$0", "2005-06-30": "$0", "2005-03-31": "$0"}}, "total-liabilities": {"Nuance Communications Annual Total Liabilities (Millions of US $)": {"2020": "$2,449", "2019": "$3,193", "2018": "$3,585", "2017": "$4,001", "2016": "$3,730", "2015": "$3,247", "2014": "$3,238", "2013": "$3,321", "2012": "$3,071", "2011": "$1,602", "2010": "$1,473", "2009": "$1,456", "2008": "$1,421", "2007": "$1,295", "2006": "$658", "2005": "$243"}, "Nuance Communications Quarterly Total Liabilities (Millions of US $)": {"2020-09-30": "$2,449", "2020-06-30": "$2,396", "2020-03-31": "$2,641", "2019-12-31": "$2,545", "2019-09-30": "$3,193", "2019-06-30": "$3,146", "2019-03-31": "$3,088", "2018-12-31": "$3,508", "2018-09-30": "$3,585", "2018-06-30": "$3,688", "2018-03-31": "$3,663", "2017-12-31": "$3,612", "2017-09-30": "$4,001", "2017-06-30": "$3,983", "2017-03-31": "$3,925", "2016-12-31": "$4,269", "2016-09-30": "$3,730", "2016-06-30": "$3,683", "2016-03-31": "$3,462", "2015-12-31": "$3,263", "2015-09-30": "$3,247", "2015-06-30": "$3,262", "2015-03-31": "$3,248", "2014-12-31": "$3,230", "2014-09-30": "$3,238", "2014-06-30": "$3,478", "2014-03-31": "$3,413", "2013-12-31": "$3,377", "2013-09-30": "$3,321", "2013-06-30": "$3,331", "2013-03-31": "$3,322", "2012-12-31": "$3,318", "2012-09-30": "$3,071", "2012-06-30": "$2,209", "2012-03-31": "$2,203", "2011-12-31": "$2,167", "2011-09-30": "$1,602", "2011-06-30": "$1,587", "2011-03-31": "$1,486", "2010-12-31": "$1,473", "2010-09-30": "$1,473", "2010-06-30": "$1,436", "2010-03-31": "$1,464", "2009-12-31": "$1,463", "2009-09-30": "$1,456", "2009-06-30": "$1,430", "2009-03-31": "$1,407", "2008-12-31": "$1,460", "2008-09-30": "$1,421", "2008-06-30": "$1,325", "2008-03-31": "$1,319", "2007-12-31": "$1,314", "2007-09-30": "$1,295", "2007-06-30": "$807", "2007-03-31": "$659", "2006-12-31": "$671", "2006-09-30": "$658", "2006-06-30": "$651", "2006-03-31": "$698", "2005-12-31": "$212", "2005-09-30": "$243", "2005-06-30": "$133", "2005-03-31": "$144"}}, "total-share-holder-equity": {"Nuance Communications Annual Share Holder Equity (Millions of US $)": {"2020": "$1,144", "2019": "$2,173", "2018": "$1,717", "2017": "$1,931", "2016": "$1,931", "2015": "$2,265", "2014": "$2,582", "2013": "$2,638", "2012": "$2,728", "2011": "$2,493", "2010": "$2,297", "2009": "$2,043", "2008": "$1,425", "2007": "$878", "2006": "$577", "2005": "$515"}, "Nuance Communications Quarterly Share Holder Equity (Millions of US $)": {"2020-09-30": "$1,144", "2020-06-30": "$1,150", "2020-03-31": "$1,116", "2019-12-31": "$1,241", "2019-09-30": "$2,173", "2019-06-30": "$2,043", "2019-03-31": "$2,045", "2018-12-31": "$1,942", "2018-09-30": "$1,717", "2018-06-30": "$1,758", "2018-03-31": "$1,894", "2017-12-31": "$2,025", "2017-09-30": "$1,931", "2017-06-30": "$1,955", "2017-03-31": "$1,950", "2016-12-31": "$1,926", "2016-09-30": "$1,931", "2016-06-30": "$1,794", "2016-03-31": "$1,795", "2015-12-31": "$2,268", "2015-09-30": "$2,265", "2015-06-30": "$2,327", "2015-03-31": "$2,402", "2014-12-31": "$2,556", "2014-09-30": "$2,582", "2014-06-30": "$2,594", "2014-03-31": "$2,599", "2013-12-31": "$2,609", "2013-09-30": "$2,638", "2013-06-30": "$2,655", "2013-03-31": "$2,769", "2012-12-31": "$2,782", "2012-09-30": "$2,728", "2012-06-30": "$2,608", "2012-03-31": "$2,505", "2011-12-31": "$2,441", "2011-09-30": "$2,493", "2011-06-30": "$2,463", "2011-03-31": "$2,376", "2010-12-31": "$2,316", "2010-09-30": "$2,297", "2010-06-30": "$2,195", "2010-03-31": "$2,162", "2009-12-31": "$2,122", "2009-09-30": "$2,043", "2009-06-30": "$1,877", "2009-03-31": "$1,774", "2008-12-31": "$1,572", "2008-09-30": "$1,425", "2008-06-30": "$1,381", "2008-03-31": "$1,127", "2007-12-31": "$1,115", "2007-09-30": "$878", "2007-06-30": "$750", "2007-03-31": "$615", "2006-12-31": "$598", "2006-09-30": "$577", "2006-06-30": "$572", "2006-03-31": "$569", "2005-12-31": "$524", "2005-09-30": "$515", "2005-06-30": "$330", "2005-03-31": "$309"}}, "profit-margins": {"current": "1.89%"}, "gross margin": {"2020-09-30": "56.83%", "2020-06-30": "56.77%", "2020-03-31": "56.12%", "2019-12-31": "55.00%", "2019-09-30": "55.06%", "2019-06-30": "52.80%", "2019-03-31": "53.08%", "2018-12-31": "53.31%", "2018-09-30": "52.58%", "2018-06-30": "51.27%", "2018-03-31": "51.45%", "2017-12-31": "52.61%", "2017-09-30": "53.44%", "2017-06-30": "56.92%", "2017-03-31": "57.15%", "2016-12-31": "57.10%", "2016-09-30": "57.47%", "2016-06-30": "57.37%", "2016-03-31": "57.58%", "2015-12-31": "57.64%", "2015-09-30": "57.12%", "2015-06-30": "57.23%", "2015-03-31": "56.51%", "2014-12-31": "56.12%", "2014-09-30": "56.13%", "2014-06-30": "55.97%", "2014-03-31": "57.04%", "2013-12-31": "57.54%", "2013-09-30": "58.76%", "2013-06-30": "60.10%", "2013-03-31": "61.25%", "2012-12-31": "62.81%", "2012-09-30": "63.38%", "2012-06-30": "63.23%", "2012-03-31": "63.17%", "2011-12-31": "62.35%", "2011-09-30": "62.09%", "2011-06-30": "62.44%", "2011-03-31": "62.27%", "2010-12-31": "62.59%", "2010-09-30": "63.27%", "2010-06-30": "63.15%", "2010-03-31": "62.79%", "2009-12-31": "62.75%", "2009-09-30": "62.21%", "2009-06-30": "62.98%", "2009-03-31": "63.65%", "2008-12-31": "63.15%", "2008-09-30": "63.71%", "2008-06-30": "63.27%", "2008-03-31": "63.95%", "2007-12-31": "65.96%", "2007-09-30": "67.28%", "2007-06-30": "67.45%", "2007-03-31": "67.59%", "2006-12-31": "68.61%", "2006-09-30": "68.89%", "2006-06-30": "70.28%", "2006-03-31": "71.54%", "2005-12-31": "70.56%"}, "operating margin": {"2020-09-30": "7.58%", "2020-06-30": "8.59%", "2020-03-31": "8.96%", "2019-12-31": "7.37%", "2019-09-30": "7.03%", "2019-06-30": "0.07%", "2019-03-31": "-0.64%", "2018-12-31": "-9.09%", "2018-09-30": "-11.74%", "2018-06-30": "-10.02%", "2018-03-31": "-10.22%", "2017-12-31": "-0.24%", "2017-09-30": "0.98%", "2017-06-30": "5.81%", "2017-03-31": "6.59%", "2016-12-31": "6.71%", "2016-09-30": "7.13%", "2016-06-30": "6.32%", "2016-03-31": "5.55%", "2015-12-31": "5.20%", "2015-09-30": "2.80%", "2015-06-30": "1.81%", "2015-03-31": "0.26%", "2014-12-31": "-1.04%", "2014-09-30": "-1.09%", "2014-06-30": "-1.43%", "2014-03-31": "0.79%", "2013-12-31": "1.40%", "2013-09-30": "2.59%", "2013-06-30": "4.91%", "2013-03-31": "5.62%", "2012-12-31": "6.90%", "2012-09-30": "7.63%", "2012-06-30": "5.61%", "2012-03-31": "5.25%", "2011-12-31": "4.00%", "2011-09-30": "3.94%", "2011-06-30": "5.94%", "2011-03-31": "4.48%", "2010-12-31": "3.28%", "2010-09-30": "3.04%", "2010-06-30": "3.26%", "2010-03-31": "4.52%", "2009-12-31": "6.83%", "2009-09-30": "6.00%", "2009-06-30": "6.06%", "2009-03-31": "5.57%", "2008-12-31": "2.47%", "2008-09-30": "3.69%", "2008-06-30": "1.13%", "2008-03-31": "1.36%", "2007-12-31": "4.52%", "2007-09-30": "6.48%", "2007-06-30": "6.73%", "2007-03-31": "5.34%", "2006-12-31": "5.16%", "2006-09-30": "2.31%", "2006-06-30": "-0.31%", "2006-03-31": "-1.12%", "2005-12-31": "-2.42%"}, "ebitda margin": {"2020-09-30": "15.56%", "2020-06-30": "16.19%", "2020-03-31": "16.56%", "2019-12-31": "15.46%", "2019-09-30": "15.51%", "2019-06-30": "11.05%", "2019-03-31": "10.99%", "2018-12-31": "11.36%", "2018-09-30": "9.13%", "2018-06-30": "9.03%", "2018-03-31": "9.07%", "2017-12-31": "11.20%", "2017-09-30": "12.78%", "2017-06-30": "17.63%", "2017-03-31": "18.36%", "2016-12-31": "18.55%", "2016-09-30": "18.98%", "2016-06-30": "18.13%", "2016-03-31": "17.41%", "2015-12-31": "17.09%", "2015-09-30": "14.76%", "2015-06-30": "13.74%", "2015-03-31": "12.09%", "2014-12-31": "10.63%", "2014-09-30": "10.45%", "2014-06-30": "10.08%", "2014-03-31": "12.18%", "2013-12-31": "12.88%", "2013-09-30": "13.91%", "2013-06-30": "15.93%", "2013-03-31": "16.70%", "2012-12-31": "17.86%", "2012-09-30": "18.95%", "2012-06-30": "17.61%", "2012-03-31": "17.48%", "2011-12-31": "16.72%", "2011-09-30": "16.98%", "2011-06-30": "19.10%", "2011-03-31": "17.99%", "2010-12-31": "17.07%", "2010-09-30": "16.89%", "2010-06-30": "17.44%", "2010-03-31": "18.85%", "2009-12-31": "21.18%", "2009-09-30": "20.21%", "2009-06-30": "19.57%", "2009-03-31": "18.12%", "2008-12-31": "14.61%", "2008-09-30": "15.09%", "2008-06-30": "11.95%", "2008-03-31": "11.70%", "2007-12-31": "13.70%", "2007-09-30": "14.95%", "2007-06-30": "15.64%", "2007-03-31": "14.62%", "2006-12-31": "14.57%", "2006-09-30": "11.83%", "2006-06-30": "8.36%", "2006-03-31": "6.74%", "2005-12-31": "5.24%"}, "pre tax profit margin": {"2020-09-30": "0.61%", "2020-06-30": "1.45%", "2020-03-31": "2.06%", "2019-12-31": "0.13%", "2019-09-30": "0.00%", "2019-06-30": "-8.14%", "2019-03-31": "-9.21%", "2018-12-31": "-17.27%", "2018-09-30": "-20.04%", "2018-06-30": "-18.49%", "2018-03-31": "-18.92%", "2017-12-31": "-10.25%", "2017-09-30": "-8.96%", "2017-06-30": "-2.83%", "2017-03-31": "-1.77%", "2016-12-31": "-0.41%", "2016-09-30": "0.10%", "2016-06-30": "-0.31%", "2016-03-31": "-1.80%", "2015-12-31": "-2.06%", "2015-09-30": "-4.19%", "2015-06-30": "-5.34%", "2015-03-31": "-6.07%", "2014-12-31": "-7.62%", "2014-09-30": "-8.00%", "2014-06-30": "-8.71%", "2014-03-31": "-6.67%", "2013-12-31": "-6.33%", "2013-09-30": "-5.23%", "2013-06-30": "-2.27%", "2013-03-31": "-0.17%", "2012-12-31": "1.94%", "2012-09-30": "3.93%", "2012-06-30": "2.90%", "2012-03-31": "2.21%", "2011-12-31": "1.74%", "2011-09-30": "2.27%", "2011-06-30": "3.49%", "2011-03-31": "2.16%", "2010-12-31": "0.78%", "2010-09-30": "-0.09%", "2010-06-30": "1.03%", "2010-03-31": "1.44%", "2009-12-31": "3.21%", "2009-09-30": "2.21%", "2009-06-30": "0.85%", "2009-03-31": "0.33%", "2008-12-31": "-3.03%", "2008-09-30": "-2.65%", "2008-06-30": "-4.91%", "2008-03-31": "-4.49%", "2007-12-31": "-1.20%", "2007-09-30": "1.33%", "2007-06-30": "1.45%", "2007-03-31": "-0.40%", "2006-12-31": "0.00%", "2006-09-30": "-1.80%", "2006-06-30": "-2.79%", "2006-03-31": "-1.12%", "2005-12-31": "-2.02%"}, "net profit margin": {"2020-09-30": "1.49%", "2020-06-30": "10.58%", "2020-03-31": "9.79%", "2019-12-31": "15.99%", "2019-09-30": "13.99%", "2019-06-30": "5.23%", "2019-03-31": "3.33%", "2018-12-31": "-12.60%", "2018-09-30": "-10.21%", "2018-06-30": "-11.75%", "2018-03-31": "-12.33%", "2017-12-31": "-4.38%", "2017-09-30": "-8.73%", "2017-06-30": "-3.43%", "2017-03-31": "-2.64%", "2016-12-31": "-1.28%", "2016-09-30": "-0.67%", "2016-06-30": "-2.16%", "2016-03-31": "-3.54%", "2015-12-31": "-3.91%", "2015-09-30": "-5.90%", "2015-06-30": "-5.39%", "2015-03-31": "-6.18%", "2014-12-31": "-7.47%", "2014-09-30": "-7.74%", "2014-06-30": "-9.50%", "2014-03-31": "-8.53%", "2013-12-31": "-7.94%", "2013-09-30": "-6.20%", "2013-06-30": "1.78%", "2013-03-31": "8.05%", "2012-12-31": "9.87%", "2012-09-30": "12.35%", "2012-06-30": "5.35%", "2012-03-31": "3.18%", "2011-12-31": "3.42%", "2011-09-30": "2.88%", "2011-06-30": "3.57%", "2011-03-31": "0.17%", "2010-12-31": "-1.29%", "2010-09-30": "-1.70%", "2010-06-30": "-1.59%", "2010-03-31": "-1.73%", "2009-12-31": "0.20%", "2009-09-30": "-2.11%", "2009-06-30": "-0.96%", "2009-03-31": "-1.75%", "2008-12-31": "-5.39%", "2008-09-30": "-4.26%", "2008-06-30": "-6.92%", "2008-03-31": "-7.21%", "2007-12-31": "-4.22%", "2007-09-30": "-2.33%", "2007-06-30": "-3.27%", "2007-03-31": "-3.75%", "2006-12-31": "-4.04%", "2006-09-30": "-5.66%", "2006-06-30": "-7.12%", "2006-03-31": "-5.24%", "2005-12-31": "-5.65%"}, "pe ratio": {"current": "111.96", "2021-02-05": "503.80", "2020-09-30": "331.90", "2020-06-30": "46.01", "2020-03-31": "31.66", "2019-12-31": "20.98", "2019-09-30": "18.78", "2019-06-30": "53.04", "2019-03-31": "85.99", "2018-12-31": "0.00", "2018-09-30": "0.00", "2018-06-30": "0.00", "2018-03-31": "0.00", "2017-12-31": "0.00", "2017-09-30": "0.00", "2017-06-30": "0.00", "2017-03-31": "0.00", "2016-12-31": "0.00", "2016-09-30": "0.00", "2016-06-30": "0.00", "2016-03-31": "0.00", "2015-12-31": "0.00", "2015-09-30": "0.00", "2015-06-30": "0.00", "2015-03-31": "0.00", "2014-12-31": "0.00", "2014-09-30": "0.00", "2014-06-30": "0.00", "2014-03-31": "0.00", "2013-12-31": "0.00", "2013-09-30": "0.00", "2013-06-30": "158.88", "2013-03-31": "37.88", "2012-12-31": "35.69", "2012-09-30": "33.58", "2012-06-30": "79.11", "2012-03-31": "157.77", "2011-12-31": "144.83", "2011-09-30": "146.36", "2011-06-30": "123.59", "2011-03-31": "1688.09", "2010-12-31": "0.00", "2010-09-30": "0.00", "2010-06-30": "0.00", "2010-03-31": "0.00", "2009-12-31": "446.99", "2009-09-30": "0.00", "2009-06-30": "522.40", "2009-03-31": "0.00", "2008-12-31": "0.00", "2008-09-30": "0.00", "2008-06-30": "0.00", "2008-03-31": "0.00", "2007-12-31": "0.00", "2007-09-30": "0.00", "2007-06-30": "0.00", "2007-03-31": "0.00", "2006-12-31": "0.00"}, "price sales": {"2021-02-05": "9.81", "2020-09-30": "6.46", "2020-06-30": "4.79", "2020-03-31": "3.09", "2019-12-31": "3.37", "2019-09-30": "2.66", "2019-06-30": "2.97", "2019-03-31": "3.01", "2018-12-31": "2.17", "2018-09-30": "2.80", "2018-06-30": "2.18", "2018-03-31": "2.40", "2017-12-31": "2.44", "2017-09-30": "2.27", "2017-06-30": "2.20", "2017-03-31": "2.18", "2016-12-31": "1.91", "2016-09-30": "1.89", "2016-06-30": "2.08", "2016-03-31": "2.56", "2015-12-31": "2.78", "2015-09-30": "2.33", "2015-06-30": "2.50", "2015-03-31": "2.06", "2014-12-31": "2.03", "2014-09-30": "2.19", "2014-06-30": "2.70", "2014-03-31": "2.47", "2013-12-31": "2.22", "2013-09-30": "2.73", "2013-06-30": "2.71", "2013-03-31": "3.05", "2012-12-31": "3.51", "2012-09-30": "4.18", "2012-06-30": "4.25", "2012-03-31": "4.87", "2011-12-31": "5.01", "2011-09-30": "4.15", "2011-06-30": "4.47", "2011-03-31": "4.17", "2010-12-31": "3.93", "2010-09-30": "3.45", "2010-06-30": "3.33", "2010-03-31": "3.72", "2009-12-31": "3.57", "2009-09-30": "3.46", "2009-06-30": "2.68", "2009-03-31": "2.35", "2008-12-31": "2.17", "2008-09-30": "2.50", "2008-06-30": "3.36", "2008-03-31": "3.88", "2007-12-31": "4.41", "2007-09-30": "4.84", "2007-06-30": "4.51", "2007-03-31": "4.39", "2006-12-31": "3.69"}, "price book": {"current": "12.43", "2021-02-05": "12.46", "2020-09-30": "8.21", "2020-06-30": "6.19", "2020-03-31": "4.23", "2019-12-31": "4.08", "2019-09-30": "1.85", "2019-06-30": "1.92", "2019-03-31": "2.05", "2018-12-31": "1.68", "2018-09-30": "2.51", "2018-06-30": "1.96", "2018-03-31": "2.12", "2017-12-31": "2.05", "2017-09-30": "2.04", "2017-06-30": "2.22", "2017-03-31": "2.20", "2016-12-31": "1.95", "2016-09-30": "1.86", "2016-06-30": "2.10", "2016-03-31": "2.51", "2015-12-31": "2.31", "2015-09-30": "1.93", "2015-06-30": "2.02", "2015-03-31": "1.64", "2014-12-31": "1.57", "2014-09-30": "1.65", "2014-06-30": "1.99", "2014-03-31": "1.82", "2013-12-31": "1.60", "2013-09-30": "1.93", "2013-06-30": "1.87", "2013-03-31": "2.00", "2012-12-31": "2.19", "2012-09-30": "2.46", "2012-06-30": "2.42", "2012-03-31": "2.70", "2011-12-31": "2.71", "2011-09-30": "2.17", "2011-06-30": "2.29", "2011-03-31": "2.15", "2010-12-31": "2.03", "2010-09-30": "1.75", "2010-06-30": "1.73", "2010-03-31": "1.91", "2009-12-31": "1.79", "2009-09-30": "1.75", "2009-06-30": "1.49", "2009-03-31": "1.38", "2008-12-31": "1.38", "2008-09-30": "1.69", "2008-06-30": "2.23", "2008-03-31": "2.81", "2007-12-31": "3.01", "2007-09-30": "3.67", "2007-06-30": "3.55", "2007-03-31": "3.76", "2006-12-31": "2.85", "2006-09-30": "2.08", "2006-06-30": "2.56", "2006-03-31": "3.01"}, "price fcf": {"2021-02-05": "", "2020-09-30": "$0.66", "2020-06-30": "$0.77", "2020-03-31": "$1.01", "2019-12-31": "$1.08", "2019-09-30": "$1.25", "2019-06-30": "$1.41", "2019-03-31": "$1.41", "2018-12-31": "$1.41", "2018-09-30": "$1.36", "2018-06-30": "$0.76", "2018-03-31": "$0.88", "2017-12-31": "$0.95", "2017-09-30": "$1.10", "2017-06-30": "$1.58", "2017-03-31": "$1.64", "2016-12-31": "$1.75", "2016-09-30": "$1.75", "2016-06-30": "$1.81", "2016-03-31": "$1.68", "2015-12-31": "$1.50", "2015-09-30": "$1.35", "2015-06-30": "$1.16", "2015-03-31": "$1.07", "2014-12-31": "$0.98", "2014-09-30": "$0.94", "2014-06-30": "$0.95", "2014-03-31": "$0.94", "2013-12-31": "$0.94", "2013-09-30": "$1.08", "2013-06-30": "$1.23", "2013-03-31": "$1.40", "2012-12-31": "$1.42", "2012-09-30": "$1.28", "2012-06-30": "$1.15", "2012-03-31": "$1.04", "2011-12-31": "$1.04", "2011-09-30": "$1.02", "2011-06-30": "$1.10", "2011-03-31": "$1.00", "2010-12-31": "$0.90", "2010-09-30": "$0.94", "2010-06-30": "$0.87", "2010-03-31": "$0.90", "2009-12-31": "$0.86", "2009-09-30": "$0.94", "2009-06-30": "$0.95", "2009-03-31": "$0.93", "2008-12-31": "$0.96", "2008-09-30": "$0.85", "2008-06-30": "$0.62", "2008-03-31": "$0.57", "2007-12-31": "$0.59", "2007-09-30": "$0.53", "2007-06-30": "$0.63", "2007-03-31": "$0.59", "2006-12-31": "$0.46"}, "net worth": {"value": "$14.35B"}, "current ratio": {"current": "0.75", "2020-09-30": "0.75", "2020-06-30": "1.28", "2020-03-31": "1.16", "2019-12-31": "1.70", "2019-09-30": "0.68", "2019-06-30": "1.77", "2019-03-31": "1.79", "2018-12-31": "1.95", "2018-09-30": "1.22", "2018-06-30": "1.35", "2018-03-31": "1.54", "2017-12-31": "1.46", "2017-09-30": "1.20", "2017-06-30": "1.20", "2017-03-31": "1.17", "2016-12-31": "0.93", "2016-09-30": "1.50", "2016-06-30": "1.56", "2016-03-31": "0.99", "2015-12-31": "1.72", "2015-09-30": "1.58", "2015-06-30": "1.61", "2015-03-31": "1.82", "2014-12-31": "1.92", "2014-09-30": "1.81", "2014-06-30": "1.68", "2014-03-31": "1.67", "2013-12-31": "1.63", "2013-09-30": "1.75", "2013-06-30": "2.42", "2013-03-31": "2.76", "2012-12-31": "2.65", "2012-09-30": "1.76", "2012-06-30": "1.42", "2012-03-31": "1.57", "2011-12-31": "1.90", "2011-09-30": "1.80", "2011-06-30": "1.76", "2011-03-31": "2.42", "2010-12-31": "2.23", "2010-09-30": "2.20", "2010-06-30": "2.18", "2010-03-31": "1.90", "2009-12-31": "1.71", "2009-09-30": "1.90", "2009-06-30": "1.78", "2009-03-31": "1.74", "2008-12-31": "1.14", "2008-09-30": "1.35", "2008-06-30": "1.60", "2008-03-31": "1.87", "2007-12-31": "1.84", "2007-09-30": "1.64", "2007-06-30": "1.50", "2007-03-31": "1.15", "2006-12-31": "1.30", "2006-09-30": "1.24", "2006-06-30": "1.18", "2006-03-31": "1.16", "2005-12-31": "1.18", "2005-09-30": "1.08", "2005-06-30": "0.84", "2005-03-31": "0.73"}, "quick ratio": {"2020-09-30": "0.00", "2020-06-30": "0.00", "2020-03-31": "0.00", "2019-12-31": "0.00", "2019-09-30": "0.00", "2019-06-30": "0.00", "2019-03-31": "0.00", "2018-12-31": "0.00", "2018-09-30": "0.00", "2018-06-30": "0.00", "2018-03-31": "0.00", "2017-12-31": "0.00", "2017-09-30": "0.00", "2017-06-30": "0.00", "2017-03-31": "0.00", "2016-12-31": "0.00", "2016-09-30": "0.00", "2016-06-30": "0.00", "2016-03-31": "0.00", "2015-12-31": "0.00", "2015-09-30": "0.00", "2015-06-30": "0.00", "2015-03-31": "0.00", "2014-12-31": "0.00", "2014-09-30": "0.00", "2014-06-30": "0.00", "2014-03-31": "0.00", "2013-12-31": "0.00", "2013-09-30": "0.00", "2013-06-30": "0.00", "2013-03-31": "0.00", "2012-12-31": "0.00", "2012-09-30": "0.00", "2012-06-30": "0.00", "2012-03-31": "0.00", "2011-12-31": "0.00", "2011-09-30": "0.00", "2011-06-30": "0.00", "2011-03-31": "0.00", "2010-12-31": "0.00", "2010-09-30": "0.00", "2010-06-30": "2.16", "2010-03-31": "1.88", "2009-12-31": "1.69", "2009-09-30": "0.00", "2009-06-30": "1.75", "2009-03-31": "1.71", "2008-12-31": "1.12", "2008-09-30": "1.33", "2008-06-30": "1.58", "2008-03-31": "1.85", "2007-12-31": "1.82", "2007-09-30": "1.61", "2007-06-30": "1.46", "2007-03-31": "1.11", "2006-12-31": "1.26", "2006-09-30": "1.21", "2006-06-30": "1.15", "2006-03-31": "1.14", "2005-12-31": "1.18", "2005-09-30": "1.07", "2005-06-30": "0.84", "2005-03-31": "0.73"}, "debt equity ratio": {"current": "0.97", "2020-09-30": "2.14", "2020-06-30": "2.08", "2020-03-31": "2.37", "2019-12-31": "2.05", "2019-09-30": "1.47", "2019-06-30": "1.54", "2019-03-31": "1.51", "2018-12-31": "1.81", "2018-09-30": "2.09", "2018-06-30": "2.10", "2018-03-31": "1.93", "2017-12-31": "1.78", "2017-09-30": "2.07", "2017-06-30": "2.04", "2017-03-31": "2.01", "2016-12-31": "2.22", "2016-09-30": "1.93", "2016-06-30": "2.05", "2016-03-31": "1.93", "2015-12-31": "1.44", "2015-09-30": "1.43", "2015-06-30": "1.40", "2015-03-31": "1.35", "2014-12-31": "1.26", "2014-09-30": "1.25", "2014-06-30": "1.34", "2014-03-31": "1.31", "2013-12-31": "1.30", "2013-09-30": "1.26", "2013-06-30": "1.26", "2013-03-31": "1.20", "2012-12-31": "1.19", "2012-09-30": "1.13", "2012-06-30": "0.85", "2012-03-31": "0.88", "2011-12-31": "0.89", "2011-09-30": "0.64", "2011-06-30": "0.65", "2011-03-31": "0.63", "2010-12-31": "0.64", "2010-09-30": "0.64", "2010-06-30": "0.65", "2010-03-31": "0.68", "2009-12-31": "0.69", "2009-09-30": "0.71", "2009-06-30": "0.76", "2009-03-31": "0.79", "2008-12-31": "0.93", "2008-09-30": "1.00", "2008-06-30": "0.96", "2008-03-31": "1.17", "2007-12-31": "1.18", "2007-09-30": "1.47", "2007-06-30": "1.08", "2007-03-31": "1.07", "2006-12-31": "1.12", "2006-09-30": "1.14", "2006-06-30": "1.14", "2006-03-31": "1.23", "2005-12-31": "0.40", "2005-09-30": "0.47", "2005-06-30": "0.40", "2005-03-31": "0.47"}, "return on equity": {"2020-09-30": "1.89%", "2020-06-30": "11.27%", "2020-03-31": "9.25%", "2019-12-31": "12.96%", "2019-09-30": "10.39%", "2019-06-30": "3.61%", "2019-03-31": "2.52%", "2018-12-31": "-10.61%", "2018-09-30": "-8.66%", "2018-06-30": "-9.99%", "2018-03-31": "-10.45%", "2017-12-31": "-3.77%", "2017-09-30": "-7.78%", "2017-06-30": "-3.50%", "2017-03-31": "-2.74%", "2016-12-31": "-1.34%", "2016-09-30": "-0.67%", "2016-06-30": "-2.07%", "2016-03-31": "-3.19%", "2015-12-31": "-3.28%", "2015-09-30": "-4.77%", "2015-06-30": "-4.22%", "2015-03-31": "-4.70%", "2014-12-31": "-5.58%", "2014-09-30": "-5.74%", "2014-06-30": "-6.90%", "2014-03-31": "-6.13%", "2013-12-31": "-5.55%", "2013-09-30": "-4.24%", "2013-06-30": "1.21%", "2013-03-31": "5.36%", "2012-12-31": "6.51%", "2012-09-30": "7.94%", "2012-06-30": "3.30%", "2012-03-31": "1.86%", "2011-12-31": "1.92%", "2011-09-30": "1.58%", "2011-06-30": "1.90%", "2011-03-31": "0.09%", "2010-12-31": "-0.67%", "2010-09-30": "-0.87%", "2010-06-30": "-0.80%", "2010-03-31": "-0.88%", "2009-12-31": "0.10%", "2009-09-30": "-1.10%", "2009-06-30": "-0.54%", "2009-03-31": "-1.04%", "2008-12-31": "-3.49%", "2008-09-30": "-2.93%", "2008-06-30": "-4.89%", "2008-03-31": "-5.48%", "2007-12-31": "-3.34%", "2007-09-30": "-1.97%", "2007-06-30": "-2.83%", "2007-03-31": "-3.22%", "2006-12-31": "-3.11%", "2006-09-30": "-3.93%", "2006-06-30": "-4.22%", "2006-03-31": "-2.89%", "2005-12-31": "-3.34%"}, "return on assets": {"2020-09-30": "0.60%", "2020-06-30": "3.89%", "2020-03-31": "3.36%", "2019-12-31": "4.99%", "2019-09-30": "4.03%", "2019-06-30": "1.33%", "2019-03-31": "0.88%", "2018-12-31": "-3.57%", "2018-09-30": "-2.92%", "2018-06-30": "-3.37%", "2018-03-31": "-3.54%", "2017-12-31": "-1.27%", "2017-09-30": "-2.52%", "2017-06-30": "-1.15%", "2017-03-31": "-0.90%", "2016-12-31": "-0.44%", "2016-09-30": "-0.24%", "2016-06-30": "-0.77%", "2016-03-31": "-1.26%", "2015-12-31": "-1.36%", "2015-09-30": "-2.02%", "2015-06-30": "-1.82%", "2015-03-31": "-2.04%", "2014-12-31": "-2.43%", "2014-09-30": "-2.49%", "2014-06-30": "-3.00%", "2014-03-31": "-2.69%", "2013-12-31": "-2.46%", "2013-09-30": "-1.91%", "2013-06-30": "0.55%", "2013-03-31": "2.56%", "2012-12-31": "3.23%", "2012-09-30": "4.09%", "2012-06-30": "1.82%", "2012-03-31": "1.05%", "2011-12-31": "1.13%", "2011-09-30": "0.96%", "2011-06-30": "1.16%", "2011-03-31": "0.05%", "2010-12-31": "-0.40%", "2010-09-30": "-0.52%", "2010-06-30": "-0.47%", "2010-03-31": "-0.51%", "2009-12-31": "0.06%", "2009-09-30": "-0.61%", "2009-06-30": "-0.29%", "2009-03-31": "-0.54%", "2008-12-31": "-1.74%", "2008-09-30": "-1.42%", "2008-06-30": "-2.26%", "2008-03-31": "-2.46%", "2007-12-31": "-1.51%", "2007-09-30": "-0.89%", "2007-06-30": "-1.35%", "2007-03-31": "-1.52%", "2006-12-31": "-1.44%", "2006-09-30": "-1.97%", "2006-06-30": "-2.31%", "2006-03-31": "-1.74%", "2005-12-31": "-2.32%"}, "return on investments": {"2020-09-30": "4.29%", "2020-06-30": "4.66%", "2020-03-31": "4.46%", "2019-12-31": "3.25%", "2019-09-30": "2.85%", "2019-06-30": "0.03%", "2019-03-31": "-0.22%", "2018-12-31": "-3.43%", "2018-09-30": "-4.46%", "2018-06-30": "-3.86%", "2018-03-31": "-4.00%", "2017-12-31": "-0.09%", "2017-09-30": "0.41%", "2017-06-30": "2.77%", "2017-03-31": "3.12%", "2016-12-31": "3.19%", "2016-09-30": "3.29%", "2016-06-30": "2.91%", "2016-03-31": "2.52%", "2015-12-31": "2.28%", "2015-09-30": "1.20%", "2015-06-30": "0.76%", "2015-03-31": "0.11%", "2014-12-31": "-0.42%", "2014-09-30": "-0.45%", "2014-06-30": "-0.57%", "2014-03-31": "0.31%", "2013-12-31": "0.53%", "2013-09-30": "0.96%", "2013-06-30": "1.85%", "2013-03-31": "2.20%", "2012-12-31": "2.84%", "2012-09-30": "3.24%", "2012-06-30": "2.42%", "2012-03-31": "2.20%", "2011-12-31": "1.63%", "2011-09-30": "1.59%", "2011-06-30": "2.33%", "2011-03-31": "1.72%", "2010-12-31": "1.23%", "2010-09-30": "1.12%", "2010-06-30": "1.17%", "2010-03-31": "1.61%", "2009-12-31": "2.40%", "2009-09-30": "2.11%", "2009-06-30": "2.23%", "2009-03-31": "2.09%", "2008-12-31": "0.97%", "2008-09-30": "1.48%", "2008-06-30": "0.44%", "2008-03-31": "0.57%", "2007-12-31": "2.02%", "2007-09-30": "3.20%", "2007-06-30": "3.68%", "2007-03-31": "2.87%", "2006-12-31": "2.47%", "2006-09-30": "1.09%", "2006-06-30": "-0.14%", "2006-03-31": "-0.52%", "2005-12-31": "-1.43%"}, "return on tangible equity": {"2020-09-30": "-1.82%", "2020-06-30": "-16.46%", "2020-03-31": "-14.32%", "2019-12-31": "-21.24%", "2019-09-30": "-16.60%", "2019-06-30": "-4.08%", "2019-03-31": "-2.46%", "2018-12-31": "9.42%", "2018-09-30": "7.34%", "2018-06-30": "8.38%", "2018-03-31": "9.03%", "2017-12-31": "3.23%", "2017-09-30": "6.49%", "2017-06-30": "2.92%", "2017-03-31": "2.24%", "2016-12-31": "1.08%", "2016-09-30": "0.59%", "2016-06-30": "2.01%", "2016-03-31": "3.45%", "2015-12-31": "4.06%", "2015-09-30": "6.22%", "2015-06-30": "5.80%", "2015-03-31": "6.87%", "2014-12-31": "8.45%", "2014-09-30": "8.75%", "2014-06-30": "10.79%", "2014-03-31": "9.80%", "2013-12-31": "9.40%", "2013-09-30": "7.57%", "2013-06-30": "-2.36%", "2013-03-31": "-11.52%", "2012-12-31": "-16.31%", "2012-09-30": "-23.65%", "2012-06-30": "-11.44%", "2012-03-31": "-7.42%", "2011-12-31": "-8.43%", "2011-09-30": "-7.68%", "2011-06-30": "-9.68%", "2011-03-31": "-0.45%", "2010-12-31": "3.01%", "2010-09-30": "3.48%", "2010-06-30": "2.99%", "2010-03-31": "2.95%", "2009-12-31": "-0.32%", "2009-09-30": "2.87%", "2009-06-30": "1.18%", "2009-03-31": "2.07%", "2008-12-31": "6.34%", "2008-09-30": "5.38%", "2008-06-30": "8.15%", "2008-03-31": "8.91%", "2007-12-31": "5.25%", "2007-09-30": "3.03%", "2007-06-30": "5.05%", "2007-03-31": "5.48%", "2006-12-31": "5.13%", "2006-09-30": "7.99%", "2006-06-30": "11.59%", "2006-03-31": "11.81%", "2005-12-31": "40.88%"}, "dividend yield history": {"last payout": "$0.00", "last yield": "0.00%"}}