{"ticker": "NUE", "price": {"title": "Nucor Historical Annual Stock Price Data", "value": 54.85, "historical": {"2021": {"Average Stock Price": "54.0164", "Year Open": "52.5100", "Year High": "58.1000", "Year Low": "48.7300", "Year Close": "54.8500", "Annual % Change": "3.12%"}, "2020": {"Average Stock Price": "45.2143", "Year Open": "55.1200", "Year High": "57.1100", "Year Low": "28.4200", "Year Close": "53.1900", "Annual % Change": "-5.49%"}, "2019": {"Average Stock Price": "55.0425", "Year Open": "52.2100", "Year High": "62.1000", "Year Low": "46.6100", "Year Close": "56.2800", "Annual % Change": "8.63%"}, "2018": {"Average Stock Price": "63.2749", "Year Open": "66.5200", "Year High": "70.1800", "Year Low": "50.0300", "Year Close": "51.8100", "Annual % Change": "-18.51%"}, "2017": {"Average Stock Price": "58.6777", "Year Open": "59.6100", "Year High": "64.7300", "Year Low": "53.4800", "Year Close": "63.5800", "Annual % Change": "6.82%"}, "2016": {"Average Stock Price": "49.1308", "Year Open": "39.5500", "Year High": "66.7500", "Year Low": "34.8600", "Year Close": "59.5200", "Annual % Change": "47.69%"}, "2015": {"Average Stock Price": "44.6231", "Year Open": "49.0100", "Year High": "49.7700", "Year Low": "37.0000", "Year Close": "40.3000", "Annual % Change": "-17.84%"}, "2014": {"Average Stock Price": "51.5865", "Year Open": "52.7300", "Year High": "58.0900", "Year Low": "46.6200", "Year Close": "49.0500", "Annual % Change": "-8.11%"}, "2013": {"Average Stock Price": "47.2860", "Year Open": "44.7800", "Year High": "54.6200", "Year Low": "42.2300", "Year Close": "53.3800", "Annual % Change": "23.68%"}, "2012": {"Average Stock Price": "40.2234", "Year Open": "40.5200", "Year High": "45.4100", "Year Low": "34.3900", "Year Close": "43.1600", "Annual % Change": "9.07%"}, "2011": {"Average Stock Price": "40.6959", "Year Open": "44.2100", "Year High": "48.8800", "Year Low": "30.9100", "Year Close": "39.5700", "Annual % Change": "-9.70%"}, "2010": {"Average Stock Price": "41.8068", "Year Open": "47.7900", "Year High": "49.9300", "Year Low": "36.3800", "Year Close": "43.8200", "Annual % Change": "-6.07%"}, "2009": {"Average Stock Price": "42.9540", "Year Open": "48.3000", "Year High": "49.8400", "Year Low": "30.7400", "Year Close": "46.6500", "Annual % Change": "0.97%"}, "2008": {"Average Stock Price": "56.6486", "Year Open": "57.9700", "Year High": "82.0700", "Year Low": "25.5200", "Year Close": "46.2000", "Annual % Change": "-21.99%"}, "2007": {"Average Stock Price": "59.9770", "Year Open": "54.5000", "Year High": "69.2500", "Year Low": "45.8600", "Year Close": "59.2200", "Annual % Change": "8.34%"}, "2006": {"Average Stock Price": "51.0722", "Year Open": "34.6800", "Year High": "65.8400", "Year Low": "34.6800", "Year Close": "54.6600", "Annual % Change": "63.85%"}, "2005": {"Average Stock Price": "28.3784", "Year Open": "25.2250", "Year High": "34.6200", "Year Low": "22.8100", "Year Close": "33.3600", "Annual % Change": "27.47%"}, "2004": {"Average Stock Price": "19.0139", "Year Open": "14.0125", "Year High": "27.5400", "Year Low": "13.3350", "Year Close": "26.1700", "Annual % Change": "86.93%"}, "2003": {"Average Stock Price": "11.7326", "Year Open": "10.5625", "Year High": "14.4750", "Year Low": "8.9950", "Year Close": "14.0000", "Annual % Change": "35.59%"}, "2002": {"Average Stock Price": "13.4723", "Year Open": "12.9025", "Year High": "17.2875", "Year Low": "9.4750", "Year Close": "10.3250", "Annual % Change": "-22.02%"}, "2001": {"Average Stock Price": "11.5071", "Year Open": "9.6100", "Year High": "14.0000", "Year Low": "8.6250", "Year Close": "13.2400", "Annual % Change": "33.43%"}, "2000": {"Average Stock Price": "10.1621", "Year Open": "13.5775", "Year High": "13.9850", "Year Low": "7.5000", "Year Close": "9.9225", "Annual % Change": "-27.59%"}, "1999": {"Average Stock Price": "12.2806", "Year Open": "11.0475", "Year High": "15.1575", "Year Low": "10.4375", "Year Close": "13.7025", "Annual % Change": "26.73%"}, "1998": {"Average Stock Price": "11.7757", "Year Open": "12.2650", "Year High": "15.0150", "Year Low": "8.9850", "Year Close": "10.8125", "Annual % Change": "-10.47%"}, "1997": {"Average Stock Price": "13.3349", "Year Open": "12.8750", "Year High": "15.5950", "Year Low": "11.3125", "Year Close": "12.0775", "Annual % Change": "-5.27%"}, "1996": {"Average Stock Price": "13.2495", "Year Open": "14.1875", "Year High": "15.5313", "Year Low": "11.2800", "Year Close": "12.7500", "Annual % Change": "-10.73%"}, "1995": {"Average Stock Price": "12.8287", "Year Open": "13.6875", "Year High": "15.7825", "Year Low": "10.5950", "Year Close": "14.2825", "Annual % Change": "3.16%"}, "1994": {"Average Stock Price": "15.6204", "Year Open": "12.8450", "Year High": "17.9075", "Year Low": "12.2200", "Year Close": "13.8450", "Annual % Change": "4.49%"}, "1993": {"Average Stock Price": "11.4585", "Year Open": "9.8125", "Year High": "14.0625", "Year Low": "9.6875", "Year Close": "13.2500", "Annual % Change": "35.24%"}, "1992": {"Average Stock Price": "6.6137", "Year Open": "5.2888", "Year High": "9.8125", "Year Low": "5.2888", "Year Close": "9.7975", "Annual % Change": "75.38%"}, "1991": {"Average Stock Price": "4.8109", "Year Open": "3.8675", "Year High": "5.5863", "Year Low": "3.5938", "Year Close": "5.5863", "Annual % Change": "44.16%"}, "1990": {"Average Stock Price": "3.9346", "Year Open": "3.8281", "Year High": "5.0863", "Year Low": "3.0388", "Year Close": "3.8750", "Annual % Change": "2.91%"}, "1989": {"Average Stock Price": "3.4482", "Year Open": "2.8906", "Year High": "4.2031", "Year Low": "2.8363", "Year Close": "3.7656", "Annual % Change": "26.18%"}, "1988": {"Average Stock Price": "2.6234", "Year Open": "2.5156", "Year High": "3.0156", "Year Low": "2.2969", "Year Close": "2.9844", "Annual % Change": "20.52%"}, "1987": {"Average Stock Price": "2.4254", "Year Open": "1.9531", "Year High": "3.0863", "Year Low": "1.8750", "Year Close": "2.4763", "Annual % Change": "29.90%"}, "1986": {"Average Stock Price": "2.3144", "Year Open": "2.2242", "Year High": "2.8854", "Year Low": "1.8363", "Year Close": "1.9063", "Annual % Change": "-15.07%"}, "1985": {"Average Stock Price": "1.6963", "Year Open": "1.3125", "Year High": "2.3125", "Year Low": "1.3021", "Year Close": "2.2446", "Annual % Change": "67.03%"}, "1984": {"Average Stock Price": "1.3508", "Year Open": "1.7917", "Year High": "1.8125", "Year Low": "1.1042", "Year Close": "1.3438", "Annual % Change": "-24.56%"}}}, "market cap": {"value": "$16.51B"}, "income statement": {"Revenue": {"2020-12-31": "20139.66000", "2019-12-31": "22588.86000", "2018-12-31": "25067.28000", "2017-12-31": "20252.39000", "2016-12-31": "16208.12000", "2015-12-31": "16439.28000", "2014-12-31": "21105.14000", "2013-12-31": "19052.05000", "2012-12-31": "19429.27000", "2011-12-31": "20023.56000", "2010-12-31": "15844.63000", "2009-12-31": "11190.30000", "2008-12-31": "23663.32000", "2007-12-31": "16592.98000", "2006-12-31": "14751.27000", "2005-12-31": "12701.00000"}, "Cost Of Goods Sold": {"2020-12-31": "17911.71000", "2019-12-31": "19909.77000", "2018-12-31": "20771.87000", "2017-12-31": "17682.99000", "2016-12-31": "14182.21000", "2015-12-31": "15325.39000", "2014-12-31": "19255.90000", "2013-12-31": "17641.42000", "2012-12-31": "17915.73000", "2011-12-31": "18142.14000", "2010-12-31": "15060.88000", "2009-12-31": "11035.90000", "2008-12-31": "19612.28000", "2007-12-31": "13462.93000", "2006-12-31": "11284.61000", "2005-12-31": "10108.80000"}, "Gross Profit": {"2020-12-31": "2227.95100", "2019-12-31": "2679.08400", "2018-12-31": "4295.40800", "2017-12-31": "2569.40600", "2016-12-31": "2025.90700", "2015-12-31": "1113.89000", "2014-12-31": "1849.23600", "2013-12-31": "1410.62500", "2012-12-31": "1513.53900", "2011-12-31": "1881.42000", "2010-12-31": "783.74510", "2009-12-31": "154.39260", "2008-12-31": "4051.04100", "2007-12-31": "3130.05000", "2006-12-31": "3466.66300", "2005-12-31": "2592.19500"}, "Research And Development Expenses": {"2020-12-31": "", "2019-12-31": "", "2018-12-31": "", "2017-12-31": "", "2016-12-31": "", "2015-12-31": "", "2014-12-31": "", "2013-12-31": "", "2012-12-31": "", "2011-12-31": "", "2010-12-31": "", "2009-12-31": "", "2008-12-31": "", "2007-12-31": "", "2006-12-31": "", "2005-12-31": ""}, "SG&A Expenses": {"2020-12-31": "615.04100", "2019-12-31": "711.24800", "2018-12-31": "860.72200", "2017-12-31": "687.53100", "2016-12-31": "596.76100", "2015-12-31": "458.98900", "2014-12-31": "520.80500", "2013-12-31": "467.90400", "2012-12-31": "454.90000", "2011-12-31": "439.52800", "2010-12-31": "331.45500", "2009-12-31": "351.27800", "2008-12-31": "714.06400", "2007-12-31": "553.14600", "2006-12-31": "592.47300", "2005-12-31": "459.46000"}, "Other Operating Income Or Expenses": {"2020-12-31": "-613.64000", "2019-12-31": "-66.91600", "2018-12-31": "-110.00000", "2017-12-31": "", "2016-12-31": "", "2015-12-31": "-244.83300", "2014-12-31": "-25.39300", "2013-12-31": "-14.00000", "2012-12-31": "-30.00000", "2011-12-31": "-13.94300", "2010-12-31": "0.00000", "2009-12-31": "", "2008-12-31": "-105.18300", "2007-12-31": "", "2006-12-31": "", "2005-12-31": ""}, "Operating Expenses": {"2020-12-31": "19140.39000", "2019-12-31": "20687.94000", "2018-12-31": "21742.59000", "2017-12-31": "18370.52000", "2016-12-31": "14778.98000", "2015-12-31": "16029.21000", "2014-12-31": "19802.10000", "2013-12-31": "18123.33000", "2012-12-31": "18400.63000", "2011-12-31": "18595.62000", "2010-12-31": "15392.34000", "2009-12-31": "11387.18000", "2008-12-31": "20431.53000", "2007-12-31": "14016.07000", "2006-12-31": "11877.08000", "2005-12-31": "10568.26000"}, "Operating Income": {"2020-12-31": "999.26950", "2019-12-31": "1900.92000", "2018-12-31": "3324.68600", "2017-12-31": "1881.87500", "2016-12-31": "1429.14600", "2015-12-31": "410.06740", "2014-12-31": "1303.03900", "2013-12-31": "928.72070", "2012-12-31": "1028.63900", "2011-12-31": "1427.94900", "2010-12-31": "452.29000", "2009-12-31": "-196.88570", "2008-12-31": "3231.79300", "2007-12-31": "2576.90400", "2006-12-31": "2874.19000", "2005-12-31": "2132.73500"}, "Total Non-Operating Income/Expense": {"2020-12-31": "-142.66500", "2019-12-31": "-118.11400", "2018-12-31": "-95.29500", "2017-12-31": "-131.91900", "2016-12-31": "-130.48700", "2015-12-31": "-168.20200", "2014-12-31": "-155.75100", "2013-12-31": "-137.59800", "2012-12-31": "-175.69800", "2011-12-31": "-176.13700", "2010-12-31": "-185.17500", "2009-12-31": "-217.09300", "2008-12-31": "-127.40300", "2007-12-31": "-30.08700", "2006-12-31": "-181.75600", "2005-12-31": "-105.65100"}, "Pre-Tax Income": {"2020-12-31": "835.53800", "2019-12-31": "1782.80700", "2018-12-31": "3229.39100", "2017-12-31": "1749.95700", "2016-12-31": "1298.65900", "2015-12-31": "241.86600", "2014-12-31": "1147.28800", "2013-12-31": "791.12300", "2012-12-31": "852.94000", "2011-12-31": "1251.81200", "2010-12-31": "267.11500", "2009-12-31": "-413.97800", "2008-12-31": "3104.39100", "2007-12-31": "2546.81600", "2006-12-31": "2692.43500", "2005-12-31": "2027.08300"}, "Income Taxes": {"2020-12-31": "-0.49000", "2019-12-31": "411.89700", "2018-12-31": "748.30700", "2017-12-31": "369.38600", "2016-12-31": "398.24300", "2015-12-31": "48.83600", "2014-12-31": "368.72400", "2013-12-31": "205.59400", "2012-12-31": "259.81400", "2011-12-31": "390.82800", "2010-12-31": "60.79200", "2009-12-31": "-176.80000", "2008-12-31": "959.48000", "2007-12-31": "781.36800", "2006-12-31": "935.65300", "2005-12-31": "709.83400"}, "Income After Taxes": {"2020-12-31": "836.02800", "2019-12-31": "1370.91000", "2018-12-31": "2481.08400", "2017-12-31": "1380.57100", "2016-12-31": "900.41600", "2015-12-31": "193.03000", "2014-12-31": "778.56400", "2013-12-31": "585.52900", "2012-12-31": "593.12600", "2011-12-31": "860.98400", "2010-12-31": "206.32300", "2009-12-31": "-237.17800", "2008-12-31": "2144.91100", "2007-12-31": "1765.44800", "2006-12-31": "1756.78200", "2005-12-31": "1317.24900"}, "Other Income": {"2020-12-31": "", "2019-12-31": "", "2018-12-31": "", "2017-12-31": "", "2016-12-31": "", "2015-12-31": "", "2014-12-31": "", "2013-12-31": "", "2012-12-31": "", "2011-12-31": "", "2010-12-31": "", "2009-12-31": "", "2008-12-31": "", "2007-12-31": "", "2006-12-31": "", "2005-12-31": ""}, "Income From Continuous Operations": {"2020-12-31": "836.02800", "2019-12-31": "1370.91000", "2018-12-31": "2481.08400", "2017-12-31": "1380.57100", "2016-12-31": "900.41600", "2015-12-31": "193.03000", "2014-12-31": "778.56400", "2013-12-31": "585.52900", "2012-12-31": "593.12600", "2011-12-31": "860.98400", "2010-12-31": "206.32300", "2009-12-31": "-237.17800", "2008-12-31": "2144.91100", "2007-12-31": "1765.44800", "2006-12-31": "1756.78200", "2005-12-31": "1317.24900"}, "Income From Discontinued Operations": {"2020-12-31": "", "2019-12-31": "", "2018-12-31": "", "2017-12-31": "", "2016-12-31": "", "2015-12-31": "", "2014-12-31": "", "2013-12-31": "", "2012-12-31": "", "2011-12-31": "", "2010-12-31": "", "2009-12-31": "", "2008-12-31": "", "2007-12-31": "", "2006-12-31": "", "2005-12-31": ""}, "Net Income": {"2020-12-31": "721.47000", "2019-12-31": "1264.10800", "2018-12-31": "2351.42300", "2017-12-31": "1314.13900", "2016-12-31": "793.63900", "2015-12-31": "79.21000", "2014-12-31": "677.01600", "2013-12-31": "486.10600", "2012-12-31": "502.90600", "2011-12-31": "775.53500", "2010-12-31": "132.26900", "2009-12-31": "-295.55900", "2008-12-31": "1824.19300", "2007-12-31": "1467.70700", "2006-12-31": "1756.78200", "2005-12-31": "1317.24900"}, "EBITDA": {"2020-12-31": "1784.73600", "2019-12-31": "2635.57300", "2018-12-31": "4044.32300", "2017-12-31": "2608.93600", "2016-12-31": "2116.20000", "2015-12-31": "1110.08400", "2014-12-31": "2027.46200", "2013-12-31": "1538.92900", "2012-12-31": "1635.66000", "2011-12-31": "2018.34900", "2010-12-31": "1034.89200", "2009-12-31": "369.53720", "2008-12-31": "3780.70000", "2007-12-31": "3004.46000", "2006-12-31": "3239.45900", "2005-12-31": "2508.86100"}, "EBIT": {"2020-12-31": "999.26950", "2019-12-31": "1900.92000", "2018-12-31": "3324.68600", "2017-12-31": "1881.87500", "2016-12-31": "1429.14600", "2015-12-31": "410.06740", "2014-12-31": "1303.03900", "2013-12-31": "928.72070", "2012-12-31": "1028.63900", "2011-12-31": "1427.94900", "2010-12-31": "452.29000", "2009-12-31": "-196.88570", "2008-12-31": "3231.79300", "2007-12-31": "2576.90400", "2006-12-31": "2874.19000", "2005-12-31": "2132.73500"}, "Basic Shares Outstanding": {"2020-12-31": "303.16800", "2019-12-31": "305.04000", "2018-12-31": "315.85800", "2017-12-31": "319.99000", "2016-12-31": "319.56300", "2015-12-31": "320.56500", "2014-12-31": "319.83800", "2013-12-31": "319.07700", "2012-12-31": "318.17200", "2011-12-31": "316.99700", "2010-12-31": "315.96200", "2009-12-31": "314.87300", "2008-12-31": "304.52500", "2007-12-31": "295.77900", "2006-12-31": "306.62100", "2005-12-31": "314.25600"}, "Shares Outstanding": {"2020-12-31": "303.27100", "2019-12-31": "305.50300", "2018-12-31": "316.73300", "2017-12-31": "320.77300", "2016-12-31": "319.82200", "2015-12-31": "320.67900", "2014-12-31": "320.12700", "2013-12-31": "319.26600", "2012-12-31": "318.24000", "2011-12-31": "317.16100", "2010-12-31": "316.51000", "2009-12-31": "314.87300", "2008-12-31": "305.00600", "2007-12-31": "297.01400", "2006-12-31": "309.38100", "2005-12-31": "317.13000"}, "Basic EPS": {"2020-12-31": "2.37000", "2019-12-31": "4.14000", "2018-12-31": "7.44000", "2017-12-31": "4.11000", "2016-12-31": "2.48000", "2015-12-31": "0.25000", "2014-12-31": "2.12000", "2013-12-31": "1.52000", "2012-12-31": "1.58000", "2011-12-31": "2.45000", "2010-12-31": "0.42000", "2009-12-31": "-0.94000", "2008-12-31": "5.99000", "2007-12-31": "4.96000", "2006-12-31": "5.73000", "2005-12-31": "4.19000"}, "EPS - Earnings Per Share": {"2020-12-31": "2.36000", "2019-12-31": "4.14000", "2018-12-31": "7.42000", "2017-12-31": "4.10000", "2016-12-31": "2.48000", "2015-12-31": "0.25000", "2014-12-31": "2.11000", "2013-12-31": "1.52000", "2012-12-31": "1.58000", "2011-12-31": "2.45000", "2010-12-31": "0.42000", "2009-12-31": "-0.94000", "2008-12-31": "5.98000", "2007-12-31": "4.94000", "2006-12-31": "5.68000", "2005-12-31": "4.15000"}}, "income statement, quarterly": {"Revenue": {"2020-12-31": "5260.05500", "2020-09-30": "4927.96000", "2020-06-30": "4327.30600", "2020-03-31": "5624.33700", "2019-12-31": "5131.74500", "2019-09-30": "5464.50200", "2019-06-30": "5895.98600", "2019-03-31": "6096.62400", "2018-12-31": "6295.88600", "2018-09-30": "6742.20200", "2018-06-30": "6460.77400", "2018-03-31": "5568.41900", "2017-12-31": "5092.32700", "2017-09-30": "5170.11700", "2017-06-30": "5174.76900", "2017-03-31": "4815.17900", "2016-12-31": "3956.53900", "2016-09-30": "4290.23600", "2016-06-30": "4245.77200", "2016-03-31": "3715.57600", "2015-12-31": "3456.71300", "2015-09-30": "4225.51400", "2015-06-30": "4357.60900", "2015-03-31": "4399.44000", "2014-12-31": "5003.75200", "2014-09-30": "5701.86900", "2014-06-30": "5291.07500", "2014-03-31": "5108.44400", "2013-12-31": "4894.75100", "2013-09-30": "4940.93600", "2013-06-30": "4665.58800", "2013-03-31": "4550.77200", "2012-12-31": "4451.27400", "2012-09-30": "4801.20600", "2012-06-30": "5104.19900", "2012-03-31": "5072.59400", "2011-12-31": "4829.67700", "2011-09-30": "5252.14400", "2011-06-30": "5107.80900", "2011-03-31": "4833.93400", "2010-12-31": "3853.75100", "2010-09-30": "4140.06900", "2010-06-30": "4195.96600", "2010-03-31": "3654.84200", "2009-12-31": "2937.94400", "2009-09-30": "3120.00500", "2009-06-30": "2478.02800", "2009-03-31": "2654.31900", "2008-12-31": "4150.93600", "2008-09-30": "7447.52000", "2008-06-30": "7090.59900", "2008-03-31": "4974.26900", "2007-12-31": "4396.76100", "2007-09-30": "4259.22100", "2007-06-30": "4168.11000", "2007-03-31": "3768.88500", "2006-12-31": "3468.59000", "2006-09-30": "3931.23300", "2006-06-30": "3806.35000", "2006-03-31": "3545.09700", "2005-12-31": "3207.46500", "2005-09-30": "3025.91100", "2005-06-30": "3145.00300", "2005-03-31": "3322.62100"}, "Cost Of Goods Sold": {"2020-12-31": "4541.52700", "2020-09-30": "4425.76500", "2020-06-30": "3949.34700", "2020-03-31": "4995.06900", "2019-12-31": "4696.55800", "2019-09-30": "4891.99100", "2019-06-30": "5120.49200", "2019-03-31": "5200.73200", "2018-12-31": "5183.62200", "2018-09-30": "5452.05200", "2018-06-30": "5294.18400", "2018-03-31": "4842.01300", "2017-12-31": "4571.76100", "2017-09-30": "4591.15300", "2017-06-30": "4465.14400", "2017-03-31": "4054.92900", "2016-12-31": "3513.11200", "2016-09-30": "3608.00000", "2016-06-30": "3660.51200", "2016-03-31": "3400.59100", "2015-12-31": "3541.24700", "2015-09-30": "3701.67800", "2015-06-30": "3971.30300", "2015-03-31": "4111.15800", "2014-12-31": "4547.17100", "2014-09-30": "5102.28300", "2014-06-30": "4875.20800", "2014-03-31": "4731.24200", "2013-12-31": "4509.01000", "2013-09-30": "4532.39300", "2013-06-30": "4352.46300", "2013-03-31": "4247.55600", "2012-12-31": "4066.92500", "2012-09-30": "4452.47300", "2012-06-30": "4704.26900", "2012-03-31": "4692.06700", "2011-12-31": "4479.57200", "2011-09-30": "4794.01400", "2011-06-30": "4458.35900", "2011-03-31": "4410.19900", "2010-12-31": "3781.12700", "2010-09-30": "3949.77900", "2010-06-30": "3887.92900", "2010-03-31": "3442.04700", "2009-12-31": "2716.82400", "2009-09-30": "3000.85100", "2009-06-30": "2539.90400", "2009-03-31": "2778.32400", "2008-12-31": "3670.62900", "2008-09-30": "5990.40700", "2008-06-30": "5879.65500", "2008-03-31": "4071.59200", "2007-12-31": "3618.16400", "2007-09-30": "3449.26000", "2007-06-30": "3403.90500", "2007-03-31": "2991.59800", "2006-12-31": "2655.85800", "2006-09-30": "2920.78200", "2006-06-30": "2929.79500", "2006-03-31": "2778.17100", "2005-12-31": "2517.60900", "2005-09-30": "2445.67600", "2005-06-30": "2524.89200", "2005-03-31": "2620.62800"}, "Gross Profit": {"2020-12-31": "718.52830", "2020-09-30": "502.19480", "2020-06-30": "377.95920", "2020-03-31": "629.26810", "2019-12-31": "435.18700", "2019-09-30": "572.51070", "2019-06-30": "775.49370", "2019-03-31": "895.89210", "2018-12-31": "1112.26400", "2018-09-30": "1290.15000", "2018-06-30": "1166.59000", "2018-03-31": "726.40580", "2017-12-31": "520.56590", "2017-09-30": "578.96440", "2017-06-30": "709.62500", "2017-03-31": "760.25020", "2016-12-31": "443.42680", "2016-09-30": "682.23580", "2016-06-30": "585.26000", "2016-03-31": "314.98490", "2015-12-31": "-84.53420", "2015-09-30": "523.83620", "2015-06-30": "386.30590", "2015-03-31": "288.28170", "2014-12-31": "456.58150", "2014-09-30": "599.58590", "2014-06-30": "415.86720", "2014-03-31": "377.20170", "2013-12-31": "385.74120", "2013-09-30": "408.54300", "2013-06-30": "313.12500", "2013-03-31": "303.21580", "2012-12-31": "384.34860", "2012-09-30": "348.73290", "2012-06-30": "399.93020", "2012-03-31": "380.52730", "2011-12-31": "350.10500", "2011-09-30": "458.12990", "2011-06-30": "649.45020", "2011-03-31": "423.73490", "2010-12-31": "72.62400", "2010-09-30": "190.28980", "2010-06-30": "308.03690", "2010-03-31": "212.79490", "2009-12-31": "221.11910", "2009-09-30": "119.15380", "2009-06-30": "-61.87600", "2009-03-31": "-124.00490", "2008-12-31": "480.30690", "2008-09-30": "1457.11300", "2008-06-30": "1210.94400", "2008-03-31": "902.67700", "2007-12-31": "778.59690", "2007-09-30": "809.96120", "2007-06-30": "764.20480", "2007-03-31": "777.28710", "2006-12-31": "812.73170", "2006-09-30": "1010.45100", "2006-06-30": "876.55520", "2006-03-31": "766.92600", "2005-12-31": "689.85600", "2005-09-30": "580.23490", "2005-06-30": "620.11080", "2005-03-31": "701.99320"}, "Research And Development Expenses": {"2020-12-31": "", "2020-09-30": "", "2020-06-30": "", "2020-03-31": "", "2019-12-31": "", "2019-09-30": "", "2019-06-30": "", "2019-03-31": "", "2018-12-31": "", "2018-09-30": "", "2018-06-30": "", "2018-03-31": "", "2017-12-31": "", "2017-09-30": "", "2017-06-30": "", "2017-03-31": "", "2016-12-31": "", "2016-09-30": "", "2016-06-30": "", "2016-03-31": "", "2015-12-31": "", "2015-09-30": "", "2015-06-30": "", "2015-03-31": "", "2014-12-31": "", "2014-09-30": "", "2014-06-30": "", "2014-03-31": "", "2013-12-31": "", "2013-09-30": "", "2013-06-30": "", "2013-03-31": "", "2012-12-31": "", "2012-09-30": "", "2012-06-30": "", "2012-03-31": "", "2011-12-31": "", "2011-09-30": "", "2011-06-30": "", "2011-03-31": "", "2010-12-31": "", "2010-09-30": "", "2010-06-30": "", "2010-03-31": "", "2009-12-31": "", "2009-09-30": "", "2009-06-30": "", "2009-03-31": "", "2008-12-31": "", "2008-09-30": "", "2008-06-30": "", "2008-03-31": "", "2007-12-31": "", "2007-09-30": "", "2007-06-30": "", "2007-03-31": "", "2006-12-31": "", "2006-09-30": "", "2006-06-30": "", "2006-03-31": "", "2005-12-31": "", "2005-09-30": "", "2005-06-30": "", "2005-03-31": ""}, "SG&A Expenses": {"2020-12-31": "154.11900", "2020-09-30": "165.51300", "2020-06-30": "142.01700", "2020-03-31": "153.39200", "2019-12-31": "162.22800", "2019-09-30": "159.30100", "2019-06-30": "208.98000", "2019-03-31": "180.73900", "2018-12-31": "209.30000", "2018-09-30": "234.08100", "2018-06-30": "234.38100", "2018-03-31": "182.96000", "2017-12-31": "168.10200", "2017-09-30": "172.79200", "2017-06-30": "170.21100", "2017-03-31": "176.42600", "2016-12-31": "156.08200", "2016-09-30": "169.22300", "2016-06-30": "161.71100", "2016-03-31": "109.74500", "2015-12-31": "81.49700", "2015-09-30": "124.33900", "2015-06-30": "128.59200", "2015-03-31": "124.56100", "2014-12-31": "101.95400", "2014-09-30": "152.60400", "2014-06-30": "132.81300", "2014-03-31": "133.43400", "2013-12-31": "103.40300", "2013-09-30": "125.12600", "2013-06-30": "123.15000", "2013-03-31": "116.22500", "2012-12-31": "120.86100", "2012-09-30": "114.39200", "2012-06-30": "112.52800", "2012-03-31": "107.11900", "2011-12-31": "90.04600", "2011-09-30": "108.53200", "2011-06-30": "130.24600", "2011-03-31": "110.70400", "2010-12-31": "42.22500", "2010-09-30": "88.86600", "2010-06-30": "107.77000", "2010-03-31": "92.59400", "2009-12-31": "82.49500", "2009-09-30": "96.28000", "2009-06-30": "85.12400", "2009-03-31": "87.37900", "2008-12-31": "108.42300", "2008-09-30": "215.75500", "2008-06-30": "220.17200", "2008-03-31": "169.71400", "2007-12-31": "122.54100", "2007-09-30": "145.47000", "2007-06-30": "148.92500", "2007-03-31": "136.21000", "2006-12-31": "142.20700", "2006-09-30": "160.46400", "2006-06-30": "146.60200", "2006-03-31": "143.20000", "2005-12-31": "128.48200", "2005-09-30": "107.73000", "2005-06-30": "97.81900", "2005-03-31": "125.42900"}, "Other Operating Income Or Expenses": {"2020-12-31": "-314.19000", "2020-09-30": "-6.60400", "2020-06-30": "-5.00000", "2020-03-31": "-287.84600", "2019-12-31": "", "2019-09-30": "", "2019-06-30": "", "2019-03-31": "", "2018-12-31": "", "2018-09-30": "-110.00000", "2018-06-30": "", "2018-03-31": "", "2017-12-31": "", "2017-09-30": "", "2017-06-30": "", "2017-03-31": "", "2016-12-31": "", "2016-09-30": "", "2016-06-30": "", "2016-03-31": "", "2015-12-31": "", "2015-09-30": "", "2015-06-30": "", "2015-03-31": "", "2014-12-31": "", "2014-09-30": "", "2014-06-30": "", "2014-03-31": "", "2013-12-31": "", "2013-09-30": "", "2013-06-30": "", "2013-03-31": "", "2012-12-31": "", "2012-09-30": "", "2012-06-30": "-30.00000", "2012-03-31": "", "2011-12-31": "", "2011-09-30": "-13.94300", "2011-06-30": "0.00000", "2011-03-31": "", "2010-12-31": "", "2010-09-30": "", "2010-06-30": "", "2010-03-31": "", "2009-12-31": "", "2009-09-30": "", "2009-06-30": "", "2009-03-31": "", "2008-12-31": "", "2008-09-30": "", "2008-06-30": "", "2008-03-31": "", "2007-12-31": "", "2007-09-30": "", "2007-06-30": "", "2007-03-31": "", "2006-12-31": "", "2006-09-30": "", "2006-06-30": "", "2006-03-31": "", "2005-12-31": "", "2005-09-30": "", "2005-06-30": "", "2005-03-31": ""}, "Operating Expenses": {"2020-12-31": "5009.83600", "2020-09-30": "4597.88200", "2020-06-30": "4096.36400", "2020-03-31": "5436.30700", "2019-12-31": "4925.70300", "2019-09-30": "5051.29200", "2019-06-30": "5329.47200", "2019-03-31": "5381.47100", "2018-12-31": "5392.92300", "2018-09-30": "5796.13300", "2018-06-30": "5528.56500", "2018-03-31": "5024.97300", "2017-12-31": "4739.86200", "2017-09-30": "4763.94500", "2017-06-30": "4635.35500", "2017-03-31": "4231.35500", "2016-12-31": "3669.19400", "2016-09-30": "3777.22300", "2016-06-30": "3822.22300", "2016-03-31": "3510.33600", "2015-12-31": "3867.57700", "2015-09-30": "3826.01700", "2015-06-30": "4099.89500", "2015-03-31": "4235.71900", "2014-12-31": "4674.51700", "2014-09-30": "5254.88700", "2014-06-30": "5008.02100", "2014-03-31": "4864.67600", "2013-12-31": "4626.41200", "2013-09-30": "4657.51900", "2013-06-30": "4475.61300", "2013-03-31": "4363.78100", "2012-12-31": "4187.78700", "2012-09-30": "4566.86500", "2012-06-30": "4846.79700", "2012-03-31": "4799.18600", "2011-12-31": "4569.61800", "2011-09-30": "4916.48900", "2011-06-30": "4588.60500", "2011-03-31": "4520.90300", "2010-12-31": "3823.35100", "2010-09-30": "4038.64500", "2010-06-30": "3995.69900", "2010-03-31": "3534.64100", "2009-12-31": "2799.32000", "2009-09-30": "3097.13100", "2009-06-30": "2625.02800", "2009-03-31": "2865.70300", "2008-12-31": "3884.23600", "2008-09-30": "6206.16200", "2008-06-30": "6099.82700", "2008-03-31": "4241.30600", "2007-12-31": "3740.70400", "2007-09-30": "3594.73000", "2007-06-30": "3552.83000", "2007-03-31": "3127.80800", "2006-12-31": "2798.06500", "2006-09-30": "3081.24600", "2006-06-30": "3076.39700", "2006-03-31": "2921.37100", "2005-12-31": "2646.09100", "2005-09-30": "2553.40600", "2005-06-30": "2622.71100", "2005-03-31": "2746.05700"}, "Operating Income": {"2020-12-31": "250.21920", "2020-09-30": "330.07760", "2020-06-30": "230.94190", "2020-03-31": "188.02980", "2019-12-31": "206.04200", "2019-09-30": "413.21000", "2019-06-30": "566.51370", "2019-03-31": "715.15330", "2018-12-31": "902.96240", "2018-09-30": "946.06930", "2018-06-30": "932.20900", "2018-03-31": "543.44580", "2017-12-31": "352.46480", "2017-09-30": "406.17240", "2017-06-30": "539.41410", "2017-03-31": "583.82420", "2016-12-31": "287.34470", "2016-09-30": "513.01290", "2016-06-30": "423.54910", "2016-03-31": "205.23970", "2015-12-31": "-410.86430", "2015-09-30": "399.49710", "2015-06-30": "257.71390", "2015-03-31": "163.72070", "2014-12-31": "329.23540", "2014-09-30": "446.98190", "2014-06-30": "283.05420", "2014-03-31": "243.76760", "2013-12-31": "268.33940", "2013-09-30": "283.41700", "2013-06-30": "189.97510", "2013-03-31": "186.99070", "2012-12-31": "263.48730", "2012-09-30": "234.34080", "2012-06-30": "257.40230", "2012-03-31": "273.40820", "2011-12-31": "260.05910", "2011-09-30": "335.65480", "2011-06-30": "519.20410", "2011-03-31": "313.03080", "2010-12-31": "30.39970", "2010-09-30": "101.42380", "2010-06-30": "200.26680", "2010-03-31": "120.20090", "2009-12-31": "138.62400", "2009-09-30": "22.87380", "2009-06-30": "-147.00000", "2009-03-31": "-211.38380", "2008-12-31": "266.69970", "2008-09-30": "1241.35800", "2008-06-30": "990.77250", "2008-03-31": "732.96290", "2007-12-31": "656.05690", "2007-09-30": "664.49120", "2007-06-30": "615.27980", "2007-03-31": "641.07710", "2006-12-31": "670.52490", "2006-09-30": "849.98680", "2006-06-30": "729.95310", "2006-03-31": "623.72610", "2005-12-31": "561.37430", "2005-09-30": "472.50490", "2005-06-30": "522.29170", "2005-03-31": "576.56420"}, "Total Non-Operating Income/Expense": {"2020-12-31": "-32.45300", "2020-09-30": "-39.66000", "2020-06-30": "-49.88500", "2020-03-31": "-41.73300", "2019-12-31": "-27.81400", "2019-09-30": "-32.87100", "2019-06-30": "-31.89200", "2019-03-31": "-25.53700", "2018-12-31": "-25.68600", "2018-09-30": "-23.56700", "2018-06-30": "-18.50800", "2018-03-31": "-27.53400", "2017-12-31": "-30.22500", "2017-09-30": "-35.56700", "2017-06-30": "-31.27800", "2017-03-31": "-34.84900", "2016-12-31": "-32.30400", "2016-09-30": "-28.84100", "2016-06-30": "-33.66500", "2016-03-31": "-35.67700", "2015-12-31": "-36.80800", "2015-09-30": "-45.22600", "2015-06-30": "-41.49200", "2015-03-31": "-44.67600", "2014-12-31": "-35.29800", "2014-09-30": "-42.99700", "2014-06-30": "-41.18900", "2014-03-31": "-36.26700", "2013-12-31": "-31.07700", "2013-09-30": "-35.21500", "2013-06-30": "-37.64300", "2013-03-31": "-33.66300", "2012-12-31": "-43.57700", "2012-09-30": "-42.56600", "2012-06-30": "-41.20900", "2012-03-31": "-48.34600", "2011-12-31": "-36.00400", "2011-09-30": "-51.44000", "2011-06-30": "-41.91700", "2011-03-31": "-46.77600", "2010-12-31": "-40.89800", "2010-09-30": "-43.41800", "2010-06-30": "-44.69400", "2010-03-31": "-56.16500", "2009-12-31": "-48.61500", "2009-09-30": "-44.35800", "2009-06-30": "-53.75800", "2009-03-31": "-70.36200", "2008-12-31": "-59.29400", "2008-09-30": "-23.03000", "2008-06-30": "-26.73400", "2008-03-31": "-18.34500", "2007-12-31": "183.95900", "2007-09-30": "-80.07000", "2007-06-30": "-82.56600", "2007-03-31": "-51.41000", "2006-12-31": "-59.94100", "2006-09-30": "-48.22700", "2006-06-30": "-39.46200", "2006-03-31": "-34.12600", "2005-12-31": "-30.86000", "2005-09-30": "-25.83700", "2005-06-30": "-22.85600", "2005-03-31": "-26.09800"}, "Pre-Tax Income": {"2020-12-31": "217.76600", "2020-09-30": "290.41800", "2020-06-30": "181.05700", "2020-03-31": "146.29700", "2019-12-31": "178.23000", "2019-09-30": "380.33900", "2019-06-30": "534.62200", "2019-03-31": "689.61600", "2018-12-31": "877.27620", "2018-09-30": "922.50200", "2018-06-30": "913.70100", "2018-03-31": "515.91200", "2017-12-31": "322.24110", "2017-09-30": "370.60500", "2017-06-30": "508.13600", "2017-03-31": "548.97500", "2016-12-31": "255.04010", "2016-09-30": "484.17200", "2016-06-30": "389.88400", "2016-03-31": "169.56300", "2015-12-31": "-447.67200", "2015-09-30": "354.27100", "2015-06-30": "216.22200", "2015-03-31": "119.04500", "2014-12-31": "293.93700", "2014-09-30": "403.98500", "2014-06-30": "241.86500", "2014-03-31": "207.50100", "2013-12-31": "237.26100", "2013-09-30": "248.20200", "2013-06-30": "152.33200", "2013-03-31": "153.32800", "2012-12-31": "219.91000", "2012-09-30": "191.77500", "2012-06-30": "216.19300", "2012-03-31": "225.06200", "2011-12-31": "224.05510", "2011-09-30": "284.21500", "2011-06-30": "477.28700", "2011-03-31": "266.25500", "2010-12-31": "-10.50000", "2010-09-30": "58.00600", "2010-06-30": "155.57300", "2010-03-31": "64.03600", "2009-12-31": "90.01000", "2009-09-30": "-21.48400", "2009-06-30": "-200.75800", "2009-03-31": "-281.74600", "2008-12-31": "207.40710", "2008-09-30": "1218.32800", "2008-06-30": "964.03800", "2008-03-31": "714.61800", "2007-12-31": "840.01390", "2007-09-30": "584.42100", "2007-06-30": "532.71400", "2007-03-31": "589.66700", "2006-12-31": "610.58410", "2006-09-30": "801.76000", "2006-06-30": "690.49100", "2006-03-31": "589.60000", "2005-12-31": "530.51300", "2005-09-30": "446.66800", "2005-06-30": "499.43600", "2005-03-31": "550.46600"}, "Income Taxes": {"2020-12-31": "-208.10000", "2020-09-30": "67.78800", "2020-06-30": "47.90400", "2020-03-31": "91.91800", "2019-12-31": "43.97700", "2019-09-30": "86.75200", "2019-06-30": "122.34500", "2019-03-31": "158.82300", "2018-12-31": "196.20600", "2018-09-30": "216.21500", "2018-06-30": "200.08600", "2018-03-31": "135.80000", "2017-12-31": "-72.85300", "2017-09-30": "104.50000", "2017-06-30": "166.41200", "2017-03-31": "171.32700", "2016-12-31": "79.85500", "2016-09-30": "152.80700", "2016-06-30": "118.51500", "2016-03-31": "47.06600", "2015-12-31": "-129.33000", "2015-09-30": "86.53500", "2015-06-30": "56.87800", "2015-03-31": "34.75300", "2014-12-31": "86.20500", "2014-09-30": "129.78400", "2014-06-30": "74.93000", "2014-03-31": "77.80500", "2013-12-31": "46.84500", "2013-09-30": "70.08700", "2013-06-30": "46.06200", "2013-03-31": "42.60000", "2012-12-31": "59.65500", "2012-09-30": "61.88300", "2012-06-30": "76.62600", "2012-03-31": "61.65000", "2011-12-31": "65.88200", "2011-09-30": "84.10400", "2011-06-30": "155.70900", "2011-03-31": "85.13300", "2010-12-31": "-19.38700", "2010-09-30": "7.98200", "2010-06-30": "49.35500", "2010-03-31": "22.84200", "2009-12-31": "3.58300", "2009-09-30": "-16.17300", "2009-06-30": "-72.98900", "2009-03-31": "-91.22100", "2008-12-31": "43.51400", "2008-09-30": "407.52500", "2008-06-30": "295.34800", "2008-03-31": "213.09300", "2007-12-31": "181.66690", "2007-09-30": "203.19900", "2007-06-30": "187.86400", "2007-03-31": "208.63800", "2006-12-31": "205.48010", "2006-09-30": "280.12400", "2006-06-30": "240.48000", "2006-03-31": "209.56900", "2005-12-31": "182.51400", "2005-09-30": "154.79100", "2005-06-30": "176.72900", "2005-03-31": "195.80000"}, "Income After Taxes": {"2020-12-31": "425.86600", "2020-09-30": "222.63000", "2020-06-30": "133.15300", "2020-03-31": "54.37900", "2019-12-31": "134.25300", "2019-09-30": "293.58700", "2019-06-30": "412.27700", "2019-03-31": "530.79300", "2018-12-31": "681.07000", "2018-09-30": "706.28700", "2018-06-30": "713.61500", "2018-03-31": "380.11200", "2017-12-31": "395.09410", "2017-09-30": "266.10500", "2017-06-30": "341.72400", "2017-03-31": "377.64800", "2016-12-31": "175.18500", "2016-09-30": "331.36500", "2016-06-30": "271.36900", "2016-03-31": "122.49700", "2015-12-31": "-318.34200", "2015-09-30": "267.73600", "2015-06-30": "159.34400", "2015-03-31": "84.29200", "2014-12-31": "207.73200", "2014-09-30": "274.20100", "2014-06-30": "166.93500", "2014-03-31": "129.69600", "2013-12-31": "190.41600", "2013-09-30": "178.11500", "2013-06-30": "106.27000", "2013-03-31": "110.72800", "2012-12-31": "160.25500", "2012-09-30": "129.89200", "2012-06-30": "139.56700", "2012-03-31": "163.41200", "2011-12-31": "158.17300", "2011-09-30": "200.11100", "2011-06-30": "321.57800", "2011-03-31": "181.12200", "2010-12-31": "8.88700", "2010-09-30": "50.02400", "2010-06-30": "106.21800", "2010-03-31": "41.19400", "2009-12-31": "86.42700", "2009-09-30": "-5.31100", "2009-06-30": "-127.76900", "2009-03-31": "-190.52500", "2008-12-31": "163.89310", "2008-09-30": "810.80300", "2008-06-30": "668.69010", "2008-03-31": "501.52500", "2007-12-31": "658.34700", "2007-09-30": "381.22200", "2007-06-30": "344.85000", "2007-03-31": "381.02900", "2006-12-31": "405.10400", "2006-09-30": "521.63600", "2006-06-30": "450.01100", "2006-03-31": "380.03100", "2005-12-31": "347.99900", "2005-09-30": "291.87700", "2005-06-30": "322.70700", "2005-03-31": "354.66600"}, "Other Income": {"2020-12-31": "", "2020-09-30": "", "2020-06-30": "", "2020-03-31": "", "2019-12-31": "", "2019-09-30": "", "2019-06-30": "", "2019-03-31": "", "2018-12-31": "", "2018-09-30": "", "2018-06-30": "", "2018-03-31": "", "2017-12-31": "", "2017-09-30": "", "2017-06-30": "", "2017-03-31": "", "2016-12-31": "", "2016-09-30": "", "2016-06-30": "", "2016-03-31": "", "2015-12-31": "", "2015-09-30": "", "2015-06-30": "", "2015-03-31": "", "2014-12-31": "", "2014-09-30": "", "2014-06-30": "", "2014-03-31": "", "2013-12-31": "", "2013-09-30": "", "2013-06-30": "", "2013-03-31": "", "2012-12-31": "", "2012-09-30": "", "2012-06-30": "", "2012-03-31": "", "2011-12-31": "", "2011-09-30": "", "2011-06-30": "", "2011-03-31": "", "2010-12-31": "", "2010-09-30": "", "2010-06-30": "", "2010-03-31": "", "2009-12-31": "", "2009-09-30": "", "2009-06-30": "", "2009-03-31": "", "2008-12-31": "", "2008-09-30": "", "2008-06-30": "", "2008-03-31": "", "2007-12-31": "", "2007-09-30": "", "2007-06-30": "", "2007-03-31": "", "2006-12-31": "", "2006-09-30": "", "2006-06-30": "", "2006-03-31": "", "2005-12-31": "", "2005-09-30": "", "2005-06-30": "", "2005-03-31": ""}, "Income From Continuous Operations": {"2020-12-31": "425.86600", "2020-09-30": "222.63000", "2020-06-30": "133.15300", "2020-03-31": "54.37900", "2019-12-31": "134.25300", "2019-09-30": "293.58700", "2019-06-30": "412.27700", "2019-03-31": "530.79300", "2018-12-31": "681.07000", "2018-09-30": "706.28700", "2018-06-30": "713.61500", "2018-03-31": "380.11200", "2017-12-31": "395.09410", "2017-09-30": "266.10500", "2017-06-30": "341.72400", "2017-03-31": "377.64800", "2016-12-31": "175.18500", "2016-09-30": "331.36500", "2016-06-30": "271.36900", "2016-03-31": "122.49700", "2015-12-31": "-318.34200", "2015-09-30": "267.73600", "2015-06-30": "159.34400", "2015-03-31": "84.29200", "2014-12-31": "207.73200", "2014-09-30": "274.20100", "2014-06-30": "166.93500", "2014-03-31": "129.69600", "2013-12-31": "190.41600", "2013-09-30": "178.11500", "2013-06-30": "106.27000", "2013-03-31": "110.72800", "2012-12-31": "160.25500", "2012-09-30": "129.89200", "2012-06-30": "139.56700", "2012-03-31": "163.41200", "2011-12-31": "158.17300", "2011-09-30": "200.11100", "2011-06-30": "321.57800", "2011-03-31": "181.12200", "2010-12-31": "8.88700", "2010-09-30": "50.02400", "2010-06-30": "106.21800", "2010-03-31": "41.19400", "2009-12-31": "86.42700", "2009-09-30": "-5.31100", "2009-06-30": "-127.76900", "2009-03-31": "-190.52500", "2008-12-31": "163.89310", "2008-09-30": "810.80300", "2008-06-30": "668.69010", "2008-03-31": "501.52500", "2007-12-31": "658.34700", "2007-09-30": "381.22200", "2007-06-30": "344.85000", "2007-03-31": "381.02900", "2006-12-31": "405.10400", "2006-09-30": "521.63600", "2006-06-30": "450.01100", "2006-03-31": "380.03100", "2005-12-31": "347.99900", "2005-09-30": "291.87700", "2005-06-30": "322.70700", "2005-03-31": "354.66600"}, "Income From Discontinued Operations": {"2020-12-31": "", "2020-09-30": "", "2020-06-30": "", "2020-03-31": "", "2019-12-31": "", "2019-09-30": "", "2019-06-30": "", "2019-03-31": "", "2018-12-31": "", "2018-09-30": "", "2018-06-30": "", "2018-03-31": "", "2017-12-31": "", "2017-09-30": "", "2017-06-30": "", "2017-03-31": "", "2016-12-31": "", "2016-09-30": "", "2016-06-30": "", "2016-03-31": "", "2015-12-31": "", "2015-09-30": "", "2015-06-30": "", "2015-03-31": "", "2014-12-31": "", "2014-09-30": "", "2014-06-30": "", "2014-03-31": "", "2013-12-31": "", "2013-09-30": "", "2013-06-30": "", "2013-03-31": "", "2012-12-31": "", "2012-09-30": "", "2012-06-30": "", "2012-03-31": "", "2011-12-31": "", "2011-09-30": "", "2011-06-30": "", "2011-03-31": "", "2010-12-31": "", "2010-09-30": "", "2010-06-30": "", "2010-03-31": "", "2009-12-31": "", "2009-09-30": "", "2009-06-30": "", "2009-03-31": "", "2008-12-31": "", "2008-09-30": "", "2008-06-30": "", "2008-03-31": "", "2007-12-31": "", "2007-09-30": "", "2007-06-30": "", "2007-03-31": "", "2006-12-31": "", "2006-09-30": "", "2006-06-30": "", "2006-03-31": "", "2005-12-31": "", "2005-09-30": "", "2005-06-30": "", "2005-03-31": ""}, "Net Income": {"2020-12-31": "398.84300", "2020-09-30": "192.21400", "2020-06-30": "108.08900", "2020-03-31": "19.70100", "2019-12-31": "106.84200", "2019-09-30": "273.37600", "2019-06-30": "384.05200", "2019-03-31": "499.83800", "2018-12-31": "644.34210", "2018-09-30": "673.84900", "2018-06-30": "680.23400", "2018-03-31": "352.99800", "2017-12-31": "382.57210", "2017-09-30": "253.95000", "2017-06-30": "321.91000", "2017-03-31": "355.70700", "2016-12-31": "158.41000", "2016-09-30": "304.41300", "2016-06-30": "243.62000", "2016-03-31": "87.19600", "2015-12-31": "-338.97300", "2015-09-30": "226.38900", "2015-06-30": "124.34400", "2015-03-31": "67.45000", "2014-12-31": "175.15600", "2014-09-30": "244.66600", "2014-06-30": "146.55400", "2014-03-31": "110.64000", "2013-12-31": "169.89800", "2013-09-30": "147.07900", "2013-06-30": "84.72600", "2013-03-31": "84.40300", "2012-12-31": "136.43800", "2012-09-30": "109.89600", "2012-06-30": "111.87700", "2012-03-31": "144.69500", "2011-12-31": "136.64200", "2011-09-30": "180.92600", "2011-06-30": "298.72500", "2011-03-31": "159.24200", "2010-12-31": "-11.79000", "2010-09-30": "23.05900", "2010-06-30": "90.54300", "2010-03-31": "30.45700", "2009-12-31": "58.39700", "2009-09-30": "-30.06200", "2009-06-30": "-133.88000", "2009-03-31": "-190.01400", "2008-12-31": "105.30200", "2008-09-30": "731.93000", "2008-06-30": "578.46700", "2008-03-31": "408.49400", "2007-12-31": "360.60610", "2007-09-30": "381.22200", "2007-06-30": "344.85000", "2007-03-31": "381.02900", "2006-12-31": "405.10400", "2006-09-30": "521.63600", "2006-06-30": "450.01100", "2006-03-31": "380.03100", "2005-12-31": "347.99910", "2005-09-30": "291.87700", "2005-06-30": "322.70700", "2005-03-31": "354.66600"}, "EBITDA": {"2020-12-31": "", "2020-09-30": "526.78660", "2020-06-30": "425.52290", "2020-03-31": "385.30480", "2019-12-31": "398.08300", "2019-09-30": "591.09500", "2019-06-30": "751.56960", "2019-03-31": "894.82430", "2018-12-31": "1081.58500", "2018-09-30": "1126.10800", "2018-06-30": "1112.06600", "2018-03-31": "724.56380", "2017-12-31": "536.30990", "2017-09-30": "585.66740", "2017-06-30": "722.24210", "2017-03-31": "764.71720", "2016-12-31": "461.22380", "2016-09-30": "684.51290", "2016-06-30": "594.86310", "2016-03-31": "375.60070", "2015-12-31": "-235.75920", "2015-09-30": "572.99300", "2015-06-30": "432.54080", "2015-03-31": "340.30970", "2014-12-31": "512.84740", "2014-09-30": "625.09890", "2014-06-30": "465.83620", "2014-03-31": "423.67960", "2013-12-31": "432.00140", "2013-09-30": "433.99800", "2013-06-30": "336.46710", "2013-03-31": "336.46370", "2012-12-31": "422.30030", "2012-09-30": "388.45880", "2012-06-30": "403.57030", "2012-03-31": "421.33020", "2011-12-31": "406.93710", "2011-09-30": "488.43780", "2011-06-30": "665.27710", "2011-03-31": "457.69680", "2010-12-31": "174.51670", "2010-09-30": "248.79180", "2010-06-30": "345.27980", "2010-03-31": "266.30490", "2009-12-31": "282.94300", "2009-09-30": "166.50180", "2009-06-30": "-6.36500", "2009-03-31": "-73.54280", "2008-12-31": "410.25970", "2008-09-30": "1383.40700", "2008-06-30": "1130.99700", "2008-03-31": "856.03590", "2007-12-31": "769.89590", "2007-09-30": "774.99520", "2007-06-30": "718.08580", "2007-03-31": "741.48410", "2006-12-31": "761.11790", "2006-09-30": "942.17480", "2006-06-30": "821.61610", "2006-03-31": "714.55110", "2005-12-31": "656.00120", "2005-09-30": "568.73290", "2005-06-30": "616.27280", "2005-03-31": "667.85420"}, "EBIT": {"2020-12-31": "250.21920", "2020-09-30": "330.07760", "2020-06-30": "230.94190", "2020-03-31": "188.02980", "2019-12-31": "206.04300", "2019-09-30": "413.21000", "2019-06-30": "566.51370", "2019-03-31": "715.15330", "2018-12-31": "902.96140", "2018-09-30": "946.06930", "2018-06-30": "932.20900", "2018-03-31": "543.44580", "2017-12-31": "352.46440", "2017-09-30": "406.17240", "2017-06-30": "539.41410", "2017-03-31": "583.82420", "2016-12-31": "287.34470", "2016-09-30": "513.01290", "2016-06-30": "423.54910", "2016-03-31": "205.23970", "2015-12-31": "-410.86430", "2015-09-30": "399.49710", "2015-06-30": "257.71390", "2015-03-31": "163.72070", "2014-12-31": "329.23540", "2014-09-30": "446.98190", "2014-06-30": "283.05420", "2014-03-31": "243.76760", "2013-12-31": "268.33790", "2013-09-30": "283.41700", "2013-06-30": "189.97510", "2013-03-31": "186.99070", "2012-12-31": "263.48730", "2012-09-30": "234.34080", "2012-06-30": "257.40230", "2012-03-31": "273.40820", "2011-12-31": "260.05960", "2011-09-30": "335.65480", "2011-06-30": "519.20410", "2011-03-31": "313.03080", "2010-12-31": "30.39840", "2010-09-30": "101.42380", "2010-06-30": "200.26680", "2010-03-31": "120.20090", "2009-12-31": "138.62430", "2009-09-30": "22.87380", "2009-06-30": "-147.00000", "2009-03-31": "-211.38380", "2008-12-31": "266.69970", "2008-09-30": "1241.35800", "2008-06-30": "990.77250", "2008-03-31": "732.96290", "2007-12-31": "656.05620", "2007-09-30": "664.49120", "2007-06-30": "615.27980", "2007-03-31": "641.07710", "2006-12-31": "670.52440", "2006-09-30": "849.98680", "2006-06-30": "729.95310", "2006-03-31": "623.72610", "2005-12-31": "561.37450", "2005-09-30": "472.50490", "2005-06-30": "522.29170", "2005-03-31": "576.56420"}, "Basic Shares Outstanding": {"2020-12-31": "303.46700", "2020-09-30": "303.39400", "2020-06-30": "302.92100", "2020-03-31": "302.90900", "2019-12-31": "305.04000", "2019-09-30": "304.63700", "2019-06-30": "305.46100", "2019-03-31": "306.58500", "2018-12-31": "315.85800", "2018-09-30": "315.91300", "2018-06-30": "318.46700", "2018-03-31": "319.42100", "2017-12-31": "319.99000", "2017-09-30": "320.09600", "2017-06-30": "320.43900", "2017-03-31": "320.22400", "2016-12-31": "319.56300", "2016-09-30": "319.73700", "2016-06-30": "319.36000", "2016-03-31": "319.24000", "2015-12-31": "320.56500", "2015-09-30": "320.81900", "2015-06-30": "320.50600", "2015-03-31": "320.31500", "2014-12-31": "319.83800", "2014-09-30": "320.02300", "2014-06-30": "319.69300", "2014-03-31": "319.50500", "2013-12-31": "319.07700", "2013-09-30": "319.34100", "2013-06-30": "318.90300", "2013-03-31": "318.68600", "2012-12-31": "318.17200", "2012-09-30": "318.46300", "2012-06-30": "317.97500", "2012-03-31": "317.68900", "2011-12-31": "316.99700", "2011-09-30": "317.19400", "2011-06-30": "316.81100", "2011-03-31": "316.59500", "2010-12-31": "315.96200", "2010-09-30": "316.22300", "2010-06-30": "315.84900", "2010-03-31": "315.46100", "2009-12-31": "314.87300", "2009-09-30": "315.17300", "2009-06-30": "314.75200", "2009-03-31": "314.31900", "2008-12-31": "304.52500", "2008-09-30": "316.71300", "2008-06-30": "298.26200", "2008-03-31": "288.20800", "2007-12-31": "295.77900", "2007-09-30": "293.09600", "2007-06-30": "301.30200", "2007-03-31": "301.03400", "2006-12-31": "306.62100", "2006-09-30": "304.83500", "2006-06-30": "310.24300", "2006-03-31": "310.62600", "2005-12-31": "314.25600", "2005-09-30": "311.66500", "2005-06-30": "316.00000", "2005-03-31": "319.41600"}, "Shares Outstanding": {"2020-12-31": "303.80600", "2020-09-30": "303.44100", "2020-06-30": "302.93300", "2020-03-31": "302.93200", "2019-12-31": "305.50300", "2019-09-30": "304.98000", "2019-06-30": "305.95200", "2019-03-31": "307.18000", "2018-12-31": "316.73300", "2018-09-30": "316.79800", "2018-06-30": "319.39100", "2018-03-31": "320.47400", "2017-12-31": "320.77300", "2017-09-30": "320.76300", "2017-06-30": "321.22600", "2017-03-31": "321.14600", "2016-12-31": "319.82200", "2016-09-30": "320.02800", "2016-06-30": "319.58300", "2016-03-31": "319.29400", "2015-12-31": "320.67900", "2015-09-30": "320.90000", "2015-06-30": "320.70800", "2015-03-31": "320.48300", "2014-12-31": "320.12700", "2014-09-30": "320.33700", "2014-06-30": "319.98100", "2014-03-31": "319.76800", "2013-12-31": "319.26600", "2013-09-30": "319.52600", "2013-06-30": "319.02300", "2013-03-31": "318.84200", "2012-12-31": "318.24000", "2012-09-30": "318.52000", "2012-06-30": "318.04000", "2012-03-31": "317.77900", "2011-12-31": "317.16100", "2011-09-30": "317.28700", "2011-06-30": "317.02200", "2011-03-31": "316.87400", "2010-12-31": "316.51000", "2010-09-30": "316.75600", "2010-06-30": "316.47200", "2010-03-31": "316.22800", "2009-12-31": "314.87300", "2009-09-30": "315.17300", "2009-06-30": "314.75200", "2009-03-31": "314.31900", "2008-12-31": "305.00600", "2008-09-30": "317.01300", "2008-06-30": "298.66800", "2008-03-31": "289.30500", "2007-12-31": "297.01400", "2007-09-30": "295.01900", "2007-06-30": "303.33000", "2007-03-31": "303.48200", "2006-12-31": "309.38100", "2006-09-30": "307.55300", "2006-06-30": "312.95500", "2006-03-31": "313.74800", "2005-12-31": "317.13000", "2005-09-30": "314.47100", "2005-06-30": "318.63400", "2005-03-31": "322.49200"}, "Basic EPS": {"2020-12-31": "1.31000", "2020-09-30": "0.63000", "2020-06-30": "0.36000", "2020-03-31": "0.07000", "2019-12-31": "0.35000", "2019-09-30": "0.90000", "2019-06-30": "1.26000", "2019-03-31": "1.63000", "2018-12-31": "2.06000", "2018-09-30": "2.13000", "2018-06-30": "2.14000", "2018-03-31": "1.11000", "2017-12-31": "1.21000", "2017-09-30": "0.79000", "2017-06-30": "1.00000", "2017-03-31": "1.11000", "2016-12-31": "0.50000", "2016-09-30": "0.95000", "2016-06-30": "0.76000", "2016-03-31": "0.27000", "2015-12-31": "-1.06000", "2015-09-30": "0.71000", "2015-06-30": "0.39000", "2015-03-31": "0.21000", "2014-12-31": "0.55000", "2014-09-30": "0.76000", "2014-06-30": "0.46000", "2014-03-31": "0.35000", "2013-12-31": "0.53000", "2013-09-30": "0.46000", "2013-06-30": "0.27000", "2013-03-31": "0.26000", "2012-12-31": "0.42000", "2012-09-30": "0.35000", "2012-06-30": "0.35000", "2012-03-31": "0.46000", "2011-12-31": "0.44000", "2011-09-30": "0.57000", "2011-06-30": "0.94000", "2011-03-31": "0.50000", "2010-12-31": "-0.04000", "2010-09-30": "0.07000", "2010-06-30": "0.29000", "2010-03-31": "0.10000", "2009-12-31": "0.19000", "2009-09-30": "-0.10000", "2009-06-30": "-0.43000", "2009-03-31": "-0.60000", "2008-12-31": "0.32000", "2008-09-30": "2.31000", "2008-06-30": "1.94000", "2008-03-31": "1.42000", "2007-12-31": "1.25000", "2007-09-30": "1.30000", "2007-06-30": "1.14000", "2007-03-31": "1.27000", "2006-12-31": "1.35000", "2006-09-30": "1.71000", "2006-06-30": "1.45000", "2006-03-31": "1.22000", "2005-12-31": "1.12000", "2005-09-30": "0.94000", "2005-06-30": "1.02000", "2005-03-31": "1.11000"}, "EPS - Earnings Per Share": {"2020-12-31": "1.30000", "2020-09-30": "0.63000", "2020-06-30": "0.36000", "2020-03-31": "0.07000", "2019-12-31": "0.35000", "2019-09-30": "0.90000", "2019-06-30": "1.26000", "2019-03-31": "1.63000", "2018-12-31": "2.06000", "2018-09-30": "2.13000", "2018-06-30": "2.13000", "2018-03-31": "1.10000", "2017-12-31": "1.20000", "2017-09-30": "0.79000", "2017-06-30": "1.00000", "2017-03-31": "1.11000", "2016-12-31": "0.50000", "2016-09-30": "0.95000", "2016-06-30": "0.76000", "2016-03-31": "0.27000", "2015-12-31": "-1.06000", "2015-09-30": "0.71000", "2015-06-30": "0.39000", "2015-03-31": "0.21000", "2014-12-31": "0.54000", "2014-09-30": "0.76000", "2014-06-30": "0.46000", "2014-03-31": "0.35000", "2013-12-31": "0.53000", "2013-09-30": "0.46000", "2013-06-30": "0.27000", "2013-03-31": "0.26000", "2012-12-31": "0.42000", "2012-09-30": "0.35000", "2012-06-30": "0.35000", "2012-03-31": "0.46000", "2011-12-31": "0.44000", "2011-09-30": "0.57000", "2011-06-30": "0.94000", "2011-03-31": "0.50000", "2010-12-31": "-0.04000", "2010-09-30": "0.07000", "2010-06-30": "0.29000", "2010-03-31": "0.10000", "2009-12-31": "0.19000", "2009-09-30": "-0.10000", "2009-06-30": "-0.43000", "2009-03-31": "-0.60000", "2008-12-31": "0.32000", "2008-09-30": "2.31000", "2008-06-30": "1.94000", "2008-03-31": "1.41000", "2007-12-31": "1.25000", "2007-09-30": "1.29000", "2007-06-30": "1.14000", "2007-03-31": "1.26000", "2006-12-31": "1.33000", "2006-09-30": "1.70000", "2006-06-30": "1.44000", "2006-03-31": "1.21000", "2005-12-31": "1.11000", "2005-09-30": "0.93000", "2005-06-30": "1.01000", "2005-03-31": "1.10000"}}, "balance sheet": {"Cash On Hand": {"2020-12-31": "3047.67500", "2019-12-31": "1834.64500", "2018-12-31": "1398.88600", "2017-12-31": "999.10400", "2016-12-31": "2195.96100", "2015-12-31": "2039.46900", "2014-12-31": "1124.14400", "2013-12-31": "1511.44300", "2012-12-31": "1157.02900", "2011-12-31": "2563.28600", "2010-12-31": "2479.02900", "2009-12-31": "2241.98100", "2008-12-31": "2355.13000", "2007-12-31": "1576.39300", "2006-12-31": "2196.28400", "2005-12-31": "1837.51000"}, "Receivables": {"2020-12-31": "2298.85000", "2019-12-31": "2160.10200", "2018-12-31": "2505.56800", "2017-12-31": "2028.54500", "2016-12-31": "1631.67600", "2015-12-31": "1383.82300", "2014-12-31": "2068.29800", "2013-12-31": "1810.98700", "2012-12-31": "1707.31700", "2011-12-31": "1710.77300", "2010-12-31": "1439.82800", "2009-12-31": "1116.03500", "2008-12-31": "1228.80700", "2007-12-31": "1611.84400", "2006-12-31": "1067.32200", "2005-12-31": "1000.62900"}, "Inventory": {"2020-12-31": "3569.08900", "2019-12-31": "3842.09500", "2018-12-31": "4553.50000", "2017-12-31": "3461.68600", "2016-12-31": "2479.95800", "2015-12-31": "2245.46900", "2014-12-31": "2745.03200", "2013-12-31": "2605.60900", "2012-12-31": "2323.64100", "2011-12-31": "1987.25700", "2010-12-31": "1557.57400", "2009-12-31": "1312.90300", "2008-12-31": "2408.15700", "2007-12-31": "1601.60000", "2006-12-31": "1141.19400", "2005-12-31": "945.05400"}, "Pre-Paid Expenses": {"2020-12-31": "", "2019-12-31": "", "2018-12-31": "", "2017-12-31": "", "2016-12-31": "", "2015-12-31": "", "2014-12-31": "", "2013-12-31": "", "2012-12-31": "", "2011-12-31": "", "2010-12-31": "", "2009-12-31": "", "2008-12-31": "", "2007-12-31": "", "2006-12-31": "", "2005-12-31": ""}, "Other Current Assets": {"2020-12-31": "573.04800", "2019-12-31": "389.52800", "2018-12-31": "178.31100", "2017-12-31": "335.08500", "2016-12-31": "198.79800", "2015-12-31": "185.64400", "2014-12-31": "504.41400", "2013-12-31": "482.00700", "2012-12-31": "473.37700", "2011-12-31": "446.76500", "2010-12-31": "384.74400", "2009-12-31": "511.32900", "2008-12-31": "405.39200", "2007-12-31": "283.41200", "2006-12-31": "278.26500", "2005-12-31": "288.36000"}, "Total Current Assets": {"2020-12-31": "9488.66200", "2019-12-31": "8226.37000", "2018-12-31": "8636.26500", "2017-12-31": "6824.42000", "2016-12-31": "6506.39300", "2015-12-31": "5854.40500", "2014-12-31": "6441.88800", "2013-12-31": "6410.04600", "2012-12-31": "5661.36400", "2011-12-31": "6708.08100", "2010-12-31": "5861.17500", "2009-12-31": "5182.24800", "2008-12-31": "6397.48600", "2007-12-31": "5073.24900", "2006-12-31": "4683.06500", "2005-12-31": "4071.55300"}, "Property, Plant, And Equipment": {"2020-12-31": "6899.11000", "2019-12-31": "6178.55500", "2018-12-31": "5334.74800", "2017-12-31": "5093.14700", "2016-12-31": "5078.65000", "2015-12-31": "4891.15300", "2014-12-31": "5287.63900", "2013-12-31": "4917.02400", "2012-12-31": "4283.05600", "2011-12-31": "3755.60400", "2010-12-31": "3852.11800", "2009-12-31": "4013.83600", "2008-12-31": "4131.86100", "2007-12-31": "3232.99800", "2006-12-31": "2856.41500", "2005-12-31": "2855.71700"}, "Long-Term Investments": {"2020-12-31": "", "2019-12-31": "", "2018-12-31": "", "2017-12-31": "", "2016-12-31": "", "2015-12-31": "", "2014-12-31": "", "2013-12-31": "", "2012-12-31": "", "2011-12-31": "", "2010-12-31": "", "2009-12-31": "", "2008-12-31": "", "2007-12-31": "", "2006-12-31": "", "2005-12-31": ""}, "Goodwill And Intangible Assets": {"2020-12-31": "2897.69300", "2019-12-31": "2943.24900", "2018-12-31": "3012.84000", "2017-12-31": "3110.70400", "2016-12-31": "2919.56300", "2015-12-31": "2781.95000", "2014-12-31": "2930.75700", "2013-12-31": "2847.76200", "2012-12-31": "2963.77800", "2011-12-31": "2615.30100", "2010-12-31": "2692.41900", "2009-12-31": "2705.94300", "2008-12-31": "2678.59000", "2007-12-31": "1317.82300", "2006-12-31": "148.28000", "2005-12-31": ""}, "Other Long-Term Assets": {"2020-12-31": "839.92900", "2019-12-31": "996.49200", "2018-12-31": "936.73500", "2017-12-31": "812.98700", "2016-12-31": "718.91200", "2015-12-31": "799.46100", "2014-12-31": "955.64300", "2013-12-31": "1028.45100", "2012-12-31": "1243.86100", "2011-12-31": "1491.36400", "2010-12-31": "1516.19800", "2009-12-31": "669.87700", "2008-12-31": "666.50600", "2007-12-31": "202.05200", "2006-12-31": "205.25800", "2005-12-31": "211.51700"}, "Total Long-Term Assets": {"2020-12-31": "10636.73000", "2019-12-31": "10118.30000", "2018-12-31": "9284.32300", "2017-12-31": "9016.83900", "2016-12-31": "8717.12500", "2015-12-31": "8472.56300", "2014-12-31": "9174.03900", "2013-12-31": "8793.23700", "2012-12-31": "8490.69500", "2011-12-31": "7862.27000", "2010-12-31": "8060.73500", "2009-12-31": "7389.65600", "2008-12-31": "7476.95700", "2007-12-31": "4752.87300", "2006-12-31": "3209.95300", "2005-12-31": "3067.23400"}, "Total Assets": {"2020-12-31": "20125.39000", "2019-12-31": "18344.67000", "2018-12-31": "17920.59000", "2017-12-31": "15841.26000", "2016-12-31": "15223.52000", "2015-12-31": "14326.97000", "2014-12-31": "15615.93000", "2013-12-31": "15203.28000", "2012-12-31": "14152.06000", "2011-12-31": "14570.35000", "2010-12-31": "13921.91000", "2009-12-31": "12571.90000", "2008-12-31": "13874.44000", "2007-12-31": "9826.12200", "2006-12-31": "7893.01800", "2005-12-31": "7138.78700"}, "Total Current Liabilities": {"2020-12-31": "2627.86000", "2019-12-31": "2463.77400", "2018-12-31": "2806.30000", "2017-12-31": "2824.76400", "2016-12-31": "2389.96600", "2015-12-31": "1385.17300", "2014-12-31": "2097.77600", "2013-12-31": "1960.21600", "2012-12-31": "2029.56800", "2011-12-31": "2396.05900", "2010-12-31": "1504.43800", "2009-12-31": "1227.05700", "2008-12-31": "1854.19200", "2007-12-31": "1582.03600", "2006-12-31": "1421.91700", "2005-12-31": "1255.69900"}, "Long Term Debt": {"2020-12-31": "5271.78900", "2019-12-31": "4291.30100", "2018-12-31": "4233.27600", "2017-12-31": "3242.24200", "2016-12-31": "3739.14100", "2015-12-31": "4337.14500", "2014-12-31": "4360.60000", "2013-12-31": "4376.90000", "2012-12-31": "3380.20000", "2011-12-31": "3630.20000", "2010-12-31": "4280.20000", "2009-12-31": "3080.20000", "2008-12-31": "3086.20000", "2007-12-31": "2250.30000", "2006-12-31": "922.30000", "2005-12-31": "922.30000"}, "Other Non-Current Liabilities": {"2020-12-31": "", "2019-12-31": "", "2018-12-31": "", "2017-12-31": "", "2016-12-31": "", "2015-12-31": "", "2014-12-31": "", "2013-12-31": "", "2012-12-31": "", "2011-12-31": "", "2010-12-31": "", "2009-12-31": "", "2008-12-31": "", "2007-12-31": "", "2006-12-31": "", "2005-12-31": ""}, "Total Long Term Liabilities": {"2020-12-31": "6265.67300", "2019-12-31": "5089.71600", "2018-12-31": "4912.32000", "2017-12-31": "3931.70600", "2016-12-31": "4578.84400", "2015-12-31": "5091.91900", "2014-12-31": "5443.03300", "2013-12-31": "5332.78900", "2012-12-31": "4237.11700", "2011-12-31": "4467.71100", "2010-12-31": "5086.77800", "2009-12-31": "3760.55800", "2008-12-31": "3763.57000", "2007-12-31": "3131.16900", "2006-12-31": "1613.75000", "2005-12-31": "1603.30000"}, "Total Liabilities": {"2020-12-31": "8893.53300", "2019-12-31": "7553.49000", "2018-12-31": "7718.62000", "2017-12-31": "6756.47000", "2016-12-31": "6968.81000", "2015-12-31": "6477.09200", "2014-12-31": "7540.80900", "2013-12-31": "7293.00500", "2012-12-31": "6266.68500", "2011-12-31": "6863.77000", "2010-12-31": "6591.21600", "2009-12-31": "4987.61500", "2008-12-31": "5617.76200", "2007-12-31": "4713.20500", "2006-12-31": "3035.66700", "2005-12-31": "2858.99900"}, "Common Stock Net": {"2020-12-31": "152.06100", "2019-12-31": "152.06100", "2018-12-31": "152.06100", "2017-12-31": "151.96000", "2016-12-31": "151.73400", "2015-12-31": "151.42600", "2014-12-31": "151.23700", "2013-12-31": "151.01000", "2012-12-31": "150.80500", "2011-12-31": "150.49600", "2010-12-31": "150.18100", "2009-12-31": "149.87700", "2008-12-31": "149.62800", "2007-12-31": "149.30200", "2006-12-31": "149.00600", "2005-12-31": "74.12000"}, "Retained Earnings (Accumulated Deficit)": {"2020-12-31": "11343.85000", "2019-12-31": "11115.06000", "2018-12-31": "10337.45000", "2017-12-31": "8463.70900", "2016-12-31": "7630.91600", "2015-12-31": "7316.91000", "2014-12-31": "7378.21400", "2013-12-31": "7140.44000", "2012-12-31": "7124.52300", "2011-12-31": "7111.56600", "2010-12-31": "6795.98800", "2009-12-31": "7120.21800", "2008-12-31": "7860.62900", "2007-12-31": "6621.64600", "2006-12-31": "5840.06700", "2005-12-31": "4709.11100"}, "Comprehensive Income": {"2020-12-31": "-118.86100", "2019-12-31": "-302.96600", "2018-12-31": "-304.13300", "2017-12-31": "-254.68100", "2016-12-31": "-317.84300", "2015-12-31": "-351.36200", "2014-12-31": "-145.70800", "2013-12-31": "9.08000", "2012-12-31": "56.76100", "2011-12-31": "-38.17700", "2010-12-31": "-27.77600", "2009-12-31": "-41.05600", "2008-12-31": "-190.26200", "2007-12-31": "163.36200", "2006-12-31": "4.47000", "2005-12-31": "46.60000"}, "Other Share Holders Equity": {"2020-12-31": "", "2019-12-31": "", "2018-12-31": "", "2017-12-31": "", "2016-12-31": "", "2015-12-31": "", "2014-12-31": "", "2013-12-31": "", "2012-12-31": "", "2011-12-31": "", "2010-12-31": "", "2009-12-31": "", "2008-12-31": "", "2007-12-31": "", "2006-12-31": "", "2005-12-31": ""}, "Share Holder Equity": {"2020-12-31": "11231.86000", "2019-12-31": "10791.18000", "2018-12-31": "10201.97000", "2017-12-31": "9084.78800", "2016-12-31": "8254.70800", "2015-12-31": "7849.87700", "2014-12-31": "8075.11800", "2013-12-31": "7910.27800", "2012-12-31": "7885.37400", "2011-12-31": "7706.58000", "2010-12-31": "7330.69400", "2009-12-31": "7584.28900", "2008-12-31": "8256.68100", "2007-12-31": "5112.91700", "2006-12-31": "4857.35100", "2005-12-31": "4279.78800"}, "Total Liabilities And Share Holders Equity": {"2020-12-31": "20125.39000", "2019-12-31": "18344.67000", "2018-12-31": "17920.59000", "2017-12-31": "15841.26000", "2016-12-31": "15223.52000", "2015-12-31": "14326.97000", "2014-12-31": "15615.93000", "2013-12-31": "15203.28000", "2012-12-31": "14152.06000", "2011-12-31": "14570.35000", "2010-12-31": "13921.91000", "2009-12-31": "12571.90000", "2008-12-31": "13874.44000", "2007-12-31": "9826.12200", "2006-12-31": "7893.01800", "2005-12-31": "7138.78700"}}, "balance sheet, quarterly": {"Cash On Hand": {"2020-12-31": "3047.67500", "2020-09-30": "3278.97900", "2020-06-30": "3036.66200", "2020-03-31": "1391.15700", "2019-12-31": "1834.64500", "2019-09-30": "1935.98100", "2019-06-30": "1481.79200", "2019-03-31": "1600.80700", "2018-12-31": "1398.88600", "2018-09-30": "1932.15500", "2018-06-30": "1486.45300", "2018-03-31": "760.25400", "2017-12-31": "999.10400", "2017-09-30": "1625.94400", "2017-06-30": "1561.35300", "2017-03-31": "1707.75900", "2016-12-31": "2195.96100", "2016-09-30": "2354.70700", "2016-06-30": "2331.15000", "2016-03-31": "2328.48800", "2015-12-31": "2039.46900", "2015-09-30": "1995.42500", "2015-06-30": "1688.73200", "2015-03-31": "1265.86400", "2014-12-31": "1124.14400", "2014-09-30": "1395.94500", "2014-06-30": "1167.56100", "2014-03-31": "1252.54200", "2013-12-31": "1511.44300", "2013-09-30": "1771.38500", "2013-06-30": "678.12300", "2013-03-31": "932.20300", "2012-12-31": "1157.02900", "2012-09-30": "2123.46300", "2012-06-30": "1681.41000", "2012-03-31": "2378.10300", "2011-12-31": "2563.28600", "2011-09-30": "2413.98800", "2011-06-30": "2282.22800", "2011-03-31": "2296.01700", "2010-12-31": "2479.02900", "2010-09-30": "2006.58800", "2010-06-30": "1141.99900", "2010-03-31": "2000.08400", "2009-12-31": "2241.98100", "2009-09-30": "2221.14300", "2009-06-30": "2196.59200", "2009-03-31": "1900.07900", "2008-12-31": "2355.13000", "2008-09-30": "1679.19200", "2008-06-30": "2791.88000", "2008-03-31": "733.99500", "2007-12-31": "1576.39300", "2007-09-30": "272.25600", "2007-06-30": "975.32100", "2007-03-31": "1369.07100", "2006-12-31": "2196.28400", "2006-09-30": "2221.53500", "2006-06-30": "2154.12900", "2006-03-31": "2205.00100", "2005-12-31": "1837.51000", "2005-09-30": "1607.23800", "2005-06-30": "1060.75500", "2005-03-31": "1202.71100"}, "Receivables": {"2020-12-31": "2298.85000", "2020-09-30": "2119.42100", "2020-06-30": "1888.92900", "2020-03-31": "2273.15700", "2019-12-31": "2160.10200", "2019-09-30": "2312.36600", "2019-06-30": "2399.23900", "2019-03-31": "2483.13800", "2018-12-31": "2505.56800", "2018-09-30": "2636.03800", "2018-06-30": "2637.74400", "2018-03-31": "2371.75800", "2017-12-31": "2028.54500", "2017-09-30": "2113.89000", "2017-06-30": "2081.15000", "2017-03-31": "1980.55600", "2016-12-31": "1631.67600", "2016-09-30": "1850.45500", "2016-06-30": "1789.94200", "2016-03-31": "1493.89200", "2015-12-31": "1383.82300", "2015-09-30": "1716.35600", "2015-06-30": "1791.52300", "2015-03-31": "1711.10100", "2014-12-31": "2068.29800", "2014-09-30": "2243.90800", "2014-06-30": "2071.43900", "2014-03-31": "1900.29300", "2013-12-31": "1810.98700", "2013-09-30": "1918.16500", "2013-06-30": "1767.17700", "2013-03-31": "1791.32100", "2012-12-31": "1707.31700", "2012-09-30": "1799.30500", "2012-06-30": "1919.46500", "2012-03-31": "1791.69500", "2011-12-31": "1710.77300", "2011-09-30": "1838.12600", "2011-06-30": "1837.17500", "2011-03-31": "1704.78900", "2010-12-31": "1439.82800", "2010-09-30": "1468.67600", "2010-06-30": "1420.73100", "2010-03-31": "1302.31600", "2009-12-31": "1116.03500", "2009-09-30": "1156.51000", "2009-06-30": "960.22600", "2009-03-31": "933.76300", "2008-12-31": "1228.80700", "2008-09-30": "2553.12800", "2008-06-30": "2611.59000", "2008-03-31": "1965.00200", "2007-12-31": "1611.84400", "2007-09-30": "1629.68200", "2007-06-30": "1528.59700", "2007-03-31": "1432.12300", "2006-12-31": "1067.32200", "2006-09-30": "1230.89900", "2006-06-30": "1224.39000", "2006-03-31": "1068.75200", "2005-12-31": "1000.62900", "2005-09-30": "1017.90000", "2005-06-30": "933.66700", "2005-03-31": "1021.43000"}, "Inventory": {"2020-12-31": "3569.08900", "2020-09-30": "3260.68500", "2020-06-30": "3373.25800", "2020-03-31": "3875.59000", "2019-12-31": "3842.09500", "2019-09-30": "4072.46400", "2019-06-30": "4268.79900", "2019-03-31": "4445.22800", "2018-12-31": "4553.50000", "2018-09-30": "4105.71400", "2018-06-30": "4133.47200", "2018-03-31": "3708.50300", "2017-12-31": "3461.68600", "2017-09-30": "3522.19900", "2017-06-30": "3326.56300", "2017-03-31": "3064.17000", "2016-12-31": "2479.95800", "2016-09-30": "2338.43200", "2016-06-30": "2288.13400", "2016-03-31": "2007.87900", "2015-12-31": "2245.46900", "2015-09-30": "2361.07100", "2015-06-30": "2267.39400", "2015-03-31": "2405.91600", "2014-12-31": "2745.03200", "2014-09-30": "2683.23500", "2014-06-30": "2738.65800", "2014-03-31": "2724.19400", "2013-12-31": "2605.60900", "2013-09-30": "2439.84700", "2013-06-30": "2279.74400", "2013-03-31": "2381.64800", "2012-12-31": "2323.64100", "2012-09-30": "2217.37400", "2012-06-30": "2406.12200", "2012-03-31": "2258.64500", "2011-12-31": "1987.25700", "2011-09-30": "2188.82800", "2011-06-30": "2222.16700", "2011-03-31": "1959.17000", "2010-12-31": "1557.57400", "2010-09-30": "1649.60500", "2010-06-30": "1951.73200", "2010-03-31": "1624.97100", "2009-12-31": "1312.90300", "2009-09-30": "1310.11400", "2009-06-30": "1268.20000", "2009-03-31": "1883.95600", "2008-12-31": "2408.15700", "2008-09-30": "3145.70600", "2008-06-30": "2498.01800", "2008-03-31": "1877.37100", "2007-12-31": "1601.60000", "2007-09-30": "1604.58000", "2007-06-30": "1565.15000", "2007-03-31": "1408.28500", "2006-12-31": "1141.19400", "2006-09-30": "1154.24300", "2006-06-30": "1050.48500", "2006-03-31": "941.22300", "2005-12-31": "945.05400", "2005-09-30": "951.14300", "2005-06-30": "1149.45400", "2005-03-31": "1192.68600"}, "Pre-Paid Expenses": {"2020-12-31": "", "2020-09-30": "", "2020-06-30": "", "2020-03-31": "", "2019-12-31": "", "2019-09-30": "", "2019-06-30": "", "2019-03-31": "", "2018-12-31": "", "2018-09-30": "", "2018-06-30": "", "2018-03-31": "", "2017-12-31": "", "2017-09-30": "", "2017-06-30": "", "2017-03-31": "", "2016-12-31": "", "2016-09-30": "", "2016-06-30": "", "2016-03-31": "", "2015-12-31": "", "2015-09-30": "", "2015-06-30": "", "2015-03-31": "", "2014-12-31": "", "2014-09-30": "", "2014-06-30": "", "2014-03-31": "", "2013-12-31": "", "2013-09-30": "", "2013-06-30": "", "2013-03-31": "", "2012-12-31": "", "2012-09-30": "", "2012-06-30": "", "2012-03-31": "", "2011-12-31": "", "2011-09-30": "", "2011-06-30": "", "2011-03-31": "", "2010-12-31": "", "2010-09-30": "", "2010-06-30": "", "2010-03-31": "", "2009-12-31": "", "2009-09-30": "", "2009-06-30": "", "2009-03-31": "", "2008-12-31": "", "2008-09-30": "", "2008-06-30": "", "2008-03-31": "", "2007-12-31": "", "2007-09-30": "", "2007-06-30": "", "2007-03-31": "", "2006-12-31": "", "2006-09-30": "", "2006-06-30": "", "2006-03-31": "", "2005-12-31": "", "2005-09-30": "", "2005-06-30": "", "2005-03-31": ""}, "Other Current Assets": {"2020-12-31": "573.04800", "2020-09-30": "306.76200", "2020-06-30": "336.11500", "2020-03-31": "307.34700", "2019-12-31": "389.52800", "2019-09-30": "363.47700", "2019-06-30": "317.36900", "2019-03-31": "121.17000", "2018-12-31": "178.31100", "2018-09-30": "170.34400", "2018-06-30": "143.56600", "2018-03-31": "238.70100", "2017-12-31": "335.08500", "2017-09-30": "238.61400", "2017-06-30": "213.62600", "2017-03-31": "125.70800", "2016-12-31": "198.79800", "2016-09-30": "156.82800", "2016-06-30": "129.27200", "2016-03-31": "175.89000", "2015-12-31": "185.64400", "2015-09-30": "392.87900", "2015-06-30": "407.08800", "2015-03-31": "480.10800", "2014-12-31": "504.41400", "2014-09-30": "473.15600", "2014-06-30": "517.13200", "2014-03-31": "432.84400", "2013-12-31": "482.00700", "2013-09-30": "339.48000", "2013-06-30": "458.11900", "2013-03-31": "441.56900", "2012-12-31": "473.37700", "2012-09-30": "481.93100", "2012-06-30": "479.34700", "2012-03-31": "431.04200", "2011-12-31": "446.76500", "2011-09-30": "452.95400", "2011-06-30": "374.92500", "2011-03-31": "335.63400", "2010-12-31": "384.74400", "2010-09-30": "636.24400", "2010-06-30": "672.47100", "2010-03-31": "534.41500", "2009-12-31": "511.32900", "2009-09-30": "514.78500", "2009-06-30": "502.81000", "2009-03-31": "472.04600", "2008-12-31": "405.39200", "2008-09-30": "254.95400", "2008-06-30": "282.26900", "2008-03-31": "298.27400", "2007-12-31": "283.41200", "2007-09-30": "256.90500", "2007-06-30": "326.77800", "2007-03-31": "218.95400", "2006-12-31": "278.26500", "2006-09-30": "225.34300", "2006-06-30": "268.45100", "2006-03-31": "247.13900", "2005-12-31": "288.36000", "2005-09-30": "228.72900", "2005-06-30": "231.10600", "2005-03-31": "194.51400"}, "Total Current Assets": {"2020-12-31": "9488.66200", "2020-09-30": "8965.84700", "2020-06-30": "8634.96400", "2020-03-31": "7847.25100", "2019-12-31": "8226.37000", "2019-09-30": "8684.28800", "2019-06-30": "8467.19900", "2019-03-31": "8650.34300", "2018-12-31": "8636.26500", "2018-09-30": "8844.25100", "2018-06-30": "8401.23500", "2018-03-31": "7079.21600", "2017-12-31": "6824.42000", "2017-09-30": "7500.64700", "2017-06-30": "7182.69200", "2017-03-31": "6878.19300", "2016-12-31": "6506.39300", "2016-09-30": "6700.42200", "2016-06-30": "6538.49800", "2016-03-31": "6006.14900", "2015-12-31": "5854.40500", "2015-09-30": "6465.73100", "2015-06-30": "6154.73700", "2015-03-31": "5862.98900", "2014-12-31": "6441.88800", "2014-09-30": "6796.24400", "2014-06-30": "6494.79000", "2014-03-31": "6309.87300", "2013-12-31": "6410.04600", "2013-09-30": "6468.87700", "2013-06-30": "5183.16300", "2013-03-31": "5546.74100", "2012-12-31": "5661.36400", "2012-09-30": "6622.07300", "2012-06-30": "6486.34400", "2012-03-31": "6859.48500", "2011-12-31": "6708.08100", "2011-09-30": "6893.89600", "2011-06-30": "6716.49500", "2011-03-31": "6295.61000", "2010-12-31": "5861.17500", "2010-09-30": "5761.11300", "2010-06-30": "5186.93300", "2010-03-31": "5461.78600", "2009-12-31": "5182.24800", "2009-09-30": "5202.55200", "2009-06-30": "4927.82800", "2009-03-31": "5189.84400", "2008-12-31": "6397.48600", "2008-09-30": "7632.98000", "2008-06-30": "8183.75700", "2008-03-31": "4874.64200", "2007-12-31": "5073.24900", "2007-09-30": "3763.42300", "2007-06-30": "4395.84600", "2007-03-31": "4428.43300", "2006-12-31": "4683.06500", "2006-09-30": "4832.02000", "2006-06-30": "4697.45500", "2006-03-31": "4462.11500", "2005-12-31": "4071.55300", "2005-09-30": "3805.01000", "2005-06-30": "3374.98200", "2005-03-31": "3611.34100"}, "Property, Plant, And Equipment": {"2020-12-31": "6899.11000", "2020-09-30": "6829.73300", "2020-06-30": "6556.45100", "2020-03-31": "6416.95900", "2019-12-31": "6178.55500", "2019-09-30": "5886.73000", "2019-06-30": "5797.51300", "2019-03-31": "5573.23700", "2018-12-31": "5334.74800", "2018-09-30": "5151.30200", "2018-06-30": "5122.38100", "2018-03-31": "5090.89000", "2017-12-31": "5093.14700", "2017-09-30": "5095.88000", "2017-06-30": "5062.42300", "2017-03-31": "5133.40400", "2016-12-31": "5078.65000", "2016-09-30": "4913.35500", "2016-06-30": "4816.98800", "2016-03-31": "4813.56500", "2015-12-31": "4891.15300", "2015-09-30": "5040.90200", "2015-06-30": "5120.87000", "2015-03-31": "5184.23500", "2014-12-31": "5287.63900", "2014-09-30": "4884.01000", "2014-06-30": "4971.81300", "2014-03-31": "4960.94800", "2013-12-31": "4917.02400", "2013-09-30": "4697.33900", "2013-06-30": "4608.99700", "2013-03-31": "4450.94500", "2012-12-31": "4283.05600", "2012-09-30": "4106.23800", "2012-06-30": "3959.27900", "2012-03-31": "3817.40200", "2011-12-31": "3755.60400", "2011-09-30": "3766.64300", "2011-06-30": "3804.57400", "2011-03-31": "3831.61300", "2010-12-31": "3852.11800", "2010-09-30": "3847.93100", "2010-06-30": "3903.90300", "2010-03-31": "3963.46700", "2009-12-31": "4013.83600", "2009-09-30": "4071.22900", "2009-06-30": "4117.54200", "2009-03-31": "4126.42700", "2008-12-31": "4131.86100", "2008-09-30": "4075.02000", "2008-06-30": "3829.47200", "2008-03-31": "3631.79200", "2007-12-31": "3232.99800", "2007-09-30": "3101.98100", "2007-06-30": "2997.08400", "2007-03-31": "2978.73500", "2006-12-31": "2856.41500", "2006-09-30": "2835.69000", "2006-06-30": "2825.10700", "2006-03-31": "2829.92500", "2005-12-31": "2855.71700", "2005-09-30": "2845.58700", "2005-06-30": "2867.87800", "2005-03-31": "2818.76100"}, "Long-Term Investments": {"2020-12-31": "", "2020-09-30": "", "2020-06-30": "", "2020-03-31": "", "2019-12-31": "", "2019-09-30": "", "2019-06-30": "", "2019-03-31": "", "2018-12-31": "", "2018-09-30": "", "2018-06-30": "", "2018-03-31": "", "2017-12-31": "", "2017-09-30": "", "2017-06-30": "", "2017-03-31": "", "2016-12-31": "", "2016-09-30": "", "2016-06-30": "", "2016-03-31": "", "2015-12-31": "", "2015-09-30": "", "2015-06-30": "", "2015-03-31": "", "2014-12-31": "", "2014-09-30": "", "2014-06-30": "", "2014-03-31": "", "2013-12-31": "", "2013-09-30": "", "2013-06-30": "", "2013-03-31": "", "2012-12-31": "", "2012-09-30": "", "2012-06-30": "", "2012-03-31": "", "2011-12-31": "", "2011-09-30": "", "2011-06-30": "", "2011-03-31": "", "2010-12-31": "", "2010-09-30": "", "2010-06-30": "", "2010-03-31": "", "2009-12-31": "", "2009-09-30": "", "2009-06-30": "", "2009-03-31": "", "2008-12-31": "", "2008-09-30": "", "2008-06-30": "", "2008-03-31": "", "2007-12-31": "", "2007-09-30": "", "2007-06-30": "", "2007-03-31": "", "2006-12-31": "", "2006-09-30": "", "2006-06-30": "", "2006-03-31": "", "2005-12-31": "", "2005-09-30": "", "2005-06-30": "", "2005-03-31": ""}, "Goodwill And Intangible Assets": {"2020-12-31": "2897.69300", "2020-09-30": "2874.34600", "2020-06-30": "2888.58100", "2020-03-31": "2901.00000", "2019-12-31": "2943.24900", "2019-09-30": "2950.76600", "2019-06-30": "2974.23100", "2019-03-31": "2990.56500", "2018-12-31": "3012.84000", "2018-09-30": "3041.80000", "2018-06-30": "3053.71400", "2018-03-31": "3087.68600", "2017-12-31": "3110.70400", "2017-09-30": "3148.55100", "2017-06-30": "3126.61900", "2017-03-31": "3146.76800", "2016-12-31": "2919.56300", "2016-09-30": "2784.46800", "2016-06-30": "2771.33900", "2016-03-31": "2782.10400", "2015-12-31": "2781.95000", "2015-09-30": "2816.83400", "2015-06-30": "2865.14800", "2015-03-31": "2878.12000", "2014-12-31": "2930.75700", "2014-09-30": "2801.85400", "2014-06-30": "2813.89700", "2014-03-31": "2809.98000", "2013-12-31": "2847.76200", "2013-09-30": "2880.02400", "2013-06-30": "2895.81500", "2013-03-31": "2925.29800", "2012-12-31": "2963.77800", "2012-09-30": "2988.80900", "2012-06-30": "2979.09800", "2012-03-31": "2648.00200", "2011-12-31": "2615.30100", "2011-09-30": "2632.42400", "2011-06-30": "2672.73700", "2011-03-31": "2692.98800", "2010-12-31": "2692.41900", "2010-09-30": "2702.32100", "2010-06-30": "2714.22200", "2010-03-31": "2736.43700", "2009-12-31": "2705.94300", "2009-09-30": "2710.75400", "2009-06-30": "2698.54700", "2009-03-31": "2654.42800", "2008-12-31": "2678.59000", "2008-09-30": "2787.63400", "2008-06-30": "2675.01000", "2008-03-31": "2592.78500", "2007-12-31": "1317.82300", "2007-09-30": "1284.16400", "2007-06-30": "928.26700", "2007-03-31": "933.26100", "2006-12-31": "148.28000", "2006-09-30": "", "2006-06-30": "", "2006-03-31": "", "2005-12-31": "", "2005-09-30": "", "2005-06-30": "", "2005-03-31": ""}, "Other Long-Term Assets": {"2020-12-31": "839.92900", "2020-09-30": "849.35100", "2020-06-30": "685.96900", "2020-03-31": "700.85100", "2019-12-31": "996.49200", "2019-09-30": "984.48100", "2019-06-30": "887.53700", "2019-03-31": "872.55300", "2018-12-31": "936.73500", "2018-09-30": "925.54000", "2018-06-30": "874.36200", "2018-03-31": "863.45400", "2017-12-31": "812.98700", "2017-09-30": "758.75600", "2017-06-30": "740.99100", "2017-03-31": "717.09500", "2016-12-31": "718.91200", "2016-09-30": "715.43400", "2016-06-30": "797.75800", "2016-03-31": "793.28600", "2015-12-31": "799.46100", "2015-09-30": "946.00100", "2015-06-30": "927.42200", "2015-03-31": "930.09400", "2014-12-31": "955.64300", "2014-09-30": "1011.48600", "2014-06-30": "1030.38800", "2014-03-31": "1037.21000", "2013-12-31": "1028.45100", "2013-09-30": "1045.53600", "2013-06-30": "1078.67600", "2013-03-31": "1116.02600", "2012-12-31": "1243.86100", "2012-09-30": "1280.12700", "2012-06-30": "1341.84500", "2012-03-31": "1489.57600", "2011-12-31": "1491.36400", "2011-09-30": "1514.30200", "2011-06-30": "1539.74300", "2011-03-31": "1524.23500", "2010-12-31": "1516.19800", "2010-09-30": "949.56000", "2010-06-30": "883.12200", "2010-03-31": "641.01200", "2009-12-31": "669.87700", "2009-09-30": "685.47700", "2009-06-30": "667.13000", "2009-03-31": "615.77500", "2008-12-31": "666.50600", "2008-09-30": "840.91300", "2008-06-30": "304.21700", "2008-03-31": "241.30200", "2007-12-31": "202.05200", "2007-09-30": "150.67500", "2007-06-30": "147.11000", "2007-03-31": "145.30500", "2006-12-31": "205.25800", "2006-09-30": "227.95700", "2006-06-30": "223.19100", "2006-03-31": "212.10600", "2005-12-31": "211.51700", "2005-09-30": "308.27800", "2005-06-30": "219.64500", "2005-03-31": "183.03200"}, "Total Long-Term Assets": {"2020-12-31": "10636.73000", "2020-09-30": "10553.43000", "2020-06-30": "10131.00000", "2020-03-31": "10018.81000", "2019-12-31": "10118.30000", "2019-09-30": "9821.97800", "2019-06-30": "9659.28100", "2019-03-31": "9436.35400", "2018-12-31": "9284.32300", "2018-09-30": "9118.64200", "2018-06-30": "9050.45700", "2018-03-31": "9042.03000", "2017-12-31": "9016.83900", "2017-09-30": "9003.18700", "2017-06-30": "8930.03300", "2017-03-31": "8997.26700", "2016-12-31": "8717.12500", "2016-09-30": "8413.25700", "2016-06-30": "8386.08500", "2016-03-31": "8388.95500", "2015-12-31": "8472.56300", "2015-09-30": "8803.73600", "2015-06-30": "8913.44000", "2015-03-31": "8992.44800", "2014-12-31": "9174.03900", "2014-09-30": "8697.35000", "2014-06-30": "8816.09800", "2014-03-31": "8808.13900", "2013-12-31": "8793.23700", "2013-09-30": "8622.89800", "2013-06-30": "8583.48800", "2013-03-31": "8492.26900", "2012-12-31": "8490.69500", "2012-09-30": "8375.17400", "2012-06-30": "8280.22200", "2012-03-31": "7954.98000", "2011-12-31": "7862.27000", "2011-09-30": "7913.36900", "2011-06-30": "8017.05400", "2011-03-31": "8048.83600", "2010-12-31": "8060.73500", "2010-09-30": "7499.81200", "2010-06-30": "7501.24700", "2010-03-31": "7340.91700", "2009-12-31": "7389.65600", "2009-09-30": "7467.46000", "2009-06-30": "7483.21900", "2009-03-31": "7396.62900", "2008-12-31": "7476.95700", "2008-09-30": "7703.56700", "2008-06-30": "6808.69900", "2008-03-31": "6465.87900", "2007-12-31": "4752.87300", "2007-09-30": "4536.82000", "2007-06-30": "4072.46100", "2007-03-31": "4057.30100", "2006-12-31": "3209.95300", "2006-09-30": "3063.64700", "2006-06-30": "3048.29800", "2006-03-31": "3042.03100", "2005-12-31": "3067.23400", "2005-09-30": "3153.86500", "2005-06-30": "3087.52300", "2005-03-31": "3001.79300"}, "Total Assets": {"2020-12-31": "20125.39000", "2020-09-30": "19519.28000", "2020-06-30": "18765.96000", "2020-03-31": "17866.06000", "2019-12-31": "18344.67000", "2019-09-30": "18506.27000", "2019-06-30": "18126.48000", "2019-03-31": "18086.70000", "2018-12-31": "17920.59000", "2018-09-30": "17962.89000", "2018-06-30": "17451.69000", "2018-03-31": "16121.25000", "2017-12-31": "15841.26000", "2017-09-30": "16503.83000", "2017-06-30": "16112.72000", "2017-03-31": "15875.46000", "2016-12-31": "15223.52000", "2016-09-30": "15113.68000", "2016-06-30": "14924.58000", "2016-03-31": "14395.10000", "2015-12-31": "14326.97000", "2015-09-30": "15269.47000", "2015-06-30": "15068.18000", "2015-03-31": "14855.44000", "2014-12-31": "15615.93000", "2014-09-30": "15493.59000", "2014-06-30": "15310.89000", "2014-03-31": "15118.01000", "2013-12-31": "15203.28000", "2013-09-30": "15091.78000", "2013-06-30": "13766.65000", "2013-03-31": "14039.01000", "2012-12-31": "14152.06000", "2012-09-30": "14997.25000", "2012-06-30": "14766.57000", "2012-03-31": "14814.46000", "2011-12-31": "14570.35000", "2011-09-30": "14807.26000", "2011-06-30": "14733.55000", "2011-03-31": "14344.45000", "2010-12-31": "13921.91000", "2010-09-30": "13260.92000", "2010-06-30": "12688.18000", "2010-03-31": "12802.70000", "2009-12-31": "12571.90000", "2009-09-30": "12670.01000", "2009-06-30": "12411.05000", "2009-03-31": "12586.47000", "2008-12-31": "13874.44000", "2008-09-30": "15336.55000", "2008-06-30": "14992.46000", "2008-03-31": "11340.52000", "2007-12-31": "9826.12200", "2007-09-30": "8300.24300", "2007-06-30": "8468.30700", "2007-03-31": "8485.73400", "2006-12-31": "7893.01800", "2006-09-30": "7895.66700", "2006-06-30": "7745.75300", "2006-03-31": "7504.14600", "2005-12-31": "7138.78700", "2005-09-30": "6958.87500", "2005-06-30": "6462.50500", "2005-03-31": "6613.13400"}, "Total Current Liabilities": {"2020-12-31": "2627.86000", "2020-09-30": "2373.29500", "2020-06-30": "1965.03800", "2020-03-31": "2218.57200", "2019-12-31": "2463.77400", "2019-09-30": "2585.99300", "2019-06-30": "2380.41400", "2019-03-31": "2568.01500", "2018-12-31": "2806.30000", "2018-09-30": "2807.69500", "2018-06-30": "2750.32900", "2018-03-31": "2844.58100", "2017-12-31": "2824.76400", "2017-09-30": "3555.46600", "2017-06-30": "3325.30600", "2017-03-31": "2837.79600", "2016-12-31": "2389.96600", "2016-09-30": "1898.48700", "2016-06-30": "1936.10800", "2016-03-31": "1550.13000", "2015-12-31": "1385.17300", "2015-09-30": "1847.41100", "2015-06-30": "1690.07700", "2015-03-31": "1524.80600", "2014-12-31": "2097.77600", "2014-09-30": "2156.49600", "2014-06-30": "2017.22600", "2014-03-31": "1895.96800", "2013-12-31": "1960.21600", "2013-09-30": "1993.48900", "2013-06-30": "1740.57600", "2013-03-31": "1986.98700", "2012-12-31": "2029.56800", "2012-09-30": "2887.02700", "2012-06-30": "2757.28800", "2012-03-31": "2549.04700", "2011-12-31": "2396.05900", "2011-09-30": "2358.08500", "2011-06-30": "2002.68500", "2011-03-31": "1787.62600", "2010-12-31": "1504.43800", "2010-09-30": "1478.26500", "2010-06-30": "1511.95700", "2010-03-31": "1541.15600", "2009-12-31": "1227.05700", "2009-09-30": "1312.55100", "2009-06-30": "949.18700", "2009-03-31": "940.17300", "2008-12-31": "1854.19200", "2008-09-30": "3121.97400", "2008-06-30": "2968.71000", "2008-03-31": "2369.64500", "2007-12-31": "1582.03600", "2007-09-30": "1667.90800", "2007-06-30": "1572.87500", "2007-03-31": "1679.37800", "2006-12-31": "1421.91700", "2006-09-30": "1658.68000", "2006-06-30": "1514.70900", "2006-03-31": "1372.32900", "2005-12-31": "1255.69900", "2005-09-30": "1259.59500", "2005-06-30": "1015.33400", "2005-03-31": "1203.61500"}, "Long Term Debt": {"2020-12-31": "5271.78900", "2020-09-30": "5452.19300", "2020-06-30": "5279.10300", "2020-03-31": "4243.18100", "2019-12-31": "4291.30100", "2019-09-30": "4287.59700", "2019-06-30": "4234.30800", "2019-03-31": "4233.79200", "2018-12-31": "4233.27600", "2018-09-30": "4232.76000", "2018-06-30": "4232.24400", "2018-03-31": "3242.86500", "2017-12-31": "3242.24200", "2017-09-30": "3241.48800", "2017-06-30": "3240.69400", "2017-03-31": "3739.90800", "2016-12-31": "3739.14100", "2016-09-30": "4338.34700", "2016-06-30": "4337.56100", "2016-03-31": "4337.87500", "2015-12-31": "4337.14500", "2015-09-30": "4360.60000", "2015-06-30": "4360.60000", "2015-03-31": "4360.60000", "2014-12-31": "4360.60000", "2014-09-30": "4360.60000", "2014-06-30": "4368.90000", "2014-03-31": "4376.90000", "2013-12-31": "4376.90000", "2013-09-30": "4380.20000", "2013-06-30": "3380.20000", "2013-03-31": "3380.20000", "2012-12-31": "3380.20000", "2012-09-30": "3380.20000", "2012-06-30": "3380.20000", "2012-03-31": "3630.20000", "2011-12-31": "3630.20000", "2011-09-30": "3930.20000", "2011-06-30": "4280.20000", "2011-03-31": "4280.20000", "2010-12-31": "4280.20000", "2010-09-30": "3680.20000", "2010-06-30": "3080.20000", "2010-03-31": "3080.20000", "2009-12-31": "3080.20000", "2009-09-30": "3086.20000", "2009-06-30": "3086.20000", "2009-03-31": "3086.20000", "2008-12-31": "3086.20000", "2008-09-30": "3086.20000", "2008-06-30": "3091.60000", "2008-03-31": "2491.60000", "2007-12-31": "2250.30000", "2007-09-30": "922.30000", "2007-06-30": "922.30000", "2007-03-31": "922.30000", "2006-12-31": "922.30000", "2006-09-30": "922.30000", "2006-06-30": "922.30000", "2006-03-31": "922.30000", "2005-12-31": "922.30000", "2005-09-30": "922.30000", "2005-06-30": "922.30000", "2005-03-31": "923.55000"}, "Other Non-Current Liabilities": {"2020-12-31": "", "2020-09-30": "", "2020-06-30": "", "2020-03-31": "", "2019-12-31": "", "2019-09-30": "", "2019-06-30": "", "2019-03-31": "", "2018-12-31": "", "2018-09-30": "", "2018-06-30": "", "2018-03-31": "", "2017-12-31": "", "2017-09-30": "", "2017-06-30": "", "2017-03-31": "", "2016-12-31": "", "2016-09-30": "", "2016-06-30": "", "2016-03-31": "", "2015-12-31": "", "2015-09-30": "", "2015-06-30": "", "2015-03-31": "", "2014-12-31": "", "2014-09-30": "", "2014-06-30": "", "2014-03-31": "", "2013-12-31": "", "2013-09-30": "", "2013-06-30": "", "2013-03-31": "", "2012-12-31": "", "2012-09-30": "", "2012-06-30": "", "2012-03-31": "", "2011-12-31": "", "2011-09-30": "", "2011-06-30": "", "2011-03-31": "", "2010-12-31": "", "2010-09-30": "", "2010-06-30": "", "2010-03-31": "", "2009-12-31": "", "2009-09-30": "", "2009-06-30": "", "2009-03-31": "", "2008-12-31": "", "2008-09-30": "", "2008-06-30": "", "2008-03-31": "", "2007-12-31": "", "2007-09-30": "", "2007-06-30": "", "2007-03-31": "", "2006-12-31": "", "2006-09-30": "", "2006-06-30": "", "2006-03-31": "", "2005-12-31": "", "2005-09-30": "", "2005-06-30": "", "2005-03-31": ""}, "Total Long Term Liabilities": {"2020-12-31": "6265.67300", "2020-09-30": "6428.91500", "2020-06-30": "6177.44200", "2020-03-31": "5051.42000", "2019-12-31": "5089.71600", "2019-09-30": "5059.23900", "2019-06-30": "5048.05800", "2019-03-31": "5016.01700", "2018-12-31": "4912.32000", "2018-09-30": "4980.77700", "2018-06-30": "4965.93900", "2018-03-31": "3953.74600", "2017-12-31": "3931.70600", "2017-09-30": "4102.55400", "2017-06-30": "4075.50600", "2017-03-31": "4569.59300", "2016-12-31": "4578.84400", "2016-09-30": "5124.67600", "2016-06-30": "5067.76600", "2016-03-31": "5066.90200", "2015-12-31": "5091.91900", "2015-09-30": "5374.71600", "2015-06-30": "5403.01500", "2015-03-31": "5424.96100", "2014-12-31": "5443.03300", "2014-09-30": "5321.39500", "2014-06-30": "5347.64900", "2014-03-31": "5361.50800", "2013-12-31": "5332.78900", "2013-09-30": "5235.01400", "2013-06-30": "4254.84500", "2013-03-31": "4249.78000", "2012-12-31": "4237.11700", "2012-09-30": "4246.64600", "2012-06-30": "4226.71900", "2012-03-31": "4469.71600", "2011-12-31": "4467.71100", "2011-09-30": "4769.99900", "2011-06-30": "5055.47300", "2011-03-31": "5103.22900", "2010-12-31": "5086.77800", "2010-09-30": "4352.31100", "2010-06-30": "3721.11600", "2010-03-31": "3752.20400", "2009-12-31": "3760.55800", "2009-09-30": "3773.54100", "2009-06-30": "3757.61600", "2009-03-31": "3781.81300", "2008-12-31": "3763.57000", "2008-09-30": "4038.10000", "2008-06-30": "4109.72500", "2008-03-31": "3545.18200", "2007-12-31": "3131.16900", "2007-09-30": "1743.75100", "2007-06-30": "1712.84300", "2007-03-31": "1669.69300", "2006-12-31": "1613.75000", "2006-09-30": "1571.54700", "2006-06-30": "1580.21100", "2006-03-31": "1566.93800", "2005-12-31": "1603.30000", "2005-09-30": "1609.52800", "2005-06-30": "1601.97100", "2005-03-31": "1623.90400"}, "Total Liabilities": {"2020-12-31": "8893.53300", "2020-09-30": "8802.21000", "2020-06-30": "8142.48000", "2020-03-31": "7269.99200", "2019-12-31": "7553.49000", "2019-09-30": "7645.23200", "2019-06-30": "7428.47200", "2019-03-31": "7584.03200", "2018-12-31": "7718.62000", "2018-09-30": "7788.47200", "2018-06-30": "7716.26800", "2018-03-31": "6798.32700", "2017-12-31": "6756.47000", "2017-09-30": "7658.02000", "2017-06-30": "7400.81200", "2017-03-31": "7407.38900", "2016-12-31": "6968.81000", "2016-09-30": "7023.16300", "2016-06-30": "7003.87400", "2016-03-31": "6617.03200", "2015-12-31": "6477.09200", "2015-09-30": "7222.12700", "2015-06-30": "7093.09200", "2015-03-31": "6949.76700", "2014-12-31": "7540.80900", "2014-09-30": "7477.89100", "2014-06-30": "7364.87500", "2014-03-31": "7257.47600", "2013-12-31": "7293.00500", "2013-09-30": "7228.50300", "2013-06-30": "5995.42100", "2013-03-31": "6236.76700", "2012-12-31": "6266.68500", "2012-09-30": "7133.67300", "2012-06-30": "6984.00700", "2012-03-31": "7018.76300", "2011-12-31": "6863.77000", "2011-09-30": "7128.08400", "2011-06-30": "7058.15800", "2011-03-31": "6890.85500", "2010-12-31": "6591.21600", "2010-09-30": "5830.57600", "2010-06-30": "5233.07300", "2010-03-31": "5293.36000", "2009-12-31": "4987.61500", "2009-09-30": "5086.09200", "2009-06-30": "4706.80300", "2009-03-31": "4721.98600", "2008-12-31": "5617.76200", "2008-09-30": "7160.07400", "2008-06-30": "7078.43500", "2008-03-31": "5914.82700", "2007-12-31": "4713.20500", "2007-09-30": "3411.65900", "2007-06-30": "3285.71800", "2007-03-31": "3349.07100", "2006-12-31": "3035.66700", "2006-09-30": "3230.22700", "2006-06-30": "3094.92000", "2006-03-31": "2939.26700", "2005-12-31": "2858.99900", "2005-09-30": "2869.12300", "2005-06-30": "2617.30500", "2005-03-31": "2827.51900"}, "Common Stock Net": {"2020-12-31": "152.06100", "2020-09-30": "152.06100", "2020-06-30": "152.06100", "2020-03-31": "152.06100", "2019-12-31": "152.06100", "2019-09-30": "152.06100", "2019-06-30": "152.06100", "2019-03-31": "152.06100", "2018-12-31": "152.06100", "2018-09-30": "152.06100", "2018-06-30": "152.06100", "2018-03-31": "152.06100", "2017-12-31": "151.96000", "2017-09-30": "151.94300", "2017-06-30": "151.92000", "2017-03-31": "151.77500", "2016-12-31": "151.73400", "2016-09-30": "151.63700", "2016-06-30": "151.59200", "2016-03-31": "151.42600", "2015-12-31": "151.42600", "2015-09-30": "151.42500", "2015-06-30": "151.42300", "2015-03-31": "151.24200", "2014-12-31": "151.23700", "2014-09-30": "151.22700", "2014-06-30": "151.17200", "2014-03-31": "151.02500", "2013-12-31": "151.01000", "2013-09-30": "150.96800", "2013-06-30": "150.96200", "2013-03-31": "150.80700", "2012-12-31": "150.80500", "2012-09-30": "150.79800", "2012-06-30": "150.73000", "2012-03-31": "150.57400", "2011-12-31": "150.49600", "2011-09-30": "150.48000", "2011-06-30": "150.40500", "2011-03-31": "150.24000", "2010-12-31": "150.18100", "2010-09-30": "150.15800", "2010-06-30": "150.09400", "2010-03-31": "149.93000", "2009-12-31": "149.87700", "2009-09-30": "149.86300", "2009-06-30": "149.81000", "2009-03-31": "149.65400", "2008-12-31": "149.62800", "2008-09-30": "149.62100", "2008-06-30": "149.56600", "2008-03-31": "149.43000", "2007-12-31": "149.30200", "2007-09-30": "149.27700", "2007-06-30": "149.26000", "2007-03-31": "149.15000", "2006-12-31": "149.00600", "2006-09-30": "148.83300", "2006-06-30": "148.79800", "2006-03-31": "74.33700", "2005-12-31": "74.12000", "2005-09-30": "73.98700", "2005-06-30": "73.94600", "2005-03-31": "73.93200"}, "Retained Earnings (Accumulated Deficit)": {"2020-12-31": "11343.85000", "2020-09-30": "11068.91000", "2020-06-30": "10998.53000", "2020-03-31": "11012.69000", "2019-12-31": "11115.06000", "2019-09-30": "11130.17000", "2019-06-30": "10977.95000", "2019-03-31": "10714.28000", "2018-12-31": "10337.45000", "2018-09-30": "9814.07300", "2018-06-30": "9257.82300", "2018-03-31": "8696.00700", "2017-12-31": "8463.70900", "2017-09-30": "8201.66700", "2017-06-30": "8067.84600", "2017-03-31": "7866.40500", "2016-12-31": "7630.91600", "2016-09-30": "7469.58000", "2016-06-30": "7319.96100", "2016-03-31": "7206.57000", "2015-12-31": "7316.91000", "2015-09-30": "7438.15500", "2015-06-30": "7331.00600", "2015-03-31": "7326.24400", "2014-12-31": "7378.21400", "2014-09-30": "7287.50000", "2014-06-30": "7160.95200", "2014-03-31": "7132.77600", "2013-12-31": "7140.44000", "2013-09-30": "7088.63000", "2013-06-30": "7058.91100", "2013-03-31": "7091.64500", "2012-12-31": "7124.52300", "2012-09-30": "7129.23600", "2012-06-30": "7135.75300", "2012-03-31": "7140.22800", "2011-12-31": "7111.56600", "2011-09-30": "7090.83600", "2011-06-30": "7024.83000", "2011-03-31": "6840.50200", "2010-12-31": "6795.98800", "2010-09-30": "6922.58000", "2010-06-30": "7013.52800", "2010-03-31": "7036.90700", "2009-12-31": "7120.21800", "2009-09-30": "7175.48800", "2009-06-30": "7316.05400", "2009-03-31": "7560.36000", "2008-12-31": "7860.62900", "2008-09-30": "7865.36500", "2008-06-30": "7294.97800", "2008-03-31": "6880.58000", "2007-12-31": "6621.64600", "2007-09-30": "6433.37400", "2007-06-30": "6228.73100", "2007-03-31": "6067.61500", "2006-12-31": "5840.06700", "2006-09-30": "5581.87800", "2006-06-30": "5246.26500", "2006-03-31": "4979.16700", "2005-12-31": "4709.11100", "2005-09-30": "4468.93000", "2005-06-30": "4239.32600", "2005-03-31": "3979.14100"}, "Comprehensive Income": {"2020-12-31": "-118.86100", "2020-09-30": "-315.46900", "2020-06-30": "-340.83600", "2020-03-31": "-367.62700", "2019-12-31": "-302.96600", "2019-09-30": "-313.76600", "2019-06-30": "-297.76000", "2019-03-31": "-308.78700", "2018-12-31": "-304.13300", "2018-09-30": "-274.60700", "2018-06-30": "-296.03200", "2018-03-31": "-249.36600", "2017-12-31": "-254.68100", "2017-09-30": "-217.85600", "2017-06-30": "-292.93500", "2017-03-31": "-316.99200", "2016-12-31": "-317.84300", "2016-09-30": "-288.58400", "2016-06-30": "-281.37800", "2016-03-31": "-296.16500", "2015-12-31": "-351.36200", "2015-09-30": "-301.91100", "2015-06-30": "-236.70800", "2015-03-31": "-264.50300", "2014-12-31": "-145.70800", "2014-09-30": "-85.34100", "2014-06-30": "-3.95200", "2014-03-31": "-35.79700", "2013-12-31": "9.08000", "2013-09-30": "22.54500", "2013-06-30": "-9.33400", "2013-03-31": "6.24800", "2012-12-31": "56.76100", "2012-09-30": "51.31300", "2012-06-30": "-20.35100", "2012-03-31": "24.49400", "2011-12-31": "-38.17700", "2011-09-30": "-21.59900", "2011-06-30": "60.42200", "2011-03-31": "44.31900", "2010-12-31": "-27.77600", "2010-09-30": "-37.35600", "2010-06-30": "-98.34600", "2010-03-31": "-58.60800", "2009-12-31": "-41.05600", "2009-09-30": "-63.29500", "2009-06-30": "-151.20300", "2009-03-31": "-249.05500", "2008-12-31": "-190.26200", "2008-09-30": "63.27900", "2008-06-30": "260.26100", "2008-03-31": "186.49600", "2007-12-31": "163.36200", "2007-09-30": "139.59900", "2007-06-30": "46.88000", "2007-03-31": "23.06400", "2006-12-31": "4.47000", "2006-09-30": "4.32100", "2006-06-30": "18.37000", "2006-03-31": "29.22200", "2005-12-31": "46.60000", "2005-09-30": "71.10000", "2005-06-30": "20.70000", "2005-03-31": "17.20000"}, "Other Share Holders Equity": {"2020-12-31": "", "2020-09-30": "", "2020-06-30": "", "2020-03-31": "", "2019-12-31": "", "2019-09-30": "", "2019-06-30": "", "2019-03-31": "", "2018-12-31": "", "2018-09-30": "", "2018-06-30": "", "2018-03-31": "", "2017-12-31": "", "2017-09-30": "", "2017-06-30": "", "2017-03-31": "", "2016-12-31": "", "2016-09-30": "", "2016-06-30": "", "2016-03-31": "", "2015-12-31": "", "2015-09-30": "", "2015-06-30": "", "2015-03-31": "", "2014-12-31": "", "2014-09-30": "", "2014-06-30": "", "2014-03-31": "", "2013-12-31": "", "2013-09-30": "", "2013-06-30": "", "2013-03-31": "", "2012-12-31": "", "2012-09-30": "", "2012-06-30": "", "2012-03-31": "", "2011-12-31": "", "2011-09-30": "", "2011-06-30": "", "2011-03-31": "", "2010-12-31": "", "2010-09-30": "", "2010-06-30": "", "2010-03-31": "", "2009-12-31": "", "2009-09-30": "", "2009-06-30": "", "2009-03-31": "", "2008-12-31": "", "2008-09-30": "", "2008-06-30": "", "2008-03-31": "", "2007-12-31": "", "2007-09-30": "", "2007-06-30": "", "2007-03-31": "", "2006-12-31": "", "2006-09-30": "", "2006-06-30": "", "2006-03-31": "", "2005-12-31": "", "2005-09-30": "", "2005-06-30": "", "2005-03-31": ""}, "Share Holder Equity": {"2020-12-31": "11231.86000", "2020-09-30": "10717.07000", "2020-06-30": "10623.49000", "2020-03-31": "10596.07000", "2019-12-31": "10791.18000", "2019-09-30": "10861.03000", "2019-06-30": "10698.01000", "2019-03-31": "10502.67000", "2018-12-31": "10201.97000", "2018-09-30": "10174.42000", "2018-06-30": "9735.42400", "2018-03-31": "9322.91900", "2017-12-31": "9084.78800", "2017-09-30": "8845.81400", "2017-06-30": "8711.91300", "2017-03-31": "8468.07100", "2016-12-31": "8254.70800", "2016-09-30": "8090.51600", "2016-06-30": "7920.70900", "2016-03-31": "7778.07200", "2015-12-31": "7849.87700", "2015-09-30": "8047.34100", "2015-06-30": "7975.08500", "2015-03-31": "7905.67100", "2014-12-31": "8075.11800", "2014-09-30": "8015.70300", "2014-06-30": "7946.01300", "2014-03-31": "7860.53500", "2013-12-31": "7910.27800", "2013-09-30": "7863.27300", "2013-06-30": "7771.23000", "2013-03-31": "7802.24300", "2012-12-31": "7885.37400", "2012-09-30": "7863.57400", "2012-06-30": "7782.55900", "2012-03-31": "7795.70200", "2011-12-31": "7706.58000", "2011-09-30": "7679.18100", "2011-06-30": "7675.39100", "2011-03-31": "7453.59100", "2010-12-31": "7330.69400", "2010-09-30": "7430.34900", "2010-06-30": "7455.10700", "2010-03-31": "7509.34200", "2009-12-31": "7584.28900", "2009-09-30": "7583.92000", "2009-06-30": "7704.24400", "2009-03-31": "7864.48800", "2008-12-31": "8256.68100", "2008-09-30": "8176.47300", "2008-06-30": "7914.02100", "2008-03-31": "5425.69400", "2007-12-31": "5112.91700", "2007-09-30": "4888.58400", "2007-06-30": "5182.58900", "2007-03-31": "5136.66300", "2006-12-31": "4857.35100", "2006-09-30": "4665.44000", "2006-06-30": "4650.83300", "2006-03-31": "4564.87900", "2005-12-31": "4279.78800", "2005-09-30": "4089.75200", "2005-06-30": "3845.20000", "2005-03-31": "3785.61500"}, "Total Liabilities And Share Holders Equity": {"2020-12-31": "20125.39000", "2020-09-30": "19519.28000", "2020-06-30": "18765.96000", "2020-03-31": "17866.06000", "2019-12-31": "18344.67000", "2019-09-30": "18506.27000", "2019-06-30": "18126.48000", "2019-03-31": "18086.70000", "2018-12-31": "17920.59000", "2018-09-30": "17962.89000", "2018-06-30": "17451.69000", "2018-03-31": "16121.25000", "2017-12-31": "15841.26000", "2017-09-30": "16503.83000", "2017-06-30": "16112.72000", "2017-03-31": "15875.46000", "2016-12-31": "15223.52000", "2016-09-30": "15113.68000", "2016-06-30": "14924.58000", "2016-03-31": "14395.10000", "2015-12-31": "14326.97000", "2015-09-30": "15269.47000", "2015-06-30": "15068.18000", "2015-03-31": "14855.44000", "2014-12-31": "15615.93000", "2014-09-30": "15493.59000", "2014-06-30": "15310.89000", "2014-03-31": "15118.01000", "2013-12-31": "15203.28000", "2013-09-30": "15091.78000", "2013-06-30": "13766.65000", "2013-03-31": "14039.01000", "2012-12-31": "14152.06000", "2012-09-30": "14997.25000", "2012-06-30": "14766.57000", "2012-03-31": "14814.46000", "2011-12-31": "14570.35000", "2011-09-30": "14807.26000", "2011-06-30": "14733.55000", "2011-03-31": "14344.45000", "2010-12-31": "13921.91000", "2010-09-30": "13260.92000", "2010-06-30": "12688.18000", "2010-03-31": "12802.70000", "2009-12-31": "12571.90000", "2009-09-30": "12670.01000", "2009-06-30": "12411.05000", "2009-03-31": "12586.47000", "2008-12-31": "13874.44000", "2008-09-30": "15336.55000", "2008-06-30": "14992.46000", "2008-03-31": "11340.52000", "2007-12-31": "9826.12200", "2007-09-30": "8300.24300", "2007-06-30": "8468.30700", "2007-03-31": "8485.73400", "2006-12-31": "7893.01800", "2006-09-30": "7895.66700", "2006-06-30": "7745.75300", "2006-03-31": "7504.14600", "2005-12-31": "7138.78700", "2005-09-30": "6958.87500", "2005-06-30": "6462.50500", "2005-03-31": "6613.13400"}}, "cash flow statement": {"Net Income/Loss": {"2020-12-31": "836.02800", "2019-12-31": "1370.91000", "2018-12-31": "2481.08400", "2017-12-31": "1380.57100", "2016-12-31": "900.41600", "2015-12-31": "193.03000", "2014-12-31": "778.56400", "2013-12-31": "585.52900", "2012-12-31": "593.12600", "2011-12-31": "860.98400", "2010-12-31": "206.32300", "2009-12-31": "-237.17800", "2008-12-31": "2144.91100", "2007-12-31": "1765.44800", "2006-12-31": "1756.78200", "2005-12-31": "1317.24900"}, "Total Depreciation And Amortization - Cash Flow": {"2020-12-31": "785.46600", "2019-12-31": "734.65300", "2018-12-31": "719.63700", "2017-12-31": "727.06100", "2016-12-31": "687.05400", "2015-12-31": "700.01700", "2014-12-31": "724.42300", "2013-12-31": "610.20800", "2012-12-31": "607.02100", "2011-12-31": "590.40000", "2010-12-31": "582.60200", "2009-12-31": "566.42300", "2008-12-31": "548.90700", "2007-12-31": "427.55600", "2006-12-31": "365.26900", "2005-12-31": "376.12600"}, "Other Non-Cash Items": {"2020-12-31": "871.38300", "2019-12-31": "290.58000", "2018-12-31": "176.39500", "2017-12-31": "-149.36300", "2016-12-31": "129.81100", "2015-12-31": "53.59400", "2014-12-31": "182.81100", "2013-12-31": "117.42500", "2012-12-31": "86.34500", "2011-12-31": "131.04000", "2010-12-31": "213.38500", "2009-12-31": "225.55200", "2008-12-31": "-101.50000", "2007-12-31": "-12.58700", "2006-12-31": "213.02600", "2005-12-31": "97.37500"}, "Total Non-Cash Items": {"2020-12-31": "1656.84900", "2019-12-31": "1025.23300", "2018-12-31": "896.03200", "2017-12-31": "577.69810", "2016-12-31": "816.86500", "2015-12-31": "753.61100", "2014-12-31": "907.23390", "2013-12-31": "727.63310", "2012-12-31": "693.36600", "2011-12-31": "721.44000", "2010-12-31": "795.98710", "2009-12-31": "791.97500", "2008-12-31": "447.40690", "2007-12-31": "414.96900", "2006-12-31": "578.29500", "2005-12-31": "473.50100"}, "Change In Accounts Receivable": {"2020-12-31": "-129.29000", "2019-12-31": "361.34000", "2018-12-31": "-485.43300", "2017-12-31": "-329.50100", "2016-12-31": "-217.73600", "2015-12-31": "655.48900", "2014-12-31": "-179.18100", "2013-12-31": "-103.64900", "2012-12-31": "148.11300", "2011-12-31": "-274.92000", "2010-12-31": "-310.18800", "2009-12-31": "141.10400", "2008-12-31": "855.57200", "2007-12-31": "-174.32600", "2006-12-31": "-33.87800", "2005-12-31": "-19.42500"}, "Change In Inventories": {"2020-12-31": "284.08100", "2019-12-31": "712.64500", "2018-12-31": "-1092.10100", "2017-12-31": "-900.94600", "2016-12-31": "-132.63900", "2015-12-31": "1061.20200", "2014-12-31": "11.32600", "2013-12-31": "-298.07400", "2012-12-31": "-65.65500", "2011-12-31": "-433.69600", "2010-12-31": "-231.91300", "2009-12-31": "1117.60000", "2008-12-31": "-364.28000", "2007-12-31": "-102.49000", "2006-12-31": "-143.97100", "2005-12-31": "337.86200"}, "Change In Accounts Payable": {"2020-12-31": "250.56100", "2019-12-31": "-253.45700", "2018-12-31": "235.57200", "2017-12-31": "314.81700", "2016-12-31": "236.78800", "2015-12-31": "-438.78800", "2014-12-31": "-111.85900", "2013-12-31": "39.48900", "2012-12-31": "-111.49600", "2011-12-31": "62.01200", "2010-12-31": "179.80700", "2009-12-31": "170.22900", "2008-12-31": "-861.33400", "2007-12-31": "57.25900", "2006-12-31": "-8.51700", "2005-12-31": "17.25900"}, "Change In Assets/Liabilities": {"2020-12-31": "", "2019-12-31": "", "2018-12-31": "", "2017-12-31": "", "2016-12-31": "", "2015-12-31": "", "2014-12-31": "", "2013-12-31": "", "2012-12-31": "", "2011-12-31": "-35.03700", "2010-12-31": "-10.68400", "2009-12-31": "31.38000", "2008-12-31": "-128.80300", "2007-12-31": "4.04500", "2006-12-31": "23.28000", "2005-12-31": "21.84000"}, "Total Change In Assets/Liabilities": {"2020-12-31": "166.90800", "2019-12-31": "453.44790", "2018-12-31": "-973.42290", "2017-12-31": "-935.50700", "2016-12-31": "23.59300", "2015-12-31": "1284.29200", "2014-12-31": "-323.42800", "2013-12-31": "-277.12900", "2012-12-31": "-117.42300", "2011-12-31": "-551.37100", "2010-12-31": "-135.51600", "2009-12-31": "618.39700", "2008-12-31": "-90.25500", "2007-12-31": "-245.11100", "2006-12-31": "-83.84400", "2005-12-31": "329.07400"}, "Cash Flow From Operating Activities": {"2020-12-31": "2696.87700", "2019-12-31": "2809.41300", "2018-12-31": "2393.95200", "2017-12-31": "1055.33800", "2016-12-31": "1750.00100", "2015-12-31": "2168.76100", "2014-12-31": "1342.89800", "2013-12-31": "1077.94900", "2012-12-31": "1200.38500", "2011-12-31": "1031.05300", "2010-12-31": "866.79400", "2009-12-31": "1173.19400", "2008-12-31": "2502.06300", "2007-12-31": "1935.30600", "2006-12-31": "2251.23300", "2005-12-31": "2136.61500"}, "Net Change In Property, Plant, And Equipment": {"2020-12-31": "-1502.28600", "2019-12-31": "-1435.67500", "2018-12-31": "-950.94200", "2017-12-31": "-423.24000", "2016-12-31": "-586.26900", "2015-12-31": "-344.73300", "2014-12-31": "-631.41900", "2013-12-31": "-1162.85500", "2012-12-31": "-896.54500", "2011-12-31": "-413.61000", "2010-12-31": "-313.74000", "2009-12-31": "-379.12900", "2008-12-31": "-1001.80000", "2007-12-31": "-517.56600", "2006-12-31": "-336.22700", "2005-12-31": "-330.71400"}, "Net Change In Intangible Assets": {"2020-12-31": "", "2019-12-31": "", "2018-12-31": "", "2017-12-31": "", "2016-12-31": "", "2015-12-31": "", "2014-12-31": "", "2013-12-31": "", "2012-12-31": "", "2011-12-31": "", "2010-12-31": "", "2009-12-31": "", "2008-12-31": "", "2007-12-31": "", "2006-12-31": "", "2005-12-31": ""}, "Net Acquisitions/Divestitures": {"2020-12-31": "-88.07100", "2019-12-31": "-15.51500", "2018-12-31": "-33.06300", "2017-12-31": "-544.04100", "2016-12-31": "-339.78800", "2015-12-31": "-19.08900", "2014-12-31": "-768.58100", "2013-12-31": "", "2012-12-31": "-760.83300", "2011-12-31": "-3.95900", "2010-12-31": "-64.78800", "2009-12-31": "-32.72000", "2008-12-31": "-1826.03000", "2007-12-31": "-1542.66600", "2006-12-31": "-223.92000", "2005-12-31": "-154.86400"}, "Net Change In Short-term Investments": {"2020-12-31": "-96.33900", "2019-12-31": "-300.04000", "2018-12-31": "50.00000", "2017-12-31": "100.00000", "2016-12-31": "-50.00000", "2015-12-31": "-0.47500", "2014-12-31": "-72.47100", "2013-12-31": "73.41200", "2012-12-31": "1257.73900", "2011-12-31": "-209.01900", "2010-12-31": "-928.62400", "2009-12-31": "-225.00000", "2008-12-31": "210.28600", "2007-12-31": "1200.18300", "2006-12-31": "-553.27310", "2005-12-31": "-857.36000"}, "Net Change In Long-Term Investments": {"2020-12-31": "-44.42700", "2019-12-31": "-45.83400", "2018-12-31": "-121.41200", "2017-12-31": "-59.00000", "2016-12-31": "-63.16700", "2015-12-31": "-80.40900", "2014-12-31": "-97.84100", "2013-12-31": "63.67200", "2012-12-31": "178.82300", "2011-12-31": "-613.46500", "2010-12-31": "-434.00600", "2009-12-31": "-63.56300", "2008-12-31": "-720.71300", "2007-12-31": "-1.93500", "2006-12-31": "-34.32400", "2005-12-31": "-41.90300"}, "Net Change In Investments - Total": {"2020-12-31": "-140.76600", "2019-12-31": "-345.87400", "2018-12-31": "-71.41200", "2017-12-31": "41.00000", "2016-12-31": "-113.16700", "2015-12-31": "-80.88400", "2014-12-31": "-170.31200", "2013-12-31": "137.08400", "2012-12-31": "1436.56200", "2011-12-31": "-822.48400", "2010-12-31": "-1362.63000", "2009-12-31": "-288.56300", "2008-12-31": "-510.42700", "2007-12-31": "1198.24800", "2006-12-31": "-587.59700", "2005-12-31": "-899.26300"}, "Investing Activities - Other": {"2020-12-31": "-33.17100", "2019-12-31": "2.87300", "2018-12-31": "25.34800", "2017-12-31": "7.38900", "2016-12-31": "14.10600", "2015-12-31": "3.01000", "2014-12-31": "132.25000", "2013-12-31": "185.80100", "2012-12-31": "16.82100", "2011-12-31": "580.16500", "2010-12-31": "-514.59700", "2009-12-31": "", "2008-12-31": "17.57110", "2007-12-31": "5.84700", "2006-12-31": "", "2005-12-31": ""}, "Cash Flow From Investing Activities": {"2020-12-31": "-1764.29400", "2019-12-31": "-1794.19100", "2018-12-31": "-1030.06900", "2017-12-31": "-918.89200", "2016-12-31": "-1025.11800", "2015-12-31": "-441.69600", "2014-12-31": "-1438.06200", "2013-12-31": "-839.97000", "2012-12-31": "-203.99500", "2011-12-31": "-659.88800", "2010-12-31": "-2255.75500", "2009-12-31": "-700.41200", "2008-12-31": "-3320.68600", "2007-12-31": "-856.13700", "2006-12-31": "-1147.74400", "2005-12-31": "-1384.84100"}, "Net Long-Term Debt": {"2020-12-31": "1140.48500", "2019-12-31": "", "2018-12-31": "495.71000", "2017-12-31": "-600.00000", "2016-12-31": "", "2015-12-31": "-16.30000", "2014-12-31": "-5.35800", "2013-12-31": "749.10000", "2012-12-31": "-650.00000", "2011-12-31": "", "2010-12-31": "1192.99200", "2009-12-31": "-180.40000", "2008-12-31": "989.71500", "2007-12-31": "1322.44500", "2006-12-31": "-1.25000", "2005-12-31": ""}, "Net Current Debt": {"2020-12-31": "-4.53800", "2019-12-31": "4.57400", "2018-12-31": "5.03700", "2017-12-31": "34.87200", "2016-12-31": "-33.36000", "2015-12-31": "-155.81600", "2014-12-31": "178.30800", "2013-12-31": "-0.67100", "2012-12-31": "27.94500", "2011-12-31": "-11.45000", "2010-12-31": "11.56100", "2009-12-31": "-6.90800", "2008-12-31": "-149.83700", "2007-12-31": "-65.87100", "2006-12-31": "", "2005-12-31": ""}, "Debt Issuance/Retirement Net - Total": {"2020-12-31": "1135.94700", "2019-12-31": "4.57400", "2018-12-31": "500.74700", "2017-12-31": "-565.12800", "2016-12-31": "-33.36000", "2015-12-31": "-172.11600", "2014-12-31": "172.95000", "2013-12-31": "748.42900", "2012-12-31": "-622.05500", "2011-12-31": "-11.45000", "2010-12-31": "1204.55300", "2009-12-31": "-187.30800", "2008-12-31": "839.87810", "2007-12-31": "1256.57400", "2006-12-31": "-1.25000", "2005-12-31": ""}, "Net Common Equity Issued/Repurchased": {"2020-12-31": "-27.65300", "2019-12-31": "-282.39600", "2018-12-31": "-829.89600", "2017-12-31": "-83.23400", "2016-12-31": "10.49700", "2015-12-31": "-66.08100", "2014-12-31": "5.61400", "2013-12-31": "", "2012-12-31": "10.51500", "2011-12-31": "8.09700", "2010-12-31": "4.68700", "2009-12-31": "3.71600", "2008-12-31": "1872.73000", "2007-12-31": "-742.02600", "2006-12-31": "-562.21300", "2005-12-31": "-251.03500"}, "Net Total Equity Issued/Repurchased": {"2020-12-31": "-27.65300", "2019-12-31": "-282.39600", "2018-12-31": "-829.89600", "2017-12-31": "-83.23400", "2016-12-31": "10.49700", "2015-12-31": "-66.08100", "2014-12-31": "5.61400", "2013-12-31": "", "2012-12-31": "10.51500", "2011-12-31": "8.09700", "2010-12-31": "4.68700", "2009-12-31": "3.71600", "2008-12-31": "1872.73000", "2007-12-31": "-742.02600", "2006-12-31": "-562.21300", "2005-12-31": "-251.03500"}, "Total Common And Preferred Stock Dividends Paid": {"2020-12-31": "-491.65500", "2019-12-31": "-492.06200", "2018-12-31": "-485.37600", "2017-12-31": "-485.32100", "2016-12-31": "-481.08300", "2015-12-31": "-479.43200", "2014-12-31": "-475.12300", "2013-12-31": "-471.02800", "2012-12-31": "-466.36100", "2011-12-31": "-461.51800", "2010-12-31": "-457.28200", "2009-12-31": "-443.10900", "2008-12-31": "-658.05100", "2007-12-31": "-726.13900", "2006-12-31": "-577.81600", "2005-12-31": "-209.75200"}, "Financial Activities - Other": {"2020-12-31": "-330.78500", "2019-12-31": "-110.52600", "2018-12-31": "-93.65200", "2017-12-31": "-108.62300", "2016-12-31": "-122.48800", "2015-12-31": "-83.84000", "2014-12-31": "-62.48800", "2013-12-31": "-81.35700", "2012-12-31": "-68.97600", "2011-12-31": "-30.15100", "2010-12-31": "-60.13000", "2009-12-31": "-193.33300", "2008-12-31": "-271.41200", "2007-12-31": "-259.28600", "2006-12-31": "-156.70900", "2005-12-31": "-89.88600"}, "Cash Flow From Financial Activities": {"2020-12-31": "285.85400", "2019-12-31": "-880.41000", "2018-12-31": "-908.17700", "2017-12-31": "-1242.30600", "2016-12-31": "-626.43400", "2015-12-31": "-801.46900", "2014-12-31": "-359.04700", "2013-12-31": "196.04400", "2012-12-31": "-1146.87700", "2011-12-31": "-495.02200", "2010-12-31": "691.82800", "2009-12-31": "-820.03400", "2008-12-31": "1783.14500", "2007-12-31": "-470.87700", "2006-12-31": "-1297.98800", "2005-12-31": "-550.67300"}, "Net Cash Flow": {"2020-12-31": "1220.32400", "2019-12-31": "135.71900", "2018-12-31": "449.78200", "2017-12-31": "-1096.85700", "2016-12-31": "106.49200", "2015-12-31": "915.32500", "2014-12-31": "-459.10800", "2013-12-31": "430.39000", "2012-12-31": "-147.78300", "2011-12-31": "-124.76100", "2010-12-31": "-691.57500", "2009-12-31": "-338.14900", "2008-12-31": "961.18700", "2007-12-31": "608.29200", "2006-12-31": "-194.49900", "2005-12-31": "201.10100"}, "Stock-Based Compensation": {"2020-12-31": "73.85300", "2019-12-31": "90.35900", "2018-12-31": "73.42200", "2017-12-31": "64.17600", "2016-12-31": "56.51100", "2015-12-31": "45.79400", "2014-12-31": "46.38400", "2013-12-31": "47.45000", "2012-12-31": "50.73300", "2011-12-31": "49.00300", "2010-12-31": "43.04100", "2009-12-31": "54.66500", "2008-12-31": "49.87300", "2007-12-31": "44.00100", "2006-12-31": "40.10600", "2005-12-31": "16.79100"}, "Common Stock Dividends Paid": {"2020-12-31": "-491.65500", "2019-12-31": "-492.06200", "2018-12-31": "-485.37600", "2017-12-31": "-485.32100", "2016-12-31": "-481.08300", "2015-12-31": "-479.43200", "2014-12-31": "-475.12300", "2013-12-31": "-471.02800", "2012-12-31": "-466.36100", "2011-12-31": "-461.51800", "2010-12-31": "-457.28200", "2009-12-31": "-443.10900", "2008-12-31": "-658.05100", "2007-12-31": "-726.13900", "2006-12-31": "-577.81600", "2005-12-31": "-209.75200"}}, "cash flow statement, quarterly": {"Net Income/Loss": {"2020-12-31": 425.866, "2020-09-30": 222.63, "2020-06-30": 133.153, "2020-03-31": "54.37900", "2019-12-31": 134.253, "2019-09-30": 293.587, "2019-06-30": 412.277, "2019-03-31": "530.79300", "2018-12-31": 681.07, "2018-09-30": 706.287, "2018-06-30": 713.615, "2018-03-31": "380.11200", "2017-12-31": 395.094, "2017-09-30": 266.105, "2017-06-30": 341.724, "2017-03-31": "377.64800", "2016-12-31": 175.185, "2016-09-30": 331.365, "2016-06-30": 271.369, "2016-03-31": "122.49700", "2015-12-31": -318.342, "2015-09-30": 267.736, "2015-06-30": 159.344, "2015-03-31": "84.29200", "2014-12-31": 207.732, "2014-09-30": 274.201, "2014-06-30": 166.935, "2014-03-31": "129.69600", "2013-12-31": 190.416, "2013-09-30": 178.115, "2013-06-30": 106.27, "2013-03-31": "110.72800", "2012-12-31": 160.255, "2012-09-30": 129.892, "2012-06-30": 139.567, "2012-03-31": "163.41200", "2011-12-31": 158.173, "2011-09-30": 200.111, "2011-06-30": 321.578, "2011-03-31": "181.12200", "2010-12-31": 8.887, "2010-09-30": 50.024, "2010-06-30": 106.218, "2010-03-31": "41.19400", "2009-12-31": 86.427, "2009-09-30": -5.311, "2009-06-30": -127.769, "2009-03-31": "-190.52500", "2008-12-31": 163.893, "2008-09-30": 810.803, "2008-06-30": 668.69, "2008-03-31": "501.52500", "2007-12-31": 658.347, "2007-09-30": 381.222, "2007-06-30": 344.85, "2007-03-31": "381.02900", "2006-12-31": 405.104, "2006-09-30": 521.636, "2006-06-30": 450.011, "2006-03-31": "380.03100", "2005-12-31": 347.999, "2005-09-30": 291.877, "2005-06-30": 322.707, "2005-03-31": "354.66600"}, "Total Depreciation And Amortization - Cash Flow": {"2020-12-31": 196.901, "2020-09-30": 196.709, "2020-06-30": 194.581, "2020-03-31": "197.27500", "2019-12-31": 192.041, "2019-09-30": 177.885, "2019-06-30": 185.056, "2019-03-31": "179.67100", "2018-12-31": 178.623, "2018-09-30": 180.039, "2018-06-30": 179.857, "2018-03-31": "181.11800", "2017-12-31": 183.845, "2017-09-30": 179.495, "2017-06-30": 182.828, "2017-03-31": "180.89300", "2016-12-31": 173.879, "2016-09-30": 171.5, "2016-06-30": 171.314, "2016-03-31": "170.36100", "2015-12-31": 175.105, "2015-09-30": 173.496, "2015-06-30": 174.827, "2015-03-31": "176.58900", "2014-12-31": 183.612, "2014-09-30": 178.117, "2014-06-30": 182.782, "2014-03-31": "179.91200", "2013-12-31": 163.662, "2013-09-30": 150.581, "2013-06-30": 146.492, "2013-03-31": "149.47300", "2012-12-31": 158.813, "2012-09-30": 154.118, "2012-06-30": 146.168, "2012-03-31": "147.92200", "2011-12-31": 146.878, "2011-09-30": 152.783, "2011-06-30": 146.073, "2011-03-31": "144.66600", "2010-12-31": 144.117, "2010-09-30": 147.368, "2010-06-30": 145.013, "2010-03-31": "146.10400", "2009-12-31": 144.319, "2009-09-30": 143.628, "2009-06-30": 140.635, "2009-03-31": "137.84100", "2008-12-31": 143.56, "2008-09-30": 142.049, "2008-06-30": 140.225, "2008-03-31": "123.07300", "2007-12-31": 113.839, "2007-09-30": 110.504, "2007-06-30": 102.806, "2007-03-31": "100.40700", "2006-12-31": 90.593, "2006-09-30": 92.188, "2006-06-30": 91.663, "2006-03-31": "90.82500", "2005-12-31": 94.627, "2005-09-30": 96.228, "2005-06-30": 93.981, "2005-03-31": "91.29000"}, "Other Non-Cash Items": {"2020-12-31": 357.762, "2020-09-30": 74.258, "2020-06-30": 123.12, "2020-03-31": "316.24300", "2019-12-31": 114.586, "2019-09-30": 34.321, "2019-06-30": 86.105, "2019-03-31": "55.56800", "2018-12-31": -48.532, "2018-09-30": 117.911, "2018-06-30": 50.995, "2018-03-31": "56.02100", "2017-12-31": -180.491, "2017-09-30": -30.677, "2017-06-30": 37.483, "2017-03-31": "24.32200", "2016-12-31": -9.462, "2016-09-30": 69.048, "2016-06-30": 20.625, "2016-03-31": "49.60000", "2015-12-31": 53.114, "2015-09-30": -9.791, "2015-06-30": 13.732, "2015-03-31": "-3.46100", "2014-12-31": 163.176, "2014-09-30": -21.87, "2014-06-30": 22.533, "2014-03-31": "18.97200", "2013-12-31": 46.95, "2013-09-30": 16.833, "2013-06-30": 28.544, "2013-03-31": "25.09800", "2012-12-31": 29.379, "2012-09-30": 5.966, "2012-06-30": 59.388, "2012-03-31": "-8.38800", "2011-12-31": 21.729, "2011-09-30": 97.722, "2011-06-30": -6.44, "2011-03-31": "18.02900", "2010-12-31": 117.639, "2010-09-30": 40.573, "2010-06-30": 23.957, "2010-03-31": "31.21600", "2009-12-31": 61.557, "2009-09-30": 104.196, "2009-06-30": 63.27, "2009-03-31": "-3.47100", "2008-12-31": -28.392, "2008-09-30": -37.375, "2008-06-30": -36.422, "2008-03-31": "0.68900", "2007-12-31": -156.715, "2007-09-30": 39.435, "2007-06-30": 55.002, "2007-03-31": "49.69100", "2006-12-31": 112.178, "2006-09-30": 62.744, "2006-06-30": 13.207, "2006-03-31": "24.89700", "2005-12-31": 65.702, "2005-09-30": 13.075, "2005-06-30": 3.637, "2005-03-31": "14.96100"}, "Total Non-Cash Items": {"2020-12-31": 554.663, "2020-09-30": 270.9669, "2020-06-30": 317.7011, "2020-03-31": "513.51800", "2019-12-31": 306.627, "2019-09-30": 212.206, "2019-06-30": 271.161, "2019-03-31": "235.23900", "2018-12-31": 130.091, "2018-09-30": 297.95, "2018-06-30": 230.852, "2018-03-31": "237.13900", "2017-12-31": 3.3542, "2017-09-30": 148.8179, "2017-06-30": 220.311, "2017-03-31": "205.21500", "2016-12-31": 164.417, "2016-09-30": 240.548, "2016-06-30": 191.939, "2016-03-31": "219.96100", "2015-12-31": 228.219, "2015-09-30": 163.705, "2015-06-30": 188.559, "2015-03-31": "173.12800", "2014-12-31": 346.7879, "2014-09-30": 156.247, "2014-06-30": 205.315, "2014-03-31": "198.88400", "2013-12-31": 210.6121, "2013-09-30": 167.414, "2013-06-30": 175.036, "2013-03-31": "174.57100", "2012-12-31": 188.192, "2012-09-30": 160.084, "2012-06-30": 205.556, "2012-03-31": "139.53400", "2011-12-31": 168.6071, "2011-09-30": 250.5049, "2011-06-30": 139.633, "2011-03-31": "162.69500", "2010-12-31": 261.7561, "2010-09-30": 187.941, "2010-06-30": 168.97, "2010-03-31": "177.32000", "2009-12-31": 205.876, "2009-09-30": 247.824, "2009-06-30": 203.905, "2009-03-31": "134.37000", "2008-12-31": 115.1679, "2008-09-30": 104.674, "2008-06-30": 103.803, "2008-03-31": "123.76200", "2007-12-31": -42.876, "2007-09-30": 149.939, "2007-06-30": 157.808, "2007-03-31": "150.09800", "2006-12-31": 202.771, "2006-09-30": 154.932, "2006-06-30": 104.87, "2006-03-31": "115.72200", "2005-12-31": 160.329, "2005-09-30": 109.303, "2005-06-30": 97.618, "2005-03-31": "106.25100"}, "Change In Accounts Receivable": {"2020-12-31": -166.837, "2020-09-30": -226.877, "2020-06-30": 388.46, "2020-03-31": "-124.03600", "2019-12-31": 163.557, "2019-09-30": 85.768, "2019-06-30": 90.057, "2019-03-31": "21.95800", "2018-12-31": 129.685, "2018-09-30": -12.704, "2018-06-30": -258.432, "2018-03-31": "-343.98200", "2017-12-31": 77.081, "2017-09-30": -10.13, "2017-06-30": -106.191, "2017-03-31": "-290.26100", "2016-12-31": 110.264, "2016-09-30": 70.266, "2016-06-30": -294.014, "2016-03-31": "-104.25200", "2015-12-31": 326.818, "2015-09-30": 74.328, "2015-06-30": -89.154, "2015-03-31": "343.49700", "2014-12-31": 239.172, "2014-09-30": -169.157, "2014-06-30": -152.013, "2014-03-31": "-97.18300", "2013-12-31": 100.891, "2013-09-30": -133.755, "2013-06-30": 19.903, "2013-03-31": "-90.68800", "2012-12-31": 85.326, "2012-09-30": 139.032, "2012-06-30": -1.618, "2012-03-31": "-74.62700", "2011-12-31": 126.317, "2011-09-30": -8.287, "2011-06-30": -133.177, "2011-03-31": "-259.77300", "2010-12-31": 30.745, "2010-09-30": -50.391, "2010-06-30": -111.245, "2010-03-31": "-179.29700", "2009-12-31": 48.894, "2009-09-30": -185.845, "2009-06-30": -14.343, "2009-03-31": "292.39800", "2008-12-31": 1293.364, "2008-09-30": 153.526, "2008-06-30": -624.323, "2008-03-31": "33.00500", "2007-12-31": 65.075, "2007-09-30": -43.269, "2007-06-30": -73.534, "2007-03-31": "-122.59800", "2006-12-31": 180.596, "2006-09-30": -6.509, "2006-06-30": -139.842, "2006-03-31": "-68.12300", "2005-12-31": 17.271, "2005-09-30": -36.696, "2005-06-30": 0, "2005-03-31": ""}, "Change In Inventories": {"2020-12-31": -306.353, "2020-09-30": 126.43, "2020-06-30": 505.997, "2020-03-31": "-41.99300", "2019-12-31": 235.884, "2019-09-30": 195.642, "2019-06-30": 173.212, "2019-03-31": "107.90700", "2018-12-31": -447.236, "2018-09-30": 31.401, "2018-06-30": -429.333, "2018-03-31": "-246.93300", "2017-12-31": 56.083, "2017-09-30": -175.448, "2017-06-30": -261.679, "2017-03-31": "-519.90200", "2016-12-31": 156.618, "2016-09-30": -106.201, "2016-06-30": -297.535, "2016-03-31": "114.47900", "2015-12-31": 690.757, "2015-09-30": -101.659, "2015-06-30": 141.262, "2015-03-31": "330.84200", "2014-12-31": 92.301, "2014-09-30": 49.488, "2014-06-30": -7.318, "2014-03-31": "-123.14500", "2013-12-31": -168.794, "2013-09-30": -165.367, "2013-06-30": 99.309, "2013-03-31": "-63.22200", "2012-12-31": -107.317, "2012-09-30": 194.156, "2012-06-30": 110.659, "2012-03-31": "-263.15300", "2011-12-31": 200.352, "2011-09-30": 27.289, "2011-06-30": -263.8, "2011-03-31": "-397.53700", "2010-12-31": 93.636, "2010-09-30": 303.392, "2010-06-30": -325.94, "2010-03-31": "-303.00100", "2009-12-31": 4.496, "2009-09-30": -34.317, "2009-06-30": 624.677, "2009-03-31": "522.74400", "2008-12-31": 719.543, "2008-09-30": -513.253, "2008-06-30": -578.584, "2008-03-31": "8.01400", "2007-12-31": 25.946, "2007-09-30": 16.064, "2007-06-30": -139.186, "2007-03-31": "-5.31400", "2006-12-31": 37.511, "2006-09-30": -103.759, "2006-06-30": -81.555, "2006-03-31": "3.83200", "2005-12-31": 6.089, "2005-09-30": 331.773, "2005-06-30": 0, "2005-03-31": ""}, "Change In Accounts Payable": {"2020-12-31": 235.195, "2020-09-30": 288.276, "2020-06-30": -244.877, "2020-03-31": "-28.03300", "2019-12-31": -73.06, "2019-09-30": 68.274, "2019-06-30": -237.274, "2019-03-31": "-11.39700", "2018-12-31": 6.02, "2018-09-30": -138.398, "2018-06-30": 210.114, "2018-03-31": "157.83600", "2017-12-31": -136.957, "2017-09-30": 80.616, "2017-06-30": -42.098, "2017-03-31": "413.25600", "2016-12-31": 20.57, "2016-09-30": -236.597, "2016-06-30": 255.465, "2016-03-31": "197.35000", "2015-12-31": -355.392, "2015-09-30": 76.476, "2015-06-30": 77.975, "2015-03-31": "-237.84700", "2014-12-31": -196.02, "2014-09-30": -6.299, "2014-06-30": 82.971, "2014-03-31": "7.48900", "2013-12-31": -83.031, "2013-09-30": 167.244, "2013-06-30": -44.549, "2013-03-31": "-0.17500", "2012-12-31": -133.164, "2012-09-30": -20.726, "2012-06-30": -180.453, "2012-03-31": "222.84700", "2011-12-31": -228.873, "2011-09-30": 45.313, "2011-06-30": 29.264, "2011-03-31": "216.30800", "2010-12-31": 71.905, "2010-09-30": -70.384, "2010-06-30": -54.591, "2010-03-31": "232.87700", "2009-12-31": -42.062, "2009-09-30": 334.138, "2009-06-30": 5.81, "2009-03-31": "-127.65700", "2008-12-31": -1060.698, "2008-09-30": -295.185, "2008-06-30": 478.304, "2008-03-31": "16.24500", "2007-12-31": -110.29, "2007-09-30": -36.421, "2007-06-30": -16.237, "2007-03-31": "220.20700", "2006-12-31": -166.185, "2006-09-30": -33.871, "2006-06-30": 100.79, "2006-03-31": "90.74900", "2005-12-31": -71.852, "2005-09-30": 89.111, "2005-06-30": 0, "2005-03-31": ""}, "Change In Assets/Liabilities": {"2020-12-31": 0, "2020-09-30": 0, "2020-06-30": 0, "2020-03-31": "", "2019-12-31": 0, "2019-09-30": 0, "2019-06-30": 0, "2019-03-31": "", "2018-12-31": 0, "2018-09-30": 0, "2018-06-30": 0, "2018-03-31": "", "2017-12-31": 0, "2017-09-30": 0, "2017-06-30": 0, "2017-03-31": "", "2016-12-31": 0, "2016-09-30": 0, "2016-06-30": 0, "2016-03-31": "", "2015-12-31": 0, "2015-09-30": 0, "2015-06-30": 0, "2015-03-31": "", "2014-12-31": 0, "2014-09-30": 0, "2014-06-30": 0, "2014-03-31": "", "2013-12-31": 0, "2013-09-30": 0, "2013-06-30": 0, "2013-03-31": "", "2012-12-31": -101.835, "2012-09-30": 37.446, "2012-06-30": 4.748, "2012-03-31": "59.64100", "2011-12-31": -63.653, "2011-09-30": -40.442, "2011-06-30": 17.859, "2011-03-31": "51.19900", "2010-12-31": -15.547, "2010-09-30": 104.032, "2010-06-30": -73.726, "2010-03-31": "-25.44300", "2009-12-31": 13.805, "2009-09-30": 30.222, "2009-06-30": -4.185, "2009-03-31": "-8.46200", "2008-12-31": -131.517, "2008-09-30": 13.928, "2008-06-30": 30.773, "2008-03-31": "-41.98700", "2007-12-31": -4.812, "2007-09-30": 31.32, "2007-06-30": 7.943, "2007-03-31": "-30.40600", "2006-12-31": 16.796, "2006-09-30": -8.87, "2006-06-30": 21.362, "2006-03-31": "-6.00800", "2005-12-31": -88.197, "2005-09-30": 41.887, "2005-06-30": -58.871, "2005-03-31": "127.02100"}, "Total Change In Assets/Liabilities": {"2020-12-31": -426.0521, "2020-09-30": 253.6851, "2020-06-30": 694.086, "2020-03-31": "-354.81100", "2019-12-31": 294.0229, "2019-09-30": 358.266, "2019-06-30": -97.016, "2019-03-31": "-101.82500", "2018-12-31": -285.363, "2018-09-30": 12.043, "2018-06-30": -182.1439, "2018-03-31": "-517.95900", "2017-12-31": -67.117, "2017-09-30": -45.504, "2017-06-30": -480.5811, "2017-03-31": "-342.30490", "2016-12-31": 292.3929, "2016-09-30": -301.7089, "2016-06-30": -148.488, "2016-03-31": "181.39700", "2015-12-31": 571.107, "2015-09-30": 95.433, "2015-06-30": 264.089, "2015-03-31": "353.66300", "2014-12-31": -68.287, "2014-09-30": 21.63, "2014-06-30": -61.311, "2014-03-31": "-215.46000", "2013-12-31": -148.835, "2013-09-30": -17.249, "2013-06-30": 105.592, "2013-03-31": "-216.63700", "2012-12-31": -304.062, "2012-09-30": 388.222, "2012-06-30": -100.456, "2012-03-31": "-101.12700", "2011-12-31": 20.7889, "2011-09-30": -59.8539, "2011-06-30": -215.984, "2011-03-31": "-296.32200", "2010-12-31": 379.9101, "2010-09-30": 272.0348, "2010-06-30": -565.9099, "2010-03-31": "-221.55100", "2009-12-31": -69.369, "2009-09-30": 74.7949, "2009-06-30": 542.674, "2009-03-31": "70.29710", "2008-12-31": 900.752, "2008-09-30": -421.4661, "2008-06-30": -611.7329, "2008-03-31": "42.19200", "2007-12-31": -70.848, "2007-09-30": 121.958, "2007-06-30": -330.604, "2007-03-31": "34.38300", "2006-12-31": -16.864, "2006-09-30": 62.724, "2006-06-30": -201.342, "2006-03-31": "71.63800", "2005-12-31": -115.831, "2005-09-30": 376.755, "2005-06-30": -58.871, "2005-03-31": "127.02100"}, "Cash Flow From Operating Activities": {"2020-12-31": 491.286, "2020-09-30": 855.623, "2020-06-30": 1148.762, "2020-03-31": "201.20600", "2019-12-31": 689.199, "2019-09-30": 932.359, "2019-06-30": 537.147, "2019-03-31": "650.70800", "2018-12-31": 492.493, "2018-09-30": 1030.867, "2018-06-30": 742.671, "2018-03-31": "127.92100", "2017-12-31": 288.77, "2017-09-30": 415.707, "2017-06-30": 106.719, "2017-03-31": "244.14200", "2016-12-31": 567.911, "2016-09-30": 315.718, "2016-06-30": 315.513, "2016-03-31": "550.85900", "2015-12-31": 411.462, "2015-09-30": 562.595, "2015-06-30": 631.01, "2015-03-31": "563.69400", "2014-12-31": 417.335, "2014-09-30": 482.234, "2014-06-30": 294.115, "2014-03-31": "149.21400", "2013-12-31": 194.309, "2013-09-30": 398.666, "2013-06-30": 356.163, "2013-03-31": "128.81100", "2012-12-31": 75.701, "2012-09-30": 678.198, "2012-06-30": 244.667, "2012-03-31": "201.81900", "2011-12-31": 347.569, "2011-09-30": 390.762, "2011-06-30": 245.227, "2011-03-31": "47.49500", "2010-12-31": 650.553, "2010-09-30": 510, "2010-06-30": -290.722, "2010-03-31": "-3.03700", "2009-12-31": 222.934, "2009-09-30": 317.308, "2009-06-30": 618.81, "2009-03-31": "14.14200", "2008-12-31": 1179.813, "2008-09-30": 494.011, "2008-06-30": 160.76, "2008-03-31": "667.47900", "2007-12-31": 544.623, "2007-09-30": 653.119, "2007-06-30": 172.054, "2007-03-31": "565.51000", "2006-12-31": 560.811, "2006-09-30": 749.913, "2006-06-30": 373.118, "2006-03-31": "567.39100", "2005-12-31": 409.288, "2005-09-30": 777.935, "2005-06-30": 361.454, "2005-03-31": "587.93800"}, "Net Change In Property, Plant, And Equipment": {"2020-12-31": -342.697, "2020-09-30": -399.924, "2020-06-30": -353.364, "2020-03-31": "-406.30100", "2019-12-31": -483.951, "2019-09-30": -320.173, "2019-06-30": -355.675, "2019-03-31": "-275.87600", "2018-12-31": -354.167, "2018-09-30": -252.586, "2018-06-30": -177.953, "2018-03-31": "-166.23600", "2017-12-31": -150.348, "2017-09-30": -96.166, "2017-06-30": -91.061, "2017-03-31": "-85.66500", "2016-12-31": -273.716, "2016-09-30": -96.842, "2016-06-30": -140.323, "2016-03-31": "-75.38800", "2015-12-31": -86.642, "2015-09-30": -100.77, "2015-06-30": -82.402, "2015-03-31": "-74.91900", "2014-12-31": -92.918, "2014-09-30": -104.561, "2014-06-30": -180.422, "2014-03-31": "-253.51800", "2013-12-31": -304.254, "2013-09-30": -247.44, "2013-06-30": -283.534, "2013-03-31": "-327.62700", "2012-12-31": -325.342, "2012-09-30": -208.781, "2012-06-30": -208.878, "2012-03-31": "-153.54400", "2011-12-31": -107.173, "2011-09-30": -111.953, "2011-06-30": -102.433, "2011-03-31": "-92.05100", "2010-12-31": -94.408, "2010-09-30": -71.635, "2010-06-30": -96.527, "2010-03-31": "-51.17000", "2009-12-31": -73.591, "2009-09-30": -73.72, "2009-06-30": -108.086, "2009-03-31": "-123.73200", "2008-12-31": -204.324, "2008-09-30": -302.358, "2008-06-30": -270.13, "2008-03-31": "-224.98800", "2007-12-31": -187.784, "2007-09-30": -131.848, "2007-06-30": -106.763, "2007-03-31": "-91.17100", "2006-12-31": -98.03, "2006-09-30": -102.555, "2006-06-30": -67.21, "2006-03-31": "-68.43200", "2005-12-31": -108.794, "2005-09-30": -75.433, "2005-06-30": -75.522, "2005-03-31": "-70.96500"}, "Net Change In Intangible Assets": {"2020-12-31": 0, "2020-09-30": 0, "2020-06-30": 0, "2020-03-31": "", "2019-12-31": 0, "2019-09-30": 0, "2019-06-30": 0, "2019-03-31": "", "2018-12-31": 0, "2018-09-30": 0, "2018-06-30": 0, "2018-03-31": "", "2017-12-31": 0, "2017-09-30": 0, "2017-06-30": 0, "2017-03-31": "", "2016-12-31": 0, "2016-09-30": 0, "2016-06-30": 0, "2016-03-31": "", "2015-12-31": 0, "2015-09-30": 0, "2015-06-30": 0, "2015-03-31": "", "2014-12-31": 0, "2014-09-30": 0, "2014-06-30": 0, "2014-03-31": "", "2013-12-31": 0, "2013-09-30": 0, "2013-06-30": 0, "2013-03-31": "", "2012-12-31": 0, "2012-09-30": 0, "2012-06-30": 0, "2012-03-31": "", "2011-12-31": 0, "2011-09-30": 0, "2011-06-30": 0, "2011-03-31": "", "2010-12-31": 0, "2010-09-30": 0, "2010-06-30": 0, "2010-03-31": "", "2009-12-31": 0, "2009-09-30": 0, "2009-06-30": 0, "2009-03-31": "", "2008-12-31": 0, "2008-09-30": 0, "2008-06-30": 0, "2008-03-31": "", "2007-12-31": 0, "2007-09-30": 0, "2007-06-30": 0, "2007-03-31": "", "2006-12-31": 0, "2006-09-30": 0, "2006-06-30": 0, "2006-03-31": "", "2005-12-31": 0, "2005-09-30": 0, "2005-06-30": 0, "2005-03-31": ""}, "Net Acquisitions/Divestitures": {"2020-12-31": -67.703, "2020-09-30": -21.162, "2020-06-30": 0.794, "2020-03-31": "", "2019-12-31": -73.611, "2019-09-30": 0, "2019-06-30": 0, "2019-03-31": "58.09600", "2018-12-31": -33.063, "2018-09-30": 0, "2018-06-30": 0, "2018-03-31": "", "2017-12-31": -0.888, "2017-09-30": -64.743, "2017-06-30": 6.65, "2017-03-31": "-485.06000", "2016-12-31": -291.683, "2016-09-30": -48.105, "2016-06-30": 1.386, "2016-03-31": "-1.38600", "2015-12-31": -18.836, "2015-09-30": 0, "2015-06-30": -0.253, "2015-03-31": "", "2014-12-31": -730.115, "2014-09-30": 0, "2014-06-30": -37.058, "2014-03-31": "-1.40800", "2013-12-31": 0, "2013-09-30": 0, "2013-06-30": 0, "2013-03-31": "", "2012-12-31": 2.824, "2012-09-30": -17.247, "2012-06-30": -687.562, "2012-03-31": "-58.84800", "2011-12-31": -3.959, "2011-09-30": 0, "2011-06-30": 0, "2011-03-31": "", "2010-12-31": 0.097, "2010-09-30": -1.163, "2010-06-30": -8.028, "2010-03-31": "-55.69400", "2009-12-31": -8.006, "2009-09-30": 0, "2009-06-30": -24.714, "2009-03-31": "", "2008-12-31": 1.135, "2008-09-30": -235.348, "2008-06-30": -189.638, "2008-03-31": "-1402.17900", "2007-12-31": -131.989, "2007-09-30": -327.061, "2007-06-30": -23.536, "2007-03-31": "-1060.08000", "2006-12-31": -180.041, "2006-09-30": 0, "2006-06-30": -43.879, "2006-03-31": "", "2005-12-31": 0, "2005-09-30": -2, "2005-06-30": -108.728, "2005-03-31": "-44.13600"}, "Net Change In Short-term Investments": {"2020-12-31": 4.398, "2020-09-30": -153.304, "2020-06-30": -101.474, "2020-03-31": "154.04100", "2019-12-31": -50.424, "2019-09-30": -199.616, "2019-06-30": 0, "2019-03-31": "-50.00000", "2018-12-31": 0, "2018-09-30": 0, "2018-06-30": 0, "2018-03-31": "50.00000", "2017-12-31": 0, "2017-09-30": 0, "2017-06-30": 0, "2017-03-31": "100.00000", "2016-12-31": 500, "2016-09-30": -100, "2016-06-30": -500, "2016-03-31": "50.00000", "2015-12-31": 0, "2015-09-30": 11.452, "2015-06-30": 0, "2015-03-31": "-11.92700", "2014-12-31": 0, "2014-09-30": 0, "2014-06-30": 0, "2014-03-31": "-72.47100", "2013-12-31": 19.333, "2013-09-30": 0.041, "2013-06-30": -19.39, "2013-03-31": "73.42800", "2012-12-31": 325.229, "2012-09-30": 141.76, "2012-06-30": 626.094, "2012-03-31": "164.65600", "2011-12-31": -50.092, "2011-09-30": -219.866, "2011-06-30": 50.388, "2011-03-31": "10.55100", "2010-12-31": -997.129, "2010-09-30": 184, "2010-06-30": 0, "2010-03-31": "-115.49500", "2009-12-31": 36.389, "2009-09-30": -125, "2009-06-30": -136.389, "2009-03-31": "", "2008-12-31": 52.692, "2008-09-30": -24.856, "2008-06-30": 0, "2008-03-31": "182.45000", "2007-12-31": -210.45, "2007-09-30": 350.865, "2007-06-30": 136.6, "2007-03-31": "923.16800", "2006-12-31": -21.6951, "2006-09-30": -118.13, "2006-06-30": -193.785, "2006-03-31": "-219.66300", "2005-12-31": -744.77, "2005-09-30": -112.59, "2005-06-30": 0, "2005-03-31": ""}, "Net Change In Long-Term Investments": {"2020-12-31": -27.885, "2020-09-30": -6.786, "2020-06-30": -6.604, "2020-03-31": "-3.15200", "2019-12-31": -18.221, "2019-09-30": -16.443, "2019-06-30": -11.141, "2019-03-31": "-0.02900", "2018-12-31": -9.872, "2018-09-30": -38.113, "2018-06-30": -17.526, "2018-03-31": "-55.90100", "2017-12-31": -40, "2017-09-30": 0, "2017-06-30": -5, "2017-03-31": "-14.00000", "2016-12-31": -15, "2016-09-30": -35.659, "2016-06-30": -6.41, "2016-03-31": "-6.09800", "2015-12-31": -39.138, "2015-09-30": -17.521, "2015-06-30": -2.974, "2015-03-31": "-20.77600", "2014-12-31": -3.713, "2014-09-30": -25.637, "2014-06-30": -61.386, "2014-03-31": "-7.10500", "2013-12-31": -20.291, "2013-09-30": -21.277, "2013-06-30": -22.807, "2013-03-31": "128.04700", "2012-12-31": 35.316, "2012-09-30": 114.163, "2012-06-30": 29.435, "2012-03-31": "-0.09100", "2011-12-31": 9.908, "2011-09-30": -573.534, "2011-06-30": -25.364, "2011-03-31": "-24.47500", "2010-12-31": -6.218, "2010-09-30": -25.397, "2010-06-30": -321.93, "2010-03-31": "-80.46100", "2009-12-31": -3.268, "2009-09-30": -2.391, "2009-06-30": -49.436, "2009-03-31": "-8.46800", "2008-12-31": -15.768, "2008-09-30": -677.042, "2008-06-30": -10.785, "2008-03-31": "-17.11800", "2007-12-31": 25.978, "2007-09-30": -12.873, "2007-06-30": -6.279, "2007-03-31": "-8.76100", "2006-12-31": -0.083, "2006-09-30": -7.485, "2006-06-30": -12.052, "2006-03-31": "-14.70400", "2005-12-31": -4.453, "2005-09-30": -4.927, "2005-06-30": -24.347, "2005-03-31": "-8.17600"}, "Net Change In Investments - Total": {"2020-12-31": -23.487, "2020-09-30": -160.09, "2020-06-30": -108.078, "2020-03-31": "150.88900", "2019-12-31": -68.645, "2019-09-30": -216.059, "2019-06-30": -11.141, "2019-03-31": "-50.02900", "2018-12-31": -9.872, "2018-09-30": -38.113, "2018-06-30": -17.526, "2018-03-31": "-5.90100", "2017-12-31": -40, "2017-09-30": 0, "2017-06-30": -5, "2017-03-31": "86.00000", "2016-12-31": 485, "2016-09-30": -135.659, "2016-06-30": -506.41, "2016-03-31": "43.90200", "2015-12-31": -39.138, "2015-09-30": -6.069, "2015-06-30": -2.974, "2015-03-31": "-32.70300", "2014-12-31": -3.713, "2014-09-30": -25.637, "2014-06-30": -61.386, "2014-03-31": "-79.57600", "2013-12-31": -0.958, "2013-09-30": -21.236, "2013-06-30": -42.197, "2013-03-31": "201.47500", "2012-12-31": 360.545, "2012-09-30": 255.923, "2012-06-30": 655.529, "2012-03-31": "164.56500", "2011-12-31": -40.184, "2011-09-30": -793.4, "2011-06-30": 25.024, "2011-03-31": "-13.92400", "2010-12-31": -1003.347, "2010-09-30": 158.603, "2010-06-30": -321.93, "2010-03-31": "-195.95600", "2009-12-31": 33.121, "2009-09-30": -127.391, "2009-06-30": -185.825, "2009-03-31": "-8.46800", "2008-12-31": 36.924, "2008-09-30": -701.898, "2008-06-30": -10.785, "2008-03-31": "165.33200", "2007-12-31": -184.472, "2007-09-30": 337.992, "2007-06-30": 130.321, "2007-03-31": "914.40700", "2006-12-31": -21.778, "2006-09-30": -125.615, "2006-06-30": -205.837, "2006-03-31": "-234.36700", "2005-12-31": -749.223, "2005-09-30": -117.517, "2005-06-30": -24.347, "2005-03-31": "-8.17600"}, "Investing Activities - Other": {"2020-12-31": 0.365, "2020-09-30": -34.668, "2020-06-30": 0.597, "2020-03-31": "0.53500", "2019-12-31": 0.697, "2019-09-30": 0, "2019-06-30": 0, "2019-03-31": "2.17600", "2018-12-31": 0.001, "2018-09-30": 23.969, "2018-06-30": 0.403, "2018-03-31": "0.97500", "2017-12-31": 8.844, "2017-09-30": -0.465, "2017-06-30": -0.99, "2017-03-31": "", "2016-12-31": 0.756, "2016-09-30": 7.085, "2016-06-30": 5.473, "2016-03-31": "0.79200", "2015-12-31": 0.063, "2015-09-30": 1.077, "2015-06-30": 0, "2015-03-31": "1.87000", "2014-12-31": 105.75, "2014-09-30": 11.5, "2014-06-30": 12, "2014-03-31": "3.00000", "2013-12-31": 12.894, "2013-09-30": 87.052, "2013-06-30": 98.49, "2013-03-31": "-12.63500", "2012-12-31": 22.622, "2012-09-30": -27.879, "2012-06-30": 60.785, "2012-03-31": "-38.70700", "2011-12-31": 26.521, "2011-09-30": 531.695, "2011-06-30": 0, "2011-03-31": "21.94900", "2010-12-31": -563.482, "2010-09-30": 0, "2010-06-30": 0.001, "2010-03-31": "48.88400", "2009-12-31": 0, "2009-09-30": 0, "2009-06-30": 0, "2009-03-31": "", "2008-12-31": -0.0009, "2008-09-30": 0.0019, "2008-06-30": 17.5701, "2008-03-31": "", "2007-12-31": -29.5, "2007-09-30": 0, "2007-06-30": 0, "2007-03-31": "35.34700", "2006-12-31": 0, "2006-09-30": 0, "2006-06-30": 0, "2006-03-31": "", "2005-12-31": 0, "2005-09-30": 0, "2005-06-30": 0, "2005-03-31": ""}, "Cash Flow From Investing Activities": {"2020-12-31": -433.522, "2020-09-30": -615.844, "2020-06-30": -460.051, "2020-03-31": "-254.87700", "2019-12-31": -625.51, "2019-09-30": -536.232, "2019-06-30": -366.816, "2019-03-31": "-265.63300", "2018-12-31": -397.101, "2018-09-30": -266.73, "2018-06-30": -195.076, "2018-03-31": "-171.16200", "2017-12-31": -182.392, "2017-09-30": -161.374, "2017-06-30": -90.401, "2017-03-31": "-484.72500", "2016-12-31": -79.643, "2016-09-30": -273.521, "2016-06-30": -639.874, "2016-03-31": "-32.08000", "2015-12-31": -144.553, "2015-09-30": -105.762, "2015-06-30": -85.629, "2015-03-31": "-105.75200", "2014-12-31": -720.996, "2014-09-30": -118.698, "2014-06-30": -266.866, "2014-03-31": "-331.50200", "2013-12-31": -292.318, "2013-09-30": -181.624, "2013-06-30": -227.241, "2013-03-31": "-138.78700", "2012-12-31": 60.649, "2012-09-30": 2.016, "2012-06-30": -180.126, "2012-03-31": "-86.53400", "2011-12-31": -124.795, "2011-09-30": -373.658, "2011-06-30": -77.409, "2011-03-31": "-84.02600", "2010-12-31": -1661.14, "2010-09-30": 85.805, "2010-06-30": -426.484, "2010-03-31": "-253.93600", "2009-12-31": -48.476, "2009-09-30": -201.111, "2009-06-30": -318.625, "2009-03-31": "-132.20000", "2008-12-31": -166.266, "2008-09-30": -1239.602, "2008-06-30": -452.983, "2008-03-31": "-1461.83500", "2007-12-31": -533.745, "2007-09-30": -120.917, "2007-06-30": 0.022, "2007-03-31": "-201.49700", "2006-12-31": -299.849, "2006-09-30": -228.17, "2006-06-30": -316.926, "2006-03-31": "-302.79900", "2005-12-31": -858.017, "2005-09-30": -194.95, "2005-06-30": -208.597, "2005-03-31": "-123.27700"}, "Net Long-Term Debt": {"2020-12-31": 0, "2020-09-30": 142.64, "2020-06-30": 1012.845, "2020-03-31": "-15.00000", "2019-12-31": 0, "2019-09-30": 0, "2019-06-30": -3.137, "2019-03-31": "3.13700", "2018-12-31": 0, "2018-09-30": 0, "2018-06-30": 495.71, "2018-03-31": "", "2017-12-31": -600, "2017-09-30": 0, "2017-06-30": 0, "2017-03-31": "", "2016-12-31": 0, "2016-09-30": 0, "2016-06-30": 0, "2016-03-31": "", "2015-12-31": 0, "2015-09-30": -8.3, "2015-06-30": -8, "2015-03-31": "", "2014-12-31": -2.058, "2014-09-30": -3.3, "2014-06-30": 0, "2014-03-31": "", "2013-12-31": 0, "2013-09-30": 999.1, "2013-06-30": -250, "2013-03-31": "", "2012-12-31": -650, "2012-09-30": 0, "2012-06-30": 0, "2012-03-31": "", "2011-12-31": 0, "2011-09-30": 0, "2011-06-30": 0, "2011-03-31": "", "2010-12-31": 600, "2010-09-30": 598.992, "2010-06-30": -6, "2010-03-31": "", "2009-12-31": 0, "2009-09-30": -5.4, "2009-06-30": 0, "2009-03-31": "-175.00000", "2008-12-31": 0, "2008-09-30": 0, "2008-06-30": 589.715, "2008-03-31": "400.00000", "2007-12-31": 1322.445, "2007-09-30": 0, "2007-06-30": 0, "2007-03-31": "", "2006-12-31": 0, "2006-09-30": -1.25, "2006-06-30": 0, "2006-03-31": "", "2005-12-31": 0, "2005-09-30": 0, "2005-06-30": 0, "2005-03-31": ""}, "Net Current Debt": {"2020-12-31": -5.872, "2020-09-30": -0.874, "2020-06-30": 11.391, "2020-03-31": "-9.18300", "2019-12-31": 14.719, "2019-09-30": -12.362, "2019-06-30": -11.351, "2019-03-31": "13.56800", "2018-12-31": 5.042, "2018-09-30": -6.339, "2018-06-30": -14.869, "2018-03-31": "21.20300", "2017-12-31": 2.463, "2017-09-30": 11.174, "2017-06-30": -8.945, "2017-03-31": "30.18000", "2016-12-31": -11.84, "2016-09-30": 9.855, "2016-06-30": -16.704, "2016-03-31": "-14.67100", "2015-12-31": -3.287, "2015-09-30": 11.937, "2015-06-30": 15.773, "2015-03-31": "-180.23900", "2014-12-31": 166.408, "2014-09-30": -1.312, "2014-06-30": 15.342, "2014-03-31": "-2.13000", "2013-12-31": -9.002, "2013-09-30": 6.535, "2013-06-30": -10.716, "2013-03-31": "12.51200", "2012-12-31": -1.038, "2012-09-30": 23.749, "2012-06-30": -0.924, "2012-03-31": "6.15800", "2011-12-31": -5.804, "2011-09-30": -7.003, "2011-06-30": -2.237, "2011-03-31": "3.59400", "2010-12-31": 10.218, "2010-09-30": 0.491, "2010-06-30": -6.46, "2010-03-31": "7.31200", "2009-12-31": -1.686, "2009-09-30": -2.528, "2009-06-30": -0.374, "2009-03-31": "-2.32000", "2008-12-31": -6.357, "2008-09-30": -122.051, "2008-06-30": -10.928, "2008-03-31": "-10.50100", "2007-12-31": 0.59, "2007-09-30": -2.23, "2007-06-30": -70.327, "2007-03-31": "6.09600", "2006-12-31": 0, "2006-09-30": 0, "2006-06-30": 0, "2006-03-31": "", "2005-12-31": 0, "2005-09-30": 0, "2005-06-30": 0, "2005-03-31": ""}, "Debt Issuance/Retirement Net - Total": {"2020-12-31": -5.872, "2020-09-30": 141.766, "2020-06-30": 1024.236, "2020-03-31": "-24.18300", "2019-12-31": 14.719, "2019-09-30": -12.362, "2019-06-30": -14.488, "2019-03-31": "16.70500", "2018-12-31": 5.042, "2018-09-30": -6.339, "2018-06-30": 480.841, "2018-03-31": "21.20300", "2017-12-31": -597.537, "2017-09-30": 11.174, "2017-06-30": -8.945, "2017-03-31": "30.18000", "2016-12-31": -11.84, "2016-09-30": 9.855, "2016-06-30": -16.704, "2016-03-31": "-14.67100", "2015-12-31": -3.287, "2015-09-30": 3.637, "2015-06-30": 7.773, "2015-03-31": "-180.23900", "2014-12-31": 164.35, "2014-09-30": -4.612, "2014-06-30": 15.342, "2014-03-31": "-2.13000", "2013-12-31": -9.002, "2013-09-30": 1005.635, "2013-06-30": -260.716, "2013-03-31": "12.51200", "2012-12-31": -651.038, "2012-09-30": 23.749, "2012-06-30": -0.924, "2012-03-31": "6.15800", "2011-12-31": -5.804, "2011-09-30": -7.003, "2011-06-30": -2.237, "2011-03-31": "3.59400", "2010-12-31": 610.218, "2010-09-30": 599.483, "2010-06-30": -12.46, "2010-03-31": "7.31200", "2009-12-31": -1.686, "2009-09-30": -7.928, "2009-06-30": -0.374, "2009-03-31": "-177.32000", "2008-12-31": -6.3569, "2008-09-30": -122.051, "2008-06-30": 578.787, "2008-03-31": "389.49900", "2007-12-31": 1323.035, "2007-09-30": -2.23, "2007-06-30": -70.327, "2007-03-31": "6.09600", "2006-12-31": 0, "2006-09-30": -1.25, "2006-06-30": 0, "2006-03-31": "", "2005-12-31": 0, "2005-09-30": 0, "2005-06-30": 0, "2005-03-31": ""}, "Net Common Equity Issued/Repurchased": {"2020-12-31": 11.846, "2020-09-30": 0, "2020-06-30": 0, "2020-03-31": "-39.49900", "2019-12-31": -90.777, "2019-09-30": 0, "2019-06-30": -118.789, "2019-03-31": "-72.83000", "2018-12-31": -502.606, "2018-09-30": -169.255, "2018-06-30": -144.154, "2018-03-31": "-13.88100", "2017-12-31": 1.654, "2017-09-30": -88.423, "2017-06-30": -3.897, "2017-03-31": "7.43200", "2016-12-31": 9.943, "2016-09-30": 3.845, "2016-06-30": 1.882, "2016-03-31": "-5.17300", "2015-12-31": -66.504, "2015-09-30": 0, "2015-06-30": 0, "2015-03-31": "0.42300", "2014-12-31": 1.149, "2014-09-30": 4.465, "2014-06-30": 0, "2014-03-31": "", "2013-12-31": 0, "2013-09-30": 0, "2013-06-30": 0, "2013-03-31": "", "2012-12-31": 0, "2012-09-30": 4.359, "2012-06-30": 0.28, "2012-03-31": "5.87600", "2011-12-31": 1.14, "2011-09-30": 3.751, "2011-06-30": 0.548, "2011-03-31": "2.65800", "2010-12-31": 1.039, "2010-09-30": 1.871, "2010-06-30": 0.315, "2010-03-31": "1.46200", "2009-12-31": 0.16, "2009-09-30": 2.038, "2009-06-30": 0.49, "2009-03-31": "1.02800", "2008-12-31": -115.507, "2008-09-30": -6.328, "2008-06-30": 1988.407, "2008-03-31": "6.15800", "2007-12-31": 1.573, "2007-09-30": -616.739, "2007-06-30": -133.461, "2007-03-31": "6.60100", "2006-12-31": -108.387, "2006-09-30": -317.41, "2006-06-30": -164.164, "2006-03-31": "27.74800", "2005-12-31": -35.645, "2005-09-30": -35.952, "2005-06-30": -204.7, "2005-03-31": "25.26200"}, "Net Total Equity Issued/Repurchased": {"2020-12-31": 11.846, "2020-09-30": 0, "2020-06-30": 0, "2020-03-31": "-39.49900", "2019-12-31": -90.777, "2019-09-30": 0, "2019-06-30": -118.789, "2019-03-31": "-72.83000", "2018-12-31": -502.606, "2018-09-30": -169.255, "2018-06-30": -144.154, "2018-03-31": "-13.88100", "2017-12-31": 1.654, "2017-09-30": -88.423, "2017-06-30": -3.897, "2017-03-31": "7.43200", "2016-12-31": 9.943, "2016-09-30": 3.845, "2016-06-30": 1.882, "2016-03-31": "-5.17300", "2015-12-31": -66.504, "2015-09-30": 0, "2015-06-30": 0, "2015-03-31": "0.42300", "2014-12-31": 1.149, "2014-09-30": 4.465, "2014-06-30": 0, "2014-03-31": "", "2013-12-31": 0, "2013-09-30": 0, "2013-06-30": 0, "2013-03-31": "", "2012-12-31": 0, "2012-09-30": 4.359, "2012-06-30": 0.28, "2012-03-31": "5.87600", "2011-12-31": 1.14, "2011-09-30": 3.751, "2011-06-30": 0.548, "2011-03-31": "2.65800", "2010-12-31": 1.039, "2010-09-30": 1.871, "2010-06-30": 0.315, "2010-03-31": "1.46200", "2009-12-31": 0.16, "2009-09-30": 2.038, "2009-06-30": 0.49, "2009-03-31": "1.02800", "2008-12-31": -115.507, "2008-09-30": -6.328, "2008-06-30": 1988.407, "2008-03-31": "6.15800", "2007-12-31": 1.573, "2007-09-30": -616.739, "2007-06-30": -133.461, "2007-03-31": "6.60100", "2006-12-31": -108.387, "2006-09-30": -317.41, "2006-06-30": -164.164, "2006-03-31": "27.74800", "2005-12-31": -35.645, "2005-09-30": -35.952, "2005-06-30": -204.7, "2005-03-31": "25.26200"}, "Total Common And Preferred Stock Dividends Paid": {"2020-12-31": -123.019, "2020-09-30": -123.017, "2020-06-30": -122.679, "2020-03-31": "-122.94000", "2019-12-31": -122.792, "2019-09-30": -122.796, "2019-06-30": -123.074, "2019-03-31": "-123.40000", "2018-12-31": -120.394, "2018-09-30": -121.333, "2018-06-30": -121.862, "2018-03-31": "-121.78700", "2017-12-31": -121.019, "2017-09-30": -121.598, "2017-06-30": -121.401, "2017-03-31": "-121.30300", "2016-12-31": -120.408, "2016-09-30": -120.373, "2016-06-30": -120.149, "2016-03-31": "-120.15300", "2015-12-31": -119.971, "2015-09-30": -119.985, "2015-06-30": -119.764, "2015-03-31": "-119.71200", "2014-12-31": -118.893, "2014-09-30": -118.861, "2014-06-30": -118.689, "2014-03-31": "-118.68000", "2013-12-31": -117.873, "2013-09-30": -117.875, "2013-06-30": -117.662, "2013-03-31": "-117.61800", "2012-12-31": -116.823, "2012-09-30": -116.772, "2012-06-30": -116.441, "2012-03-31": "-116.32500", "2011-12-31": -115.513, "2011-09-30": -115.444, "2011-06-30": -115.328, "2011-03-31": "-115.23300", "2010-12-31": -114.419, "2010-09-30": -114.398, "2010-06-30": -114.272, "2010-03-31": "-114.19300", "2009-12-31": -111.013, "2009-09-30": -110.969, "2009-06-30": -110.613, "2009-03-31": "-110.51400", "2008-12-31": -165.049, "2008-09-30": -165.622, "2008-06-30": -150.824, "2008-03-31": "-176.55600", "2007-12-31": -176.533, "2007-09-30": -183.77, "2007-06-30": -184.681, "2007-03-31": "-181.15500", "2006-12-31": -182.023, "2006-09-30": -185.774, "2006-06-30": -109.149, "2006-03-31": "-100.87000", "2005-12-31": -20.877, "2005-09-30": -62.273, "2005-06-30": -62.522, "2005-03-31": "-64.08000"}, "Financial Activities - Other": {"2020-12-31": -193.668, "2020-09-30": -45.994, "2020-06-30": -49.131, "2020-03-31": "-41.99200", "2019-12-31": -17.024, "2019-09-30": -6.33, "2019-06-30": -33.459, "2019-03-31": "-53.71300", "2018-12-31": -9.162, "2018-09-30": -13.348, "2018-06-30": -40.075, "2018-03-31": "-31.06700", "2017-12-31": -7.866, "2017-09-30": -7.051, "2017-06-30": -30.295, "2017-03-31": "-63.41100", "2016-12-31": -21.565, "2016-09-30": -9.118, "2016-06-30": -41.746, "2016-03-31": "-50.05900", "2015-12-31": -27.825, "2015-09-30": -16.787, "2015-06-30": -13.911, "2015-03-31": "-25.31700", "2014-12-31": -12.636, "2014-09-30": -13.552, "2014-06-30": -11.205, "2014-03-31": "-25.09500", "2013-12-31": -12.624, "2013-09-30": -13.276, "2013-06-30": -21.472, "2013-03-31": "-33.98500", "2012-12-31": -7.753, "2012-09-30": -12.958, "2012-06-30": -13.965, "2012-03-31": "-34.30000", "2011-12-31": -4.996, "2011-09-30": 18.317, "2011-06-30": -13.478, "2011-03-31": "-29.99400", "2010-12-31": -11.857, "2010-09-30": -35.562, "2010-06-30": -12.917, "2010-03-31": "0.20600", "2009-12-31": -4.029, "2009-09-30": -105.381, "2009-06-30": -33.884, "2009-03-31": "-50.03900", "2008-12-31": -22.505, "2008-09-30": -97.952, "2008-06-30": -66.262, "2008-03-31": "-84.69300", "2007-12-31": -37.266, "2007-09-30": -81.663, "2007-06-30": -40.757, "2007-03-31": "-99.60000", "2006-12-31": -17.498, "2006-09-30": -68.033, "2006-06-30": -27.536, "2006-03-31": "-43.64200", "2005-12-31": -9.247, "2005-09-30": -50.867, "2005-06-30": -27.591, "2005-03-31": "-2.18100"}, "Cash Flow From Financial Activities": {"2020-12-31": -310.713, "2020-09-30": -27.245, "2020-06-30": 852.426, "2020-03-31": "-228.61400", "2019-12-31": -215.874, "2019-09-30": -141.488, "2019-06-30": -289.81, "2019-03-31": "-233.23800", "2018-12-31": -627.12, "2018-09-30": -310.275, "2018-06-30": 174.75, "2018-03-31": "-145.53200", "2017-12-31": -724.768, "2017-09-30": -205.898, "2017-06-30": -164.538, "2017-03-31": "-147.10200", "2016-12-31": -143.87, "2016-09-30": -115.791, "2016-06-30": -176.717, "2016-03-31": "-190.05600", "2015-12-31": -217.587, "2015-09-30": -133.135, "2015-06-30": -125.902, "2015-03-31": "-324.84500", "2014-12-31": 33.97, "2014-09-30": -132.56, "2014-06-30": -114.552, "2014-03-31": "-145.90500", "2013-12-31": -139.499, "2013-09-30": 874.484, "2013-06-30": -399.85, "2013-03-31": "-139.09100", "2012-12-31": -775.614, "2012-09-30": -101.622, "2012-06-30": -131.05, "2012-03-31": "-138.59100", "2011-12-31": -125.173, "2011-09-30": -100.379, "2011-06-30": -130.495, "2011-03-31": "-138.97500", "2010-12-31": 484.981, "2010-09-30": 451.394, "2010-06-30": -139.334, "2010-03-31": "-105.21300", "2009-12-31": -116.568, "2009-09-30": -222.24, "2009-06-30": -144.381, "2009-03-31": "-336.84500", "2008-12-31": -309.418, "2008-09-30": -391.953, "2008-06-30": 2350.108, "2008-03-31": "134.40800", "2007-12-31": 1110.809, "2007-09-30": -884.402, "2007-06-30": -429.226, "2007-03-31": "-268.05800", "2006-12-31": -307.908, "2006-09-30": -572.467, "2006-06-30": -300.849, "2006-03-31": "-116.76400", "2005-12-31": -65.769, "2005-09-30": -149.092, "2005-06-30": -294.813, "2005-03-31": "-40.99900"}, "Net Cash Flow": {"2020-12-31": -243.272, "2020-09-30": 209.012, "2020-06-30": 1544.032, "2020-03-31": "-289.44800", "2019-12-31": -151.76, "2019-09-30": 254.573, "2019-06-30": -119.015, "2019-03-31": "151.92100", "2018-12-31": -533.269, "2018-09-30": 445.702, "2018-06-30": 726.199, "2018-03-31": "-188.85000", "2017-12-31": -626.84, "2017-09-30": 64.591, "2017-06-30": -146.406, "2017-03-31": "-388.20200", "2016-12-31": 341.254, "2016-09-30": -76.443, "2016-06-30": -497.338, "2016-03-31": "339.01900", "2015-12-31": 44.044, "2015-09-30": 318.929, "2015-06-30": 422.559, "2015-03-31": "129.79300", "2014-12-31": -271.801, "2014-09-30": 228.384, "2014-06-30": -84.981, "2014-03-31": "-330.71000", "2013-12-31": -239.657, "2013-09-30": 1092.442, "2013-06-30": -272.233, "2013-03-31": "-150.16200", "2012-12-31": -640.335, "2012-09-30": 581.208, "2012-06-30": -67.825, "2012-03-31": "-20.83100", "2011-12-31": 99.208, "2011-09-30": -88.107, "2011-06-30": 36.6, "2011-03-31": "-172.46200", "2010-12-31": -524.687, "2010-09-30": 1048.589, "2010-06-30": -858.085, "2010-03-31": "-357.39200", "2009-12-31": 59.31, "2009-09-30": -102.532, "2009-06-30": 160.124, "2009-03-31": "-455.05100", "2008-12-31": 700.794, "2008-09-30": -1137.544, "2008-06-30": 2057.885, "2008-03-31": "-659.94800", "2007-12-31": 1121.687, "2007-09-30": -352.2, "2007-06-30": -257.15, "2007-03-31": "95.95500", "2006-12-31": -46.946, "2006-09-30": -50.724, "2006-06-30": -244.657, "2006-03-31": "147.82800", "2005-12-31": -514.498, "2005-09-30": 433.893, "2005-06-30": -141.956, "2005-03-31": "423.66200"}, "Stock-Based Compensation": {"2020-12-31": 17.731, "2020-09-30": 17.021, "2020-06-30": 29.084, "2020-03-31": "10.01700", "2019-12-31": 16.048, "2019-09-30": 13.051, "2019-06-30": 48.768, "2019-03-31": "12.49200", "2018-12-31": 7.825, "2018-09-30": 13.692, "2018-06-30": 41.442, "2018-03-31": "10.46300", "2017-12-31": 12.949, "2017-09-30": 10.068, "2017-06-30": 31.635, "2017-03-31": "9.52400", "2016-12-31": 12.301, "2016-09-30": 6.634, "2016-06-30": 30.276, "2016-03-31": "7.30000", "2015-12-31": 6.252, "2015-09-30": 5.595, "2015-06-30": 27.494, "2015-03-31": "6.45300", "2014-12-31": 6.059, "2014-09-30": 6.573, "2014-06-30": 27.664, "2014-03-31": "6.08800", "2013-12-31": 6.899, "2013-09-30": 6.508, "2013-06-30": 28.008, "2013-03-31": "6.03500", "2012-12-31": 7.875, "2012-09-30": 5.546, "2012-06-30": 30.477, "2012-03-31": "6.83500", "2011-12-31": 8.68, "2011-09-30": 8.792, "2011-06-30": 22.023, "2011-03-31": "9.50800", "2010-12-31": 8.926, "2010-09-30": 8.869, "2010-06-30": 14.85, "2010-03-31": "10.39600", "2009-12-31": 11.205, "2009-09-30": 11.8, "2009-06-30": 21.435, "2009-03-31": "10.22500", "2008-12-31": 11.445, "2008-09-30": 7.28, "2008-06-30": 21.513, "2008-03-31": "9.63500", "2007-12-31": 10.126, "2007-09-30": 10.489, "2007-06-30": 15.737, "2007-03-31": "7.64900", "2006-12-31": 9.906, "2006-09-30": 10.621, "2006-06-30": 11.274, "2006-03-31": "8.30500", "2005-12-31": 16.791, "2005-09-30": 0, "2005-06-30": 0, "2005-03-31": ""}, "Common Stock Dividends Paid": {"2020-12-31": -123.019, "2020-09-30": -123.017, "2020-06-30": -122.679, "2020-03-31": "-122.94000", "2019-12-31": -122.792, "2019-09-30": -122.796, "2019-06-30": -123.074, "2019-03-31": "-123.40000", "2018-12-31": -120.394, "2018-09-30": -121.333, "2018-06-30": -121.862, "2018-03-31": "-121.78700", "2017-12-31": -121.019, "2017-09-30": -121.598, "2017-06-30": -121.401, "2017-03-31": "-121.30300", "2016-12-31": -120.408, "2016-09-30": -120.373, "2016-06-30": -120.149, "2016-03-31": "-120.15300", "2015-12-31": -119.971, "2015-09-30": -119.985, "2015-06-30": -119.764, "2015-03-31": "-119.71200", "2014-12-31": -118.893, "2014-09-30": -118.861, "2014-06-30": -118.689, "2014-03-31": "-118.68000", "2013-12-31": -117.873, "2013-09-30": -117.875, "2013-06-30": -117.662, "2013-03-31": "-117.61800", "2012-12-31": -116.823, "2012-09-30": -116.772, "2012-06-30": -116.441, "2012-03-31": "-116.32500", "2011-12-31": -115.513, "2011-09-30": -115.444, "2011-06-30": -115.328, "2011-03-31": "-115.23300", "2010-12-31": -114.419, "2010-09-30": -114.398, "2010-06-30": -114.272, "2010-03-31": "-114.19300", "2009-12-31": -111.013, "2009-09-30": -110.969, "2009-06-30": -110.613, "2009-03-31": "-110.51400", "2008-12-31": -165.049, "2008-09-30": -165.622, "2008-06-30": -150.824, "2008-03-31": "-176.55600", "2007-12-31": -176.533, "2007-09-30": -183.77, "2007-06-30": -184.681, "2007-03-31": "-181.15500", "2006-12-31": -182.023, "2006-09-30": -185.774, "2006-06-30": -109.149, "2006-03-31": "-100.87000", "2005-12-31": -20.877, "2005-09-30": -62.273, "2005-06-30": -62.522, "2005-03-31": "-64.08000"}}, "financial ratios": {"Current Ratio": {"2019-12-31": "3.33890", "2018-12-31": "3.07750", "2017-12-31": "2.41590", "2016-12-31": "2.72240", "2015-12-31": "4.22650", "2014-12-31": "3.07080", "2013-12-31": "3.27010", "2012-12-31": "2.78940", "2011-12-31": "2.79960", "2010-12-31": "3.89590", "2009-12-31": "4.22330", "2008-12-31": "3.45030", "2007-12-31": "3.20680", "2006-12-31": "3.29350", "2005-12-31": "3.24250"}, "Long-term Debt / Capital": {"2019-12-31": "0.28450", "2018-12-31": "0.29330", "2017-12-31": "0.26300", "2016-12-31": "0.31180", "2015-12-31": "0.35590", "2014-12-31": "0.35070", "2013-12-31": "0.35620", "2012-12-31": "0.30000", "2011-12-31": "0.32020", "2010-12-31": "0.36860", "2009-12-31": "0.28880", "2008-12-31": "0.27210", "2007-12-31": "0.30560", "2006-12-31": "0.15960", "2005-12-31": "0.17730"}, "Debt/Equity Ratio": {"2019-12-31": "0.40620", "2018-12-31": "0.42060", "2017-12-31": "0.41770", "2016-12-31": "0.52780", "2015-12-31": "0.55900", "2014-12-31": "0.56770", "2013-12-31": "0.55740", "2012-12-31": "0.46420", "2011-12-31": "0.55560", "2010-12-31": "0.58570", "2009-12-31": "0.40720", "2008-12-31": "0.39670", "2007-12-31": "0.44460", "2006-12-31": "0.18990", "2005-12-31": "0.21580"}, "Gross Margin": {"2019-12-31": "11.86020", "2018-12-31": "17.13550", "2017-12-31": "12.68690", "2016-12-31": "12.49930", "2015-12-31": "6.77580", "2014-12-31": "8.76200", "2013-12-31": "7.40410", "2012-12-31": "7.79000", "2011-12-31": "9.39600", "2010-12-31": "4.94640", "2009-12-31": "1.37970", "2008-12-31": "17.11950", "2007-12-31": "18.86370", "2006-12-31": "23.50080", "2005-12-31": "20.40940"}, "Operating Margin": {"2019-12-31": "8.41530", "2018-12-31": "13.26310", "2017-12-31": "9.29210", "2016-12-31": "8.81750", "2015-12-31": "2.49440", "2014-12-31": "6.17400", "2013-12-31": "4.87470", "2012-12-31": "5.29430", "2011-12-31": "7.13130", "2010-12-31": "2.85450", "2009-12-31": "-1.75940", "2008-12-31": "13.65740", "2007-12-31": "15.53010", "2006-12-31": "19.48440", "2005-12-31": "16.79190"}, "EBIT Margin": {"2019-12-31": "8.41530", "2018-12-31": "13.26310", "2017-12-31": "9.29210", "2016-12-31": "8.81750", "2015-12-31": "2.49440", "2014-12-31": "6.17400", "2013-12-31": "4.87470", "2012-12-31": "5.29430", "2011-12-31": "7.13130", "2010-12-31": "2.85450", "2009-12-31": "-1.75940", "2008-12-31": "13.65740", "2007-12-31": "15.53010", "2006-12-31": "19.48440", "2005-12-31": "16.79190"}, "EBITDA Margin": {"2019-12-31": "11.66760", "2018-12-31": "16.13390", "2017-12-31": "12.88210", "2016-12-31": "13.05640", "2015-12-31": "6.75260", "2014-12-31": "9.60650", "2013-12-31": "8.07750", "2012-12-31": "8.41850", "2011-12-31": "10.07990", "2010-12-31": "6.53150", "2009-12-31": "3.30230", "2008-12-31": "15.97700", "2007-12-31": "18.10680", "2006-12-31": "21.96060", "2005-12-31": "19.75330"}, "Pre-Tax Profit Margin": {"2019-12-31": "7.89240", "2018-12-31": "12.88290", "2017-12-31": "8.64070", "2016-12-31": "8.01240", "2015-12-31": "1.47130", "2014-12-31": "5.43610", "2013-12-31": "4.15240", "2012-12-31": "4.39000", "2011-12-31": "6.25170", "2010-12-31": "1.68580", "2009-12-31": "-3.69940", "2008-12-31": "13.11900", "2007-12-31": "15.34880", "2006-12-31": "18.25220", "2005-12-31": "15.96000"}, "Net Profit Margin": {"2019-12-31": "5.59620", "2018-12-31": "9.38040", "2017-12-31": "6.48880", "2016-12-31": "4.89660", "2015-12-31": "0.48180", "2014-12-31": "3.20780", "2013-12-31": "2.55150", "2012-12-31": "2.58840", "2011-12-31": "3.87310", "2010-12-31": "0.83480", "2009-12-31": "-2.64120", "2008-12-31": "7.70890", "2007-12-31": "8.84540", "2006-12-31": "11.90940", "2005-12-31": "10.37120"}, "Asset Turnover": {"2019-12-31": "1.23140", "2018-12-31": "1.39880", "2017-12-31": "1.27850", "2016-12-31": "1.06470", "2015-12-31": "1.14740", "2014-12-31": "1.35150", "2013-12-31": "1.25320", "2012-12-31": "1.37290", "2011-12-31": "1.37430", "2010-12-31": "1.13810", "2009-12-31": "0.89010", "2008-12-31": "1.70550", "2007-12-31": "1.68870", "2006-12-31": "1.86890", "2005-12-31": "1.77920"}, "Inventory Turnover Ratio": {"2019-12-31": "5.18200", "2018-12-31": "4.56170", "2017-12-31": "5.10820", "2016-12-31": "5.71870", "2015-12-31": "6.82500", "2014-12-31": "7.01480", "2013-12-31": "6.77060", "2012-12-31": "7.71020", "2011-12-31": "9.12920", "2010-12-31": "9.66940", "2009-12-31": "8.40570", "2008-12-31": "8.14410", "2007-12-31": "8.40590", "2006-12-31": "9.88840", "2005-12-31": "10.69650"}, "Receiveable Turnover": {"2019-12-31": "10.45730", "2018-12-31": "10.00460", "2017-12-31": "9.98370", "2016-12-31": "9.93340", "2015-12-31": "11.87960", "2014-12-31": "10.20410", "2013-12-31": "10.52030", "2012-12-31": "11.38000", "2011-12-31": "11.70440", "2010-12-31": "11.00450", "2009-12-31": "10.02680", "2008-12-31": "19.25720", "2007-12-31": "10.29440", "2006-12-31": "13.82080", "2005-12-31": "12.69300"}, "Days Sales In Receivables": {"2019-12-31": "34.90380", "2018-12-31": "36.48310", "2017-12-31": "36.55960", "2016-12-31": "36.74470", "2015-12-31": "30.72490", "2014-12-31": "35.76990", "2013-12-31": "34.69500", "2012-12-31": "32.07380", "2011-12-31": "31.18490", "2010-12-31": "33.16820", "2009-12-31": "36.40230", "2008-12-31": "18.95400", "2007-12-31": "35.45620", "2006-12-31": "26.40940", "2005-12-31": "28.75600"}, "ROE - Return On Equity": {"2019-12-31": "12.70400", "2018-12-31": "24.31970", "2017-12-31": "15.19650", "2016-12-31": "10.90790", "2015-12-31": "2.45900", "2014-12-31": "9.64150", "2013-12-31": "7.40210", "2012-12-31": "7.52180", "2011-12-31": "11.17210", "2010-12-31": "2.81450", "2009-12-31": "-3.12720", "2008-12-31": "25.97790", "2007-12-31": "34.52920", "2006-12-31": "36.16750", "2005-12-31": "30.77840"}, "Return On Tangible Equity": {"2019-12-31": "17.46840", "2018-12-31": "34.51160", "2017-12-31": "23.10930", "2016-12-31": "16.87710", "2015-12-31": "3.80890", "2014-12-31": "15.13430", "2013-12-31": "11.56600", "2012-12-31": "12.05150", "2011-12-31": "16.91100", "2010-12-31": "4.44830", "2009-12-31": "-4.86190", "2008-12-31": "38.45240", "2007-12-31": "46.51920", "2006-12-31": "37.30630", "2005-12-31": "30.77840"}, "ROA - Return On Assets": {"2019-12-31": "7.47310", "2018-12-31": "13.84490", "2017-12-31": "8.71500", "2016-12-31": "5.91460", "2015-12-31": "1.34730", "2014-12-31": "4.98570", "2013-12-31": "3.85130", "2012-12-31": "4.19110", "2011-12-31": "5.90920", "2010-12-31": "1.48200", "2009-12-31": "-1.88660", "2008-12-31": "15.45940", "2007-12-31": "17.96690", "2006-12-31": "22.25740", "2005-12-31": "18.45200"}, "ROI - Return On Investment": {"2019-12-31": "9.08940", "2018-12-31": "17.18770", "2017-12-31": "11.19950", "2016-12-31": "7.50730", "2015-12-31": "1.58390", "2014-12-31": "6.26070", "2013-12-31": "4.76540", "2012-12-31": "5.26490", "2011-12-31": "7.59460", "2010-12-31": "1.77700", "2009-12-31": "-2.22400", "2008-12-31": "18.90980", "2007-12-31": "23.97660", "2006-12-31": "30.39600", "2005-12-31": "25.32160"}, "Book Value Per Share": {"2019-12-31": "35.75460", "2018-12-31": "33.38430", "2017-12-31": "28.57130", "2016-12-31": "25.89820", "2015-12-31": "24.68810", "2014-12-31": "25.31120", "2013-12-31": "24.84950", "2012-12-31": "24.82310", "2011-12-31": "24.33020", "2010-12-31": "23.21380", "2009-12-31": "24.08810", "2008-12-31": "26.29710", "2007-12-31": "17.75360", "2006-12-31": "16.14010", "2005-12-31": "13.79600"}, "Operating Cash Flow Per Share": {"2019-12-31": 1.6377, "2018-12-31": 4.2683, "2017-12-31": -2.1818, "2016-12-31": -1.2912, "2015-12-31": 2.5681, "2014-12-31": 0.8186, "2013-12-31": -0.3956, "2012-12-31": 0.521, "2011-12-31": 0.5123, "2010-12-31": -0.9873, "2009-12-31": -4.4774, "2008-12-31": 1.6874, "2007-12-31": -0.7607, "2006-12-31": 0.5393, "2005-12-31": 6.7373}, "Free Cash Flow Per Share": {"2019-12-31": -0.0593, "2018-12-31": 2.5854, "2017-12-31": -1.6682, "2016-12-31": -2.0493, "2015-12-31": 3.4655, "2014-12-31": 2.4884, "2013-12-31": -1.2207, "2012-12-31": -0.992, "2011-12-31": 0.1994, "2010-12-31": -0.7745, "2009-12-31": -2.3969, "2008-12-31": 0.1455, "2007-12-31": -1.4165, "2006-12-31": 0.4953, "2005-12-31": 5.6945}}, "financial ratios, quarterly": {"Current Ratio": {"2020-09-30": "3.77780", "2020-06-30": "4.39430", "2020-03-31": "3.53710", "2019-12-31": "3.33890", "2019-09-30": "3.35820", "2019-06-30": "3.55700", "2019-03-31": "3.36850", "2018-12-31": "3.07750", "2018-09-30": "3.15000", "2018-06-30": "3.05460", "2018-03-31": "2.48870", "2017-12-31": "2.41590", "2017-09-30": "2.10960", "2017-06-30": "2.16000", "2017-03-31": "2.42380", "2016-12-31": "2.72240", "2016-09-30": "3.52930", "2016-06-30": "3.37710", "2016-03-31": "3.87460", "2015-12-31": "4.22650", "2015-09-30": "3.49990", "2015-06-30": "3.64170", "2015-03-31": "3.84510", "2014-12-31": "3.07080", "2014-09-30": "3.15150", "2014-06-30": "3.21970", "2014-03-31": "3.32800", "2013-12-31": "3.27010", "2013-09-30": "3.24500", "2013-06-30": "2.97780", "2013-03-31": "2.79150", "2012-12-31": "2.78940", "2012-09-30": "2.29370", "2012-06-30": "2.35240", "2012-03-31": "2.69100", "2011-12-31": "2.79960", "2011-09-30": "2.92350", "2011-06-30": "3.35370", "2011-03-31": "3.52180", "2010-12-31": "3.89590", "2010-09-30": "3.89720", "2010-06-30": "3.43060", "2010-03-31": "3.54400", "2009-12-31": "4.22330", "2009-09-30": "3.96370", "2009-06-30": "5.19160", "2009-03-31": "5.52010", "2008-12-31": "3.45030", "2008-09-30": "2.44490", "2008-06-30": "2.75670", "2008-03-31": "2.05710", "2007-12-31": "3.20680", "2007-09-30": "2.25640", "2007-06-30": "2.79480", "2007-03-31": "2.63690", "2006-12-31": "3.29350", "2006-09-30": "2.91320", "2006-06-30": "3.10120", "2006-03-31": "3.25150", "2005-12-31": "3.24250", "2005-09-30": "3.02080", "2005-06-30": "3.32400", "2005-03-31": "3.00040"}, "Long-term Debt / Capital": {"2020-09-30": "0.33720", "2020-06-30": "0.33200", "2020-03-31": "0.28590", "2019-12-31": "0.28450", "2019-09-30": "0.28300", "2019-06-30": "0.28360", "2019-03-31": "0.28730", "2018-12-31": "0.29330", "2018-09-30": "0.29380", "2018-06-30": "0.30300", "2018-03-31": "0.25810", "2017-12-31": "0.26300", "2017-09-30": "0.26820", "2017-06-30": "0.27110", "2017-03-31": "0.30630", "2016-12-31": "0.31180", "2016-09-30": "0.34910", "2016-06-30": "0.35380", "2016-03-31": "0.35800", "2015-12-31": "0.35590", "2015-09-30": "0.35140", "2015-06-30": "0.35350", "2015-03-31": "0.35550", "2014-12-31": "0.35070", "2014-09-30": "0.35230", "2014-06-30": "0.35480", "2014-03-31": "0.35770", "2013-12-31": "0.35620", "2013-09-30": "0.35780", "2013-06-30": "0.30310", "2013-03-31": "0.30230", "2012-12-31": "0.30000", "2012-09-30": "0.30060", "2012-06-30": "0.30280", "2012-03-31": "0.31770", "2011-12-31": "0.32020", "2011-09-30": "0.33850", "2011-06-30": "0.35800", "2011-03-31": "0.36480", "2010-12-31": "0.36860", "2010-09-30": "0.33120", "2010-06-30": "0.29240", "2010-03-31": "0.29090", "2009-12-31": "0.28880", "2009-09-30": "0.28920", "2009-06-30": "0.28600", "2009-03-31": "0.28180", "2008-12-31": "0.27210", "2008-09-30": "0.27400", "2008-06-30": "0.28090", "2008-03-31": "0.31470", "2007-12-31": "0.30560", "2007-09-30": "0.15870", "2007-06-30": "0.15110", "2007-03-31": "0.15220", "2006-12-31": "0.15960", "2006-09-30": "0.16510", "2006-06-30": "0.16550", "2006-03-31": "0.16810", "2005-12-31": "0.17730", "2005-09-30": "0.18400", "2005-06-30": "0.19350", "2005-03-31": "0.19610"}, "Debt/Equity Ratio": {"2020-09-30": "0.51570", "2020-06-30": "0.50580", "2020-03-31": "0.40820", "2019-12-31": "0.40620", "2019-09-30": "0.40180", "2019-06-30": "0.40140", "2019-03-31": "0.40990", "2018-12-31": "0.42060", "2018-09-30": "0.42120", "2018-06-30": "0.44080", "2018-03-31": "0.40940", "2017-12-31": "0.41770", "2017-09-30": "0.49650", "2017-06-30": "0.50270", "2017-03-31": "0.51820", "2016-12-31": "0.52780", "2016-09-30": "0.53990", "2016-06-30": "0.55010", "2016-03-31": "0.56240", "2015-12-31": "0.55900", "2015-09-30": "0.54870", "2015-06-30": "0.55320", "2015-03-31": "0.55700", "2014-12-31": "0.56770", "2014-09-30": "0.55120", "2014-06-30": "0.55660", "2014-03-31": "0.56070", "2013-12-31": "0.55740", "2013-09-30": "0.56190", "2013-06-30": "0.43900", "2013-03-31": "0.47070", "2012-12-31": "0.46420", "2012-09-30": "0.54820", "2012-06-30": "0.55090", "2012-03-31": "0.55010", "2011-12-31": "0.55560", "2011-09-30": "0.55840", "2011-06-30": "0.55960", "2011-03-31": "0.57650", "2010-12-31": "0.58570", "2010-09-30": "0.49570", "2010-06-30": "0.41350", "2010-03-31": "0.41220", "2009-12-31": "0.40720", "2009-09-30": "0.40740", "2009-06-30": "0.40210", "2009-03-31": "0.39390", "2008-12-31": "0.39670", "2008-09-30": "0.40130", "2008-06-30": "0.41290", "2008-03-31": "0.49380", "2007-12-31": "0.44460", "2007-09-30": "0.19320", "2007-06-30": "0.18250", "2007-03-31": "0.19760", "2006-12-31": "0.18990", "2006-09-30": "0.19770", "2006-06-30": "0.19860", "2006-03-31": "0.20230", "2005-12-31": "0.21580", "2005-09-30": "0.22580", "2005-06-30": "0.24020", "2005-03-31": "0.24400"}, "Gross Margin": {"2020-09-30": "10.19070", "2020-06-30": "8.73430", "2020-03-31": "11.18830", "2019-12-31": "8.48030", "2019-09-30": "10.47690", "2019-06-30": "13.15290", "2019-03-31": "14.69490", "2018-12-31": "17.66650", "2018-09-30": "19.13540", "2018-06-30": "18.05650", "2018-03-31": "13.04510", "2017-12-31": "10.22260", "2017-09-30": "11.19830", "2017-06-30": "13.71320", "2017-03-31": "15.78860", "2016-12-31": "11.20740", "2016-09-30": "15.90210", "2016-06-30": "13.78450", "2016-03-31": "8.47740", "2015-12-31": "-2.44550", "2015-09-30": "12.39700", "2015-06-30": "8.86510", "2015-03-31": "6.55270", "2014-12-31": "9.12480", "2014-09-30": "10.51560", "2014-06-30": "7.85980", "2014-03-31": "7.38390", "2013-12-31": "7.88070", "2013-09-30": "8.26850", "2013-06-30": "6.71140", "2013-03-31": "6.66300", "2012-12-31": "8.63460", "2012-09-30": "7.26340", "2012-06-30": "7.83530", "2012-03-31": "7.50160", "2011-12-31": "7.24900", "2011-09-30": "8.72270", "2011-06-30": "12.71490", "2011-03-31": "8.76580", "2010-12-31": "1.88450", "2010-09-30": "4.59630", "2010-06-30": "7.34130", "2010-03-31": "5.82230", "2009-12-31": "7.52630", "2009-09-30": "3.81900", "2009-06-30": "-2.49700", "2009-03-31": "-4.67180", "2008-12-31": "11.57110", "2008-09-30": "19.56510", "2008-06-30": "17.07820", "2008-03-31": "18.14690", "2007-12-31": "17.70840", "2007-09-30": "19.01670", "2007-06-30": "18.33460", "2007-03-31": "20.62380", "2006-12-31": "23.43120", "2006-09-30": "25.70320", "2006-06-30": "23.02880", "2006-03-31": "21.63340", "2005-12-31": "21.50780", "2005-09-30": "19.17550", "2005-06-30": "19.71730", "2005-03-31": "21.12770"}, "Operating Margin": {"2020-09-30": "6.69810", "2020-06-30": "5.33690", "2020-03-31": "3.34310", "2019-12-31": "4.01500", "2019-09-30": "7.56170", "2019-06-30": "9.60850", "2019-03-31": "11.73030", "2018-12-31": "14.34210", "2018-09-30": "14.03210", "2018-06-30": "14.42880", "2018-03-31": "9.75940", "2017-12-31": "6.92150", "2017-09-30": "7.85620", "2017-06-30": "10.42390", "2017-03-31": "12.12470", "2016-12-31": "7.26250", "2016-09-30": "11.95770", "2016-06-30": "9.97580", "2016-03-31": "5.52380", "2015-12-31": "-11.88600", "2015-09-30": "9.45440", "2015-06-30": "5.91410", "2015-03-31": "3.72140", "2014-12-31": "6.57980", "2014-09-30": "7.83920", "2014-06-30": "5.34970", "2014-03-31": "4.77190", "2013-12-31": "5.48220", "2013-09-30": "5.73610", "2013-06-30": "4.07180", "2013-03-31": "4.10900", "2012-12-31": "5.91940", "2012-09-30": "4.88090", "2012-06-30": "5.04300", "2012-03-31": "5.38990", "2011-12-31": "5.38460", "2011-09-30": "6.39080", "2011-06-30": "10.16490", "2011-03-31": "6.47570", "2010-12-31": "0.78880", "2010-09-30": "2.44980", "2010-06-30": "4.77280", "2010-03-31": "3.28880", "2009-12-31": "4.71840", "2009-09-30": "0.73310", "2009-06-30": "-5.93210", "2009-03-31": "-7.96380", "2008-12-31": "6.42510", "2008-09-30": "16.66810", "2008-06-30": "13.97300", "2008-03-31": "14.73510", "2007-12-31": "14.92140", "2007-09-30": "15.60120", "2007-06-30": "14.76160", "2007-03-31": "17.00970", "2006-12-31": "19.33130", "2006-09-30": "21.62140", "2006-06-30": "19.17730", "2006-03-31": "17.59410", "2005-12-31": "17.50210", "2005-09-30": "15.61530", "2005-06-30": "16.60700", "2005-03-31": "17.35270"}, "EBIT Margin": {"2020-09-30": "6.69810", "2020-06-30": "5.33690", "2020-03-31": "3.34310", "2019-12-31": "4.01510", "2019-09-30": "7.56170", "2019-06-30": "9.60850", "2019-03-31": "11.73030", "2018-12-31": "14.34210", "2018-09-30": "14.03210", "2018-06-30": "14.42880", "2018-03-31": "9.75940", "2017-12-31": "6.92150", "2017-09-30": "7.85620", "2017-06-30": "10.42390", "2017-03-31": "12.12470", "2016-12-31": "7.26250", "2016-09-30": "11.95770", "2016-06-30": "9.97580", "2016-03-31": "5.52380", "2015-12-31": "-11.88600", "2015-09-30": "9.45440", "2015-06-30": "5.91410", "2015-03-31": "3.72140", "2014-12-31": "6.57980", "2014-09-30": "7.83920", "2014-06-30": "5.34970", "2014-03-31": "4.77190", "2013-12-31": "5.48220", "2013-09-30": "5.73610", "2013-06-30": "4.07180", "2013-03-31": "4.10900", "2012-12-31": "5.91940", "2012-09-30": "4.88090", "2012-06-30": "5.04300", "2012-03-31": "5.38990", "2011-12-31": "5.38460", "2011-09-30": "6.39080", "2011-06-30": "10.16490", "2011-03-31": "6.47570", "2010-12-31": "0.78880", "2010-09-30": "2.44980", "2010-06-30": "4.77280", "2010-03-31": "3.28880", "2009-12-31": "4.71840", "2009-09-30": "0.73310", "2009-06-30": "-5.93210", "2009-03-31": "-7.96380", "2008-12-31": "6.42510", "2008-09-30": "16.66810", "2008-06-30": "13.97300", "2008-03-31": "14.73510", "2007-12-31": "14.92140", "2007-09-30": "15.60120", "2007-06-30": "14.76160", "2007-03-31": "17.00970", "2006-12-31": "19.33130", "2006-09-30": "21.62140", "2006-06-30": "19.17730", "2006-03-31": "17.59410", "2005-12-31": "17.50210", "2005-09-30": "15.61530", "2005-06-30": "16.60700", "2005-03-31": "17.35270"}, "EBITDA Margin": {"2020-09-30": "", "2020-06-30": "", "2020-03-31": "", "2019-12-31": "", "2019-09-30": "", "2019-06-30": "", "2019-03-31": "", "2018-12-31": "", "2018-09-30": "", "2018-06-30": "", "2018-03-31": "", "2017-12-31": "", "2017-09-30": "", "2017-06-30": "", "2017-03-31": "", "2016-12-31": "", "2016-09-30": "", "2016-06-30": "", "2016-03-31": "", "2015-12-31": "", "2015-09-30": "", "2015-06-30": "", "2015-03-31": "", "2014-12-31": "", "2014-09-30": "", "2014-06-30": "", "2014-03-31": "", "2013-12-31": "", "2013-09-30": "", "2013-06-30": "", "2013-03-31": "", "2012-12-31": "", "2012-09-30": "", "2012-06-30": "", "2012-03-31": "", "2011-12-31": "", "2011-09-30": "", "2011-06-30": "", "2011-03-31": "", "2010-12-31": "", "2010-09-30": "", "2010-06-30": "", "2010-03-31": "", "2009-12-31": "", "2009-09-30": "", "2009-06-30": "", "2009-03-31": "", "2008-12-31": "", "2008-09-30": "", "2008-06-30": "", "2008-03-31": "", "2007-12-31": "", "2007-09-30": "", "2007-06-30": "", "2007-03-31": "", "2006-12-31": "", "2006-09-30": "", "2006-06-30": "", "2006-03-31": "", "2005-12-31": "", "2005-09-30": "", "2005-06-30": "", "2005-03-31": ""}, "Pre-Tax Profit Margin": {"2020-09-30": "5.89330", "2020-06-30": "4.18410", "2020-03-31": "2.60110", "2019-12-31": "3.47310", "2019-09-30": "6.96020", "2019-06-30": "9.06760", "2019-03-31": "11.31140", "2018-12-31": "13.93410", "2018-09-30": "13.68250", "2018-06-30": "14.14230", "2018-03-31": "9.26500", "2017-12-31": "6.32800", "2017-09-30": "7.16820", "2017-06-30": "9.81950", "2017-03-31": "11.40090", "2016-12-31": "6.44600", "2016-09-30": "11.28540", "2016-06-30": "9.18290", "2016-03-31": "4.56360", "2015-12-31": "-12.95080", "2015-09-30": "8.38410", "2015-06-30": "4.96190", "2015-03-31": "2.70590", "2014-12-31": "5.87430", "2014-09-30": "7.08510", "2014-06-30": "4.57120", "2014-03-31": "4.06190", "2013-12-31": "4.84730", "2013-09-30": "5.02340", "2013-06-30": "3.26500", "2013-03-31": "3.36930", "2012-12-31": "4.94040", "2012-09-30": "3.99430", "2012-06-30": "4.23560", "2012-03-31": "4.43680", "2011-12-31": "4.63910", "2011-09-30": "5.41140", "2011-06-30": "9.34430", "2011-03-31": "5.50800", "2010-12-31": "-0.27250", "2010-09-30": "1.40110", "2010-06-30": "3.70770", "2010-03-31": "1.75210", "2009-12-31": "3.06370", "2009-09-30": "-0.68860", "2009-06-30": "-8.10150", "2009-03-31": "-10.61460", "2008-12-31": "4.99660", "2008-09-30": "16.35880", "2008-06-30": "13.59600", "2008-03-31": "14.36630", "2007-12-31": "19.10530", "2007-09-30": "13.72130", "2007-06-30": "12.78070", "2007-03-31": "15.64570", "2006-12-31": "17.60320", "2006-09-30": "20.39460", "2006-06-30": "18.14050", "2006-03-31": "16.63140", "2005-12-31": "16.54000", "2005-09-30": "14.76140", "2005-06-30": "15.88030", "2005-03-31": "16.56720"}, "Net Profit Margin": {"2020-09-30": "3.90050", "2020-06-30": "2.49780", "2020-03-31": "0.35030", "2019-12-31": "2.08200", "2019-09-30": "5.00280", "2019-06-30": "6.51380", "2019-03-31": "8.19860", "2018-12-31": "10.23430", "2018-09-30": "9.99450", "2018-06-30": "10.52870", "2018-03-31": "6.33930", "2017-12-31": "7.51270", "2017-09-30": "4.91190", "2017-06-30": "6.22080", "2017-03-31": "7.38720", "2016-12-31": "4.00380", "2016-09-30": "7.09550", "2016-06-30": "5.73790", "2016-03-31": "2.34680", "2015-12-31": "-9.80620", "2015-09-30": "5.35770", "2015-06-30": "2.85350", "2015-03-31": "1.53320", "2014-12-31": "3.50050", "2014-09-30": "4.29100", "2014-06-30": "2.76980", "2014-03-31": "2.16580", "2013-12-31": "3.47100", "2013-09-30": "2.97670", "2013-06-30": "1.81600", "2013-03-31": "1.85470", "2012-12-31": "3.06510", "2012-09-30": "2.28890", "2012-06-30": "2.19190", "2012-03-31": "2.85250", "2011-12-31": "2.82920", "2011-09-30": "3.44480", "2011-06-30": "5.84840", "2011-03-31": "3.29430", "2010-12-31": "-0.30590", "2010-09-30": "0.55700", "2010-06-30": "2.15790", "2010-03-31": "0.83330", "2009-12-31": "1.98770", "2009-09-30": "-0.96350", "2009-06-30": "-5.40270", "2009-03-31": "-7.15870", "2008-12-31": "2.53680", "2008-09-30": "9.82780", "2008-06-30": "8.15820", "2008-03-31": "8.21210", "2007-12-31": "8.20160", "2007-09-30": "8.95050", "2007-06-30": "8.27350", "2007-03-31": "10.10990", "2006-12-31": "11.67920", "2006-09-30": "13.26900", "2006-06-30": "11.82260", "2006-03-31": "10.71990", "2005-12-31": "10.84970", "2005-09-30": "9.64590", "2005-06-30": "10.26090", "2005-03-31": "10.67430"}, "Asset Turnover": {"2020-09-30": "0.25250", "2020-06-30": "0.23060", "2020-03-31": "0.31480", "2019-12-31": "0.27970", "2019-09-30": "0.29530", "2019-06-30": "0.32530", "2019-03-31": "0.33710", "2018-12-31": "0.35130", "2018-09-30": "0.37530", "2018-06-30": "0.37020", "2018-03-31": "0.34540", "2017-12-31": "0.32150", "2017-09-30": "0.31330", "2017-06-30": "0.32120", "2017-03-31": "0.30330", "2016-12-31": "0.25990", "2016-09-30": "0.28390", "2016-06-30": "0.28450", "2016-03-31": "0.25810", "2015-12-31": "0.24130", "2015-09-30": "0.27670", "2015-06-30": "0.28920", "2015-03-31": "0.29620", "2014-12-31": "0.32040", "2014-09-30": "0.36800", "2014-06-30": "0.34560", "2014-03-31": "0.33790", "2013-12-31": "0.32200", "2013-09-30": "0.32740", "2013-06-30": "0.33890", "2013-03-31": "0.32420", "2012-12-31": "0.31450", "2012-09-30": "0.32010", "2012-06-30": "0.34570", "2012-03-31": "0.34240", "2011-12-31": "0.33150", "2011-09-30": "0.35470", "2011-06-30": "0.34670", "2011-03-31": "0.33700", "2010-12-31": "0.27680", "2010-09-30": "0.31220", "2010-06-30": "0.33070", "2010-03-31": "0.28550", "2009-12-31": "0.23370", "2009-09-30": "0.24630", "2009-06-30": "0.19970", "2009-03-31": "0.21090", "2008-12-31": "0.29920", "2008-09-30": "0.48560", "2008-06-30": "0.47290", "2008-03-31": "0.43860", "2007-12-31": "0.44750", "2007-09-30": "0.51310", "2007-06-30": "0.49220", "2007-03-31": "0.44410", "2006-12-31": "0.43950", "2006-09-30": "0.49790", "2006-06-30": "0.49140", "2006-03-31": "0.47240", "2005-12-31": "0.44930", "2005-09-30": "0.43480", "2005-06-30": "0.48670", "2005-03-31": "0.50240"}, "Inventory Turnover Ratio": {"2020-09-30": "1.35730", "2020-06-30": "1.17080", "2020-03-31": "1.28890", "2019-12-31": "1.22240", "2019-09-30": "1.20120", "2019-06-30": "1.19950", "2019-03-31": "1.17000", "2018-12-31": "1.13840", "2018-09-30": "1.32790", "2018-06-30": "1.28080", "2018-03-31": "1.30570", "2017-12-31": "1.32070", "2017-09-30": "1.30350", "2017-06-30": "1.34230", "2017-03-31": "1.32330", "2016-12-31": "1.41660", "2016-09-30": "1.54290", "2016-06-30": "1.59980", "2016-03-31": "1.69360", "2015-12-31": "1.57710", "2015-09-30": "1.56780", "2015-06-30": "1.75150", "2015-03-31": "1.70880", "2014-12-31": "1.65650", "2014-09-30": "1.90150", "2014-06-30": "1.78010", "2014-03-31": "1.73670", "2013-12-31": "1.73050", "2013-09-30": "1.85770", "2013-06-30": "1.90920", "2013-03-31": "1.78350", "2012-12-31": "1.75020", "2012-09-30": "2.00800", "2012-06-30": "1.95510", "2012-03-31": "2.07740", "2011-12-31": "2.25410", "2011-09-30": "2.19020", "2011-06-30": "2.00630", "2011-03-31": "2.25110", "2010-12-31": "2.42760", "2010-09-30": "2.39440", "2010-06-30": "1.99200", "2010-03-31": "2.11820", "2009-12-31": "2.06930", "2009-09-30": "2.29050", "2009-06-30": "2.00280", "2009-03-31": "1.47470", "2008-12-31": "1.52420", "2008-09-30": "1.90430", "2008-06-30": "2.35370", "2008-03-31": "2.16880", "2007-12-31": "2.25910", "2007-09-30": "2.14960", "2007-06-30": "2.17480", "2007-03-31": "2.12430", "2006-12-31": "2.32730", "2006-09-30": "2.53050", "2006-06-30": "2.78900", "2006-03-31": "2.95170", "2005-12-31": "2.66400", "2005-09-30": "2.57130", "2005-06-30": "2.19660", "2005-03-31": "2.19720"}, "Receiveable Turnover": {"2020-09-30": "2.32510", "2020-06-30": "2.29090", "2020-03-31": "2.47420", "2019-12-31": "2.37570", "2019-09-30": "2.36320", "2019-06-30": "2.45740", "2019-03-31": "2.45520", "2018-12-31": "2.51280", "2018-09-30": "2.55770", "2018-06-30": "2.44940", "2018-03-31": "2.34780", "2017-12-31": "2.51030", "2017-09-30": "2.44580", "2017-06-30": "2.48650", "2017-03-31": "2.43120", "2016-12-31": "2.42480", "2016-09-30": "2.31850", "2016-06-30": "2.37200", "2016-03-31": "2.48720", "2015-12-31": "2.49790", "2015-09-30": "2.46190", "2015-06-30": "2.43230", "2015-03-31": "2.57110", "2014-12-31": "2.41930", "2014-09-30": "2.54100", "2014-06-30": "2.55430", "2014-03-31": "2.68820", "2013-12-31": "2.70280", "2013-09-30": "2.57590", "2013-06-30": "2.64010", "2013-03-31": "2.54050", "2012-12-31": "2.60720", "2012-09-30": "2.66840", "2012-06-30": "2.65920", "2012-03-31": "2.83120", "2011-12-31": "2.82310", "2011-09-30": "2.85730", "2011-06-30": "2.78030", "2011-03-31": "2.83550", "2010-12-31": "2.67650", "2010-09-30": "2.81890", "2010-06-30": "2.95340", "2010-03-31": "2.80640", "2009-12-31": "2.63250", "2009-09-30": "2.69780", "2009-06-30": "2.58070", "2009-03-31": "2.84260", "2008-12-31": "3.37800", "2008-09-30": "2.91700", "2008-06-30": "2.71510", "2008-03-31": "2.53140", "2007-12-31": "2.72780", "2007-09-30": "2.61350", "2007-06-30": "2.72680", "2007-03-31": "2.63170", "2006-12-31": "3.24980", "2006-09-30": "3.19380", "2006-06-30": "3.10880", "2006-03-31": "3.31700", "2005-12-31": "3.20540", "2005-09-30": "2.97270", "2005-06-30": "3.36840", "2005-03-31": "3.25290"}, "Days Sales In Receivables": {"2020-09-30": "38.70730", "2020-06-30": "39.28620", "2020-03-31": "36.37480", "2019-12-31": "37.88360", "2019-09-30": "38.08450", "2019-06-30": "36.62350", "2019-03-31": "36.65680", "2018-12-31": "35.81720", "2018-09-30": "35.18780", "2018-06-30": "36.74440", "2018-03-31": "38.33370", "2017-12-31": "35.85180", "2017-09-30": "36.79800", "2017-06-30": "36.19550", "2017-03-31": "37.01840", "2016-12-31": "37.11600", "2016-09-30": "38.81860", "2016-06-30": "37.94240", "2016-03-31": "36.18560", "2015-12-31": "36.02960", "2015-09-30": "36.55700", "2015-06-30": "37.00130", "2015-03-31": "35.00430", "2014-12-31": "37.20150", "2014-09-30": "35.41850", "2014-06-30": "35.23470", "2014-03-31": "33.47920", "2013-12-31": "33.29870", "2013-09-30": "34.93970", "2013-06-30": "34.08920", "2013-03-31": "35.42670", "2012-12-31": "34.52010", "2012-09-30": "33.72850", "2012-06-30": "33.84510", "2012-03-31": "31.78900", "2011-12-31": "31.87990", "2011-09-30": "31.49790", "2011-06-30": "32.37120", "2011-03-31": "31.74040", "2010-12-31": "33.62560", "2010-09-30": "31.92720", "2010-06-30": "30.47350", "2010-03-31": "32.06940", "2009-12-31": "34.18830", "2009-09-30": "33.36080", "2009-06-30": "34.87460", "2009-03-31": "31.66110", "2008-12-31": "26.64280", "2008-09-30": "30.85340", "2008-06-30": "33.14860", "2008-03-31": "35.55300", "2007-12-31": "32.99380", "2007-09-30": "34.43620", "2007-06-30": "33.00630", "2007-03-31": "34.19870", "2006-12-31": "27.69400", "2006-09-30": "28.17970", "2006-06-30": "28.95030", "2006-03-31": "27.13260", "2005-12-31": "28.07720", "2005-09-30": "30.27550", "2005-06-30": "26.71860", "2005-03-31": "27.66750"}, "ROE - Return On Equity": {"2020-09-30": "2.07730", "2020-06-30": "1.25340", "2020-03-31": "0.51320", "2019-12-31": "1.24410", "2019-09-30": "2.70310", "2019-06-30": "3.85380", "2019-03-31": "5.05390", "2018-12-31": "6.67590", "2018-09-30": "6.94180", "2018-06-30": "7.33010", "2018-03-31": "4.07720", "2017-12-31": "4.34900", "2017-09-30": "3.00830", "2017-06-30": "3.92250", "2017-03-31": "4.45970", "2016-12-31": "2.12220", "2016-09-30": "4.09570", "2016-06-30": "3.42610", "2016-03-31": "1.57490", "2015-12-31": "-4.05540", "2015-09-30": "3.32700", "2015-06-30": "1.99800", "2015-03-31": "1.06620", "2014-12-31": "2.57250", "2014-09-30": "3.42080", "2014-06-30": "2.10090", "2014-03-31": "1.65000", "2013-12-31": "2.40720", "2013-09-30": "2.26520", "2013-06-30": "1.36750", "2013-03-31": "1.41920", "2012-12-31": "2.03230", "2012-09-30": "1.65180", "2012-06-30": "1.79330", "2012-03-31": "2.09620", "2011-12-31": "2.05240", "2011-09-30": "2.60590", "2011-06-30": "4.18970", "2011-03-31": "2.43000", "2010-12-31": "0.12120", "2010-09-30": "0.67320", "2010-06-30": "1.42480", "2010-03-31": "0.54860", "2009-12-31": "1.13960", "2009-09-30": "-0.07000", "2009-06-30": "-1.65840", "2009-03-31": "-2.42260", "2008-12-31": "1.98500", "2008-09-30": "9.91630", "2008-06-30": "8.44940", "2008-03-31": "9.24350", "2007-12-31": "12.87620", "2007-09-30": "7.79820", "2007-06-30": "6.65400", "2007-03-31": "7.41780", "2006-12-31": "8.34000", "2006-09-30": "11.18090", "2006-06-30": "9.67590", "2006-03-31": "8.32510", "2005-12-31": "8.13120", "2005-09-30": "7.13680", "2005-06-30": "8.39250", "2005-03-31": "9.36880"}, "Return On Tangible Equity": {"2020-09-30": "2.83870", "2020-06-30": "1.72150", "2020-03-31": "0.70670", "2019-12-31": "1.71070", "2019-09-30": "3.71150", "2019-06-30": "5.33780", "2019-03-31": "7.06580", "2018-12-31": "9.47360", "2018-09-30": "9.90220", "2018-06-30": "10.68010", "2018-03-31": "6.09620", "2017-12-31": "6.61350", "2017-09-30": "4.67080", "2017-06-30": "6.11830", "2017-03-31": "7.09690", "2016-12-31": "3.28360", "2016-09-30": "6.24500", "2016-06-30": "5.26990", "2016-03-31": "2.45190", "2015-12-31": "-6.28150", "2015-09-30": "5.11870", "2015-06-30": "3.11830", "2015-03-31": "1.67660", "2014-12-31": "4.03810", "2014-09-30": "5.25910", "2014-06-30": "3.25280", "2014-03-31": "2.56800", "2013-12-31": "3.76130", "2013-09-30": "3.57430", "2013-06-30": "2.17970", "2013-03-31": "2.27040", "2012-12-31": "3.25620", "2012-09-30": "2.66460", "2012-06-30": "2.90560", "2012-03-31": "3.17450", "2011-12-31": "3.10670", "2011-09-30": "3.96510", "2011-06-30": "6.42810", "2011-03-31": "3.80460", "2010-12-31": "0.19160", "2010-09-30": "1.05800", "2010-06-30": "2.24050", "2010-03-31": "0.86310", "2009-12-31": "1.77160", "2009-09-30": "-0.10900", "2009-06-30": "-2.55250", "2009-03-31": "-3.65690", "2008-12-31": "2.93820", "2008-09-30": "15.04600", "2008-06-30": "12.76370", "2008-03-31": "17.70350", "2007-12-31": "17.34730", "2007-09-30": "10.57650", "2007-06-30": "8.10590", "2007-03-31": "9.06480", "2006-12-31": "8.60260", "2006-09-30": "11.18090", "2006-06-30": "9.67590", "2006-03-31": "8.32510", "2005-12-31": "8.13120", "2005-09-30": "7.13680", "2005-06-30": "8.39250", "2005-03-31": "9.36880"}, "ROA - Return On Assets": {"2020-09-30": "1.14060", "2020-06-30": "0.70950", "2020-03-31": "0.30440", "2019-12-31": "0.73180", "2019-09-30": "1.58640", "2019-06-30": "2.27440", "2019-03-31": "2.93470", "2018-12-31": "3.80050", "2018-09-30": "3.93190", "2018-06-30": "4.08910", "2018-03-31": "2.35780", "2017-12-31": "2.49410", "2017-09-30": "1.61240", "2017-06-30": "2.12080", "2017-03-31": "2.37880", "2016-12-31": "1.15080", "2016-09-30": "2.19250", "2016-06-30": "1.81830", "2016-03-31": "0.85100", "2015-12-31": "-2.22200", "2015-09-30": "1.75340", "2015-06-30": "1.05750", "2015-03-31": "0.56740", "2014-12-31": "1.33030", "2014-09-30": "1.76980", "2014-06-30": "1.09030", "2014-03-31": "0.85790", "2013-12-31": "1.25250", "2013-09-30": "1.18020", "2013-06-30": "0.77190", "2013-03-31": "0.78870", "2012-12-31": "1.13240", "2012-09-30": "0.86610", "2012-06-30": "0.94520", "2012-03-31": "1.10310", "2011-12-31": "1.08560", "2011-09-30": "1.35140", "2011-06-30": "2.18260", "2011-03-31": "1.26270", "2010-12-31": "0.06380", "2010-09-30": "0.37720", "2010-06-30": "0.83710", "2010-03-31": "0.32180", "2009-12-31": "0.68750", "2009-09-30": "-0.04190", "2009-06-30": "-1.02950", "2009-03-31": "-1.51370", "2008-12-31": "1.18130", "2008-09-30": "5.28670", "2008-06-30": "4.46020", "2008-03-31": "4.42240", "2007-12-31": "6.70000", "2007-09-30": "4.59290", "2007-06-30": "4.07220", "2007-03-31": "4.49020", "2006-12-31": "5.13240", "2006-09-30": "6.60660", "2006-06-30": "5.80980", "2006-03-31": "5.06430", "2005-12-31": "4.87480", "2005-09-30": "4.19430", "2005-06-30": "4.99350", "2005-03-31": "5.36310"}, "ROI - Return On Investment": {"2020-09-30": "1.37690", "2020-06-30": "0.83730", "2020-03-31": "0.36650", "2019-12-31": "0.89010", "2019-09-30": "1.93800", "2019-06-30": "2.76100", "2019-03-31": "3.60190", "2018-12-31": "4.71810", "2018-09-30": "4.90230", "2018-06-30": "5.10900", "2018-03-31": "3.02500", "2017-12-31": "3.20510", "2017-09-30": "2.20150", "2017-06-30": "2.85900", "2017-03-31": "3.09350", "2016-12-31": "1.46060", "2016-09-30": "2.66610", "2016-06-30": "2.21380", "2016-03-31": "1.01100", "2015-12-31": "-2.61210", "2015-09-30": "2.15780", "2015-06-30": "1.29170", "2015-03-31": "0.68720", "2014-12-31": "1.67040", "2014-09-30": "2.21550", "2014-06-30": "1.35560", "2014-03-31": "1.05980", "2013-12-31": "1.54970", "2013-09-30": "1.45480", "2013-06-30": "0.95300", "2013-03-31": "0.99020", "2012-12-31": "1.42250", "2012-09-30": "1.15520", "2012-06-30": "1.25030", "2012-03-31": "1.43020", "2011-12-31": "1.39520", "2011-09-30": "1.72370", "2011-06-30": "2.68980", "2011-03-31": "1.54360", "2010-12-31": "0.07650", "2010-09-30": "0.45020", "2010-06-30": "1.00820", "2010-03-31": "0.38900", "2009-12-31": "0.81040", "2009-09-30": "-0.04980", "2009-06-30": "-1.18410", "2009-03-31": "-1.73980", "2008-12-31": "1.44490", "2008-09-30": "7.19900", "2008-06-30": "6.07590", "2008-03-31": "6.33460", "2007-12-31": "8.94100", "2007-09-30": "6.56050", "2007-06-30": "5.64880", "2007-03-31": "6.28870", "2006-12-31": "7.00910", "2006-09-30": "9.33540", "2006-06-30": "8.07470", "2006-03-31": "6.92580", "2005-12-31": "6.68960", "2005-09-30": "5.82350", "2005-06-30": "6.76890", "2005-03-31": "7.53140"}, "Book Value Per Share": {"2020-09-30": "35.49530", "2020-06-30": "35.18930", "2020-03-31": "35.18710", "2019-12-31": "35.75460", "2019-09-30": "35.81960", "2019-06-30": "35.28870", "2019-03-31": "34.45920", "2018-12-31": "33.38430", "2018-09-30": "32.40950", "2018-06-30": "30.77490", "2018-03-31": "29.30840", "2017-12-31": "28.57130", "2017-09-30": "27.82430", "2017-06-30": "27.27370", "2017-03-31": "26.54140", "2016-12-31": "25.89820", "2016-09-30": "25.40310", "2016-06-30": "24.88000", "2016-03-31": "24.46480", "2015-12-31": "24.68810", "2015-09-30": "25.17820", "2015-06-30": "24.95330", "2015-03-31": "24.77220", "2014-12-31": "25.31120", "2014-09-30": "25.12770", "2014-06-30": "24.92140", "2014-03-31": "24.68260", "2013-12-31": "24.84950", "2013-09-30": "24.71090", "2013-06-30": "24.42350", "2013-03-31": "24.55210", "2012-12-31": "24.82310", "2012-09-30": "24.75640", "2012-06-30": "24.51520", "2012-03-31": "24.58810", "2011-12-31": "24.33020", "2011-09-30": "24.24720", "2011-06-30": "24.25060", "2011-03-31": "23.58270", "2010-12-31": "23.21380", "2010-09-30": "23.53400", "2010-06-30": "23.62490", "2010-03-31": "23.82970", "2009-12-31": "24.08810", "2009-09-30": "24.09020", "2009-06-30": "24.48330", "2009-03-31": "25.02570", "2008-12-31": "26.29710", "2008-09-30": "26.04390", "2008-06-30": "24.99880", "2008-03-31": "18.80270", "2007-12-31": "17.75360", "2007-09-30": "16.97860", "2007-06-30": "17.30490", "2007-03-31": "17.02550", "2006-12-31": "16.14010", "2006-09-30": "15.44250", "2006-06-30": "15.08450", "2006-03-31": "14.65000", "2005-12-31": "13.79600", "2005-09-30": "13.14030", "2005-06-30": "12.30580", "2005-03-31": "11.81560"}, "Operating Cash Flow Per Share": {"2020-09-30": 2.8123, "2020-06-30": 3.7921, "2020-03-31": "0.66420", "2019-12-31": 2.244, "2019-09-30": 3.0695, "2019-06-30": 1.7642, "2019-03-31": "2.11830", "2018-12-31": 1.5562, "2018-09-30": 3.2763, "2018-06-30": 2.3266, "2018-03-31": "0.39920", "2017-12-31": 0.9002, "2017-09-30": 1.2975, "2017-06-30": 0.3321, "2017-03-31": "0.76020", "2016-12-31": 1.7781, "2016-09-30": 0.9828, "2016-06-30": 0.9857, "2016-03-31": "1.72520", "2015-12-31": 1.2868, "2015-09-30": 1.751, "2015-06-30": 1.9663, "2015-03-31": "1.75890", "2014-12-31": 1.3056, "2014-09-30": 1.5038, "2014-06-30": 0.9189, "2014-03-31": "0.46660", "2013-12-31": 0.6108, "2013-09-30": 1.2453, "2013-06-30": 1.1162, "2013-03-31": "0.40400", "2012-12-31": 0.2409, "2012-09-30": 2.1271, "2012-06-30": 0.7688, "2012-03-31": "0.63510", "2011-12-31": 1.0967, "2011-09-30": 1.2309, "2011-06-30": 0.7734, "2011-03-31": "0.14990", "2010-12-31": 2.0559, "2010-09-30": 1.6109, "2010-06-30": -0.9186, "2010-03-31": "-0.00960", "2009-12-31": 0.7109, "2009-09-30": 1.004, "2009-06-30": 1.966, "2009-03-31": "0.04500", "2008-12-31": 4.0323, "2008-09-30": 1.3979, "2008-06-30": 0.4659, "2008-03-31": "2.30720", "2007-12-31": 1.802, "2007-09-30": 2.2823, "2007-06-30": 0.5682, "2007-03-31": "1.86340", "2006-12-31": 1.7802, "2006-09-30": 2.4911, "2006-06-30": 1.1969, "2006-03-31": "1.80840", "2005-12-31": 1.2445, "2005-09-30": 2.5132, "2005-06-30": 1.1565, "2005-03-31": "1.82310"}, "Free Cash Flow Per Share": {"2020-09-30": 1.4985, "2020-06-30": 2.6256, "2020-03-31": "-0.67700", "2019-12-31": 0.6652, "2019-09-30": 2.0131, "2019-06-30": 0.5981, "2019-03-31": "1.22020", "2018-12-31": 0.4376, "2018-09-30": 2.4702, "2018-06-30": 1.7677, "2018-03-31": "-0.11960", "2017-12-31": 0.4314, "2017-09-30": 0.997, "2017-06-30": 0.0486, "2017-03-31": "0.49350", "2016-12-31": 0.9216, "2016-09-30": 0.6811, "2016-06-30": 0.5469, "2016-03-31": "1.48910", "2015-12-31": 1.0161, "2015-09-30": 1.4372, "2015-06-30": 1.7096, "2015-03-31": "1.52510", "2014-12-31": 1.0142, "2014-09-30": 1.179, "2014-06-30": 0.3555, "2014-03-31": "-0.32620", "2013-12-31": -0.3443, "2013-09-30": 0.4739, "2013-06-30": 0.2281, "2013-03-31": "-0.62360", "2012-12-31": -0.7829, "2012-09-30": 1.4734, "2012-06-30": 0.1124, "2012-03-31": "0.15190", "2011-12-31": 0.7585, "2011-09-30": 0.8784, "2011-06-30": 0.4505, "2011-03-31": "-0.14060", "2010-12-31": 1.7572, "2010-09-30": 1.3851, "2010-06-30": -1.2235, "2010-03-31": "-0.17140", "2009-12-31": 0.4763, "2009-09-30": 0.7712, "2009-06-30": 1.6231, "2009-03-31": "-0.34870", "2008-12-31": 3.2634, "2008-09-30": 0.54, "2008-06-30": -0.4141, "2008-03-31": "1.52950", "2007-12-31": 1.1773, "2007-09-30": 1.817, "2007-06-30": 0.216, "2007-03-31": "1.56300", "2006-12-31": 1.4679, "2006-09-30": 2.1501, "2006-06-30": 0.9815, "2006-03-31": "1.59030", "2005-12-31": 0.9074, "2005-09-30": 2.2673, "2005-06-30": 0.9167, "2005-03-31": "1.60310"}}, "revenue": {"Nucor Annual Revenue (Millions of US $)": {"2020": "$20,140", "2019": "$22,589", "2018": "$25,067", "2017": "$20,252", "2016": "$16,208", "2015": "$16,439", "2014": "$21,105", "2013": "$19,052", "2012": "$19,429", "2011": "$20,024", "2010": "$15,845", "2009": "$11,190", "2008": "$23,663", "2007": "$16,593", "2006": "$14,751", "2005": "$12,701"}, "Nucor Quarterly Revenue (Millions of US $)": {"2020-12-31": "$5,260", "2020-09-30": "$4,928", "2020-06-30": "$4,327", "2020-03-31": "$5,624", "2019-12-31": "$5,132", "2019-09-30": "$5,465", "2019-06-30": "$5,896", "2019-03-31": "$6,097", "2018-12-31": "$6,296", "2018-09-30": "$6,742", "2018-06-30": "$6,461", "2018-03-31": "$5,568", "2017-12-31": "$5,092", "2017-09-30": "$5,170", "2017-06-30": "$5,175", "2017-03-31": "$4,815", "2016-12-31": "$3,957", "2016-09-30": "$4,290", "2016-06-30": "$4,246", "2016-03-31": "$3,716", "2015-12-31": "$3,457", "2015-09-30": "$4,226", "2015-06-30": "$4,358", "2015-03-31": "$4,399", "2014-12-31": "$5,004", "2014-09-30": "$5,702", "2014-06-30": "$5,291", "2014-03-31": "$5,108", "2013-12-31": "$4,895", "2013-09-30": "$4,941", "2013-06-30": "$4,666", "2013-03-31": "$4,551", "2012-12-31": "$4,451", "2012-09-30": "$4,801", "2012-06-30": "$5,104", "2012-03-31": "$5,073", "2011-12-31": "$4,830", "2011-09-30": "$5,252", "2011-06-30": "$5,108", "2011-03-31": "$4,834", "2010-12-31": "$3,854", "2010-09-30": "$4,140", "2010-06-30": "$4,196", "2010-03-31": "$3,655", "2009-12-31": "$2,938", "2009-09-30": "$3,120", "2009-06-30": "$2,478", "2009-03-31": "$2,654", "2008-12-31": "$4,151", "2008-09-30": "$7,448", "2008-06-30": "$7,091", "2008-03-31": "$4,974", "2007-12-31": "$4,397", "2007-09-30": "$4,259", "2007-06-30": "$4,168", "2007-03-31": "$3,769", "2006-12-31": "$3,469", "2006-09-30": "$3,931", "2006-06-30": "$3,806", "2006-03-31": "$3,545", "2005-12-31": "$3,207", "2005-09-30": "$3,026", "2005-06-30": "$3,145", "2005-03-31": "$3,323"}}, "gross-profit": {"Nucor Annual Gross Profit (Millions of US $)": {"2020": "$2,228", "2019": "$2,679", "2018": "$4,295", "2017": "$2,569", "2016": "$2,026", "2015": "$1,114", "2014": "$1,849", "2013": "$1,411", "2012": "$1,514", "2011": "$1,881", "2010": "$784", "2009": "$154", "2008": "$4,051", "2007": "$3,130", "2006": "$3,467", "2005": "$2,592"}, "Nucor Quarterly Gross Profit (Millions of US $)": {"2020-12-31": "$719", "2020-09-30": "$502", "2020-06-30": "$378", "2020-03-31": "$629", "2019-12-31": "$435", "2019-09-30": "$573", "2019-06-30": "$775", "2019-03-31": "$896", "2018-12-31": "$1,112", "2018-09-30": "$1,290", "2018-06-30": "$1,167", "2018-03-31": "$726", "2017-12-31": "$521", "2017-09-30": "$579", "2017-06-30": "$710", "2017-03-31": "$760", "2016-12-31": "$443", "2016-09-30": "$682", "2016-06-30": "$585", "2016-03-31": "$315", "2015-12-31": "$-85", "2015-09-30": "$524", "2015-06-30": "$386", "2015-03-31": "$288", "2014-12-31": "$457", "2014-09-30": "$600", "2014-06-30": "$416", "2014-03-31": "$377", "2013-12-31": "$386", "2013-09-30": "$409", "2013-06-30": "$313", "2013-03-31": "$303", "2012-12-31": "$384", "2012-09-30": "$349", "2012-06-30": "$400", "2012-03-31": "$381", "2011-12-31": "$350", "2011-09-30": "$458", "2011-06-30": "$649", "2011-03-31": "$424", "2010-12-31": "$73", "2010-09-30": "$190", "2010-06-30": "$308", "2010-03-31": "$213", "2009-12-31": "$221", "2009-09-30": "$119", "2009-06-30": "$-62", "2009-03-31": "$-124", "2008-12-31": "$480", "2008-09-30": "$1,457", "2008-06-30": "$1,211", "2008-03-31": "$903", "2007-12-31": "$779", "2007-09-30": "$810", "2007-06-30": "$764", "2007-03-31": "$777", "2006-12-31": "$813", "2006-09-30": "$1,010", "2006-06-30": "$877", "2006-03-31": "$767", "2005-12-31": "$690", "2005-09-30": "$580", "2005-06-30": "$620", "2005-03-31": "$702"}}, "operating-income": {"Nucor Annual Operating Income (Millions of US $)": {"2020": "$999", "2019": "$1,901", "2018": "$3,325", "2017": "$1,882", "2016": "$1,429", "2015": "$410", "2014": "$1,303", "2013": "$929", "2012": "$1,029", "2011": "$1,428", "2010": "$452", "2009": "$-197", "2008": "$3,232", "2007": "$2,577", "2006": "$2,874", "2005": "$2,133"}, "Nucor Quarterly Operating Income (Millions of US $)": {"2020-12-31": "$250", "2020-09-30": "$330", "2020-06-30": "$231", "2020-03-31": "$188", "2019-12-31": "$206", "2019-09-30": "$413", "2019-06-30": "$567", "2019-03-31": "$715", "2018-12-31": "$903", "2018-09-30": "$946", "2018-06-30": "$932", "2018-03-31": "$543", "2017-12-31": "$352", "2017-09-30": "$406", "2017-06-30": "$539", "2017-03-31": "$584", "2016-12-31": "$287", "2016-09-30": "$513", "2016-06-30": "$424", "2016-03-31": "$205", "2015-12-31": "$-411", "2015-09-30": "$399", "2015-06-30": "$258", "2015-03-31": "$164", "2014-12-31": "$329", "2014-09-30": "$447", "2014-06-30": "$283", "2014-03-31": "$244", "2013-12-31": "$268", "2013-09-30": "$283", "2013-06-30": "$190", "2013-03-31": "$187", "2012-12-31": "$263", "2012-09-30": "$234", "2012-06-30": "$257", "2012-03-31": "$273", "2011-12-31": "$260", "2011-09-30": "$336", "2011-06-30": "$519", "2011-03-31": "$313", "2010-12-31": "$30", "2010-09-30": "$101", "2010-06-30": "$200", "2010-03-31": "$120", "2009-12-31": "$139", "2009-09-30": "$23", "2009-06-30": "$-147", "2009-03-31": "$-211", "2008-12-31": "$267", "2008-09-30": "$1,241", "2008-06-30": "$991", "2008-03-31": "$733", "2007-12-31": "$656", "2007-09-30": "$664", "2007-06-30": "$615", "2007-03-31": "$641", "2006-12-31": "$671", "2006-09-30": "$850", "2006-06-30": "$730", "2006-03-31": "$624", "2005-12-31": "$561", "2005-09-30": "$473", "2005-06-30": "$522", "2005-03-31": "$577"}}, "ebitda": {"Nucor Annual EBITDA (Millions of US $)": {"2019": "$2,636", "2018": "$4,044", "2017": "$2,609", "2016": "$2,116", "2015": "$1,110", "2014": "$2,027", "2013": "$1,539", "2012": "$1,636", "2011": "$2,018", "2010": "$1,035", "2009": "$370", "2008": "$3,781", "2007": "$3,004", "2006": "$3,239", "2005": "$2,509"}, "Nucor Quarterly EBITDA (Millions of US $)": {"2020-09-30": "$527", "2020-06-30": "$426", "2020-03-31": "$385", "2019-12-31": "$398", "2019-09-30": "$591", "2019-06-30": "$752", "2019-03-31": "$895", "2018-12-31": "$1,082", "2018-09-30": "$1,126", "2018-06-30": "$1,112", "2018-03-31": "$725", "2017-12-31": "$536", "2017-09-30": "$586", "2017-06-30": "$722", "2017-03-31": "$765", "2016-12-31": "$461", "2016-09-30": "$685", "2016-06-30": "$595", "2016-03-31": "$376", "2015-12-31": "$-236", "2015-09-30": "$573", "2015-06-30": "$433", "2015-03-31": "$340", "2014-12-31": "$513", "2014-09-30": "$625", "2014-06-30": "$466", "2014-03-31": "$424", "2013-12-31": "$432", "2013-09-30": "$434", "2013-06-30": "$336", "2013-03-31": "$336", "2012-12-31": "$422", "2012-09-30": "$388", "2012-06-30": "$404", "2012-03-31": "$421", "2011-12-31": "$407", "2011-09-30": "$488", "2011-06-30": "$665", "2011-03-31": "$458", "2010-12-31": "$175", "2010-09-30": "$249", "2010-06-30": "$345", "2010-03-31": "$266", "2009-12-31": "$283", "2009-09-30": "$167", "2009-06-30": "$-6", "2009-03-31": "$-74", "2008-12-31": "$410", "2008-09-30": "$1,383", "2008-06-30": "$1,131", "2008-03-31": "$856", "2007-12-31": "$770", "2007-09-30": "$775", "2007-06-30": "$718", "2007-03-31": "$741", "2006-12-31": "$761", "2006-09-30": "$942", "2006-06-30": "$822", "2006-03-31": "$715", "2005-12-31": "$656", "2005-09-30": "$569", "2005-06-30": "$616", "2005-03-31": "$668"}}, "net-income": {"Nucor Annual Net Income (Millions of US $)": {"2020": "$721", "2019": "$1,264", "2018": "$2,351", "2017": "$1,314", "2016": "$794", "2015": "$79", "2014": "$677", "2013": "$486", "2012": "$503", "2011": "$776", "2010": "$132", "2009": "$-296", "2008": "$1,824", "2007": "$1,468", "2006": "$1,757", "2005": "$1,317"}, "Nucor Quarterly Net Income (Millions of US $)": {"2020-12-31": "$399", "2020-09-30": "$192", "2020-06-30": "$108", "2020-03-31": "$20", "2019-12-31": "$107", "2019-09-30": "$273", "2019-06-30": "$384", "2019-03-31": "$500", "2018-12-31": "$644", "2018-09-30": "$674", "2018-06-30": "$680", "2018-03-31": "$353", "2017-12-31": "$383", "2017-09-30": "$254", "2017-06-30": "$322", "2017-03-31": "$356", "2016-12-31": "$158", "2016-09-30": "$304", "2016-06-30": "$244", "2016-03-31": "$87", "2015-12-31": "$-339", "2015-09-30": "$226", "2015-06-30": "$124", "2015-03-31": "$67", "2014-12-31": "$175", "2014-09-30": "$245", "2014-06-30": "$147", "2014-03-31": "$111", "2013-12-31": "$170", "2013-09-30": "$147", "2013-06-30": "$85", "2013-03-31": "$84", "2012-12-31": "$136", "2012-09-30": "$110", "2012-06-30": "$112", "2012-03-31": "$145", "2011-12-31": "$137", "2011-09-30": "$181", "2011-06-30": "$299", "2011-03-31": "$159", "2010-12-31": "$-12", "2010-09-30": "$23", "2010-06-30": "$91", "2010-03-31": "$30", "2009-12-31": "$58", "2009-09-30": "$-30", "2009-06-30": "$-134", "2009-03-31": "$-190", "2008-12-31": "$105", "2008-09-30": "$732", "2008-06-30": "$578", "2008-03-31": "$408", "2007-12-31": "$361", "2007-09-30": "$381", "2007-06-30": "$345", "2007-03-31": "$381", "2006-12-31": "$405", "2006-09-30": "$522", "2006-06-30": "$450", "2006-03-31": "$380", "2005-12-31": "$348", "2005-09-30": "$292", "2005-06-30": "$323", "2005-03-31": "$355"}}, "eps-earnings-per-share-diluted": {"Nucor Annual EPS": {"2020": "$2.36", "2019": "$4.14", "2018": "$7.42", "2017": "$4.10", "2016": "$2.48", "2015": "$0.25", "2014": "$2.11", "2013": "$1.52", "2012": "$1.58", "2011": "$2.45", "2010": "$0.42", "2009": "$-0.94", "2008": "$5.98", "2007": "$4.94", "2006": "$5.68", "2005": "$4.15"}, "Nucor Quarterly EPS": {"2020-12-31": "$1.30", "2020-09-30": "$0.63", "2020-06-30": "$0.36", "2020-03-31": "$0.07", "2019-12-31": "$0.35", "2019-09-30": "$0.90", "2019-06-30": "$1.26", "2019-03-31": "$1.63", "2018-12-31": "$2.06", "2018-09-30": "$2.13", "2018-06-30": "$2.13", "2018-03-31": "$1.10", "2017-12-31": "$1.20", "2017-09-30": "$0.79", "2017-06-30": "$1.00", "2017-03-31": "$1.11", "2016-12-31": "$0.50", "2016-09-30": "$0.95", "2016-06-30": "$0.76", "2016-03-31": "$0.27", "2015-12-31": "$-1.06", "2015-09-30": "$0.71", "2015-06-30": "$0.39", "2015-03-31": "$0.21", "2014-12-31": "$0.54", "2014-09-30": "$0.76", "2014-06-30": "$0.46", "2014-03-31": "$0.35", "2013-12-31": "$0.53", "2013-09-30": "$0.46", "2013-06-30": "$0.27", "2013-03-31": "$0.26", "2012-12-31": "$0.42", "2012-09-30": "$0.35", "2012-06-30": "$0.35", "2012-03-31": "$0.46", "2011-12-31": "$0.44", "2011-09-30": "$0.57", "2011-06-30": "$0.94", "2011-03-31": "$0.50", "2010-12-31": "$-0.04", "2010-09-30": "$0.07", "2010-06-30": "$0.29", "2010-03-31": "$0.10", "2009-12-31": "$0.19", "2009-09-30": "$-0.10", "2009-06-30": "$-0.43", "2009-03-31": "$-0.60", "2008-12-31": "$0.32", "2008-09-30": "$2.31", "2008-06-30": "$1.94", "2008-03-31": "$1.41", "2007-12-31": "$1.25", "2007-09-30": "$1.29", "2007-06-30": "$1.14", "2007-03-31": "$1.26", "2006-12-31": "$1.33", "2006-09-30": "$1.70", "2006-06-30": "$1.44", "2006-03-31": "$1.21", "2005-12-31": "$1.11", "2005-09-30": "$0.93", "2005-06-30": "$1.01", "2005-03-31": "$1.10"}}, "shares-outstanding": {"Nucor Annual Shares Outstanding (Millions of Shares)": {"2020": "303", "2019": "306", "2018": "317", "2017": "321", "2016": "320", "2015": "321", "2014": "320", "2013": "319", "2012": "318", "2011": "317", "2010": "317", "2009": "315", "2008": "305", "2007": "297", "2006": "309", "2005": "317"}, "Nucor Quarterly Shares Outstanding (Millions of Shares)": {"2020-12-31": "304", "2020-09-30": "303", "2020-06-30": "303", "2020-03-31": "303", "2019-12-31": "306", "2019-09-30": "305", "2019-06-30": "306", "2019-03-31": "307", "2018-12-31": "317", "2018-09-30": "317", "2018-06-30": "319", "2018-03-31": "320", "2017-12-31": "321", "2017-09-30": "321", "2017-06-30": "321", "2017-03-31": "321", "2016-12-31": "320", "2016-09-30": "320", "2016-06-30": "320", "2016-03-31": "319", "2015-12-31": "321", "2015-09-30": "321", "2015-06-30": "321", "2015-03-31": "320", "2014-12-31": "320", "2014-09-30": "320", "2014-06-30": "320", "2014-03-31": "320", "2013-12-31": "319", "2013-09-30": "320", "2013-06-30": "319", "2013-03-31": "319", "2012-12-31": "318", "2012-09-30": "319", "2012-06-30": "318", "2012-03-31": "318", "2011-12-31": "317", "2011-09-30": "317", "2011-06-30": "317", "2011-03-31": "317", "2010-12-31": "317", "2010-09-30": "317", "2010-06-30": "316", "2010-03-31": "316", "2009-12-31": "315", "2009-09-30": "315", "2009-06-30": "315", "2009-03-31": "314", "2008-12-31": "305", "2008-09-30": "317", "2008-06-30": "299", "2008-03-31": "289", "2007-12-31": "297", "2007-09-30": "295", "2007-06-30": "303", "2007-03-31": "303", "2006-12-31": "309", "2006-09-30": "308", "2006-06-30": "313", "2006-03-31": "314", "2005-12-31": "317", "2005-09-30": "314", "2005-06-30": "319", "2005-03-31": "322"}}, "total-assets": {"Nucor Annual Total Assets (Millions of US $)": {"2019": "$18,345", "2018": "$17,921", "2017": "$15,841", "2016": "$15,224", "2015": "$14,327", "2014": "$15,616", "2013": "$15,203", "2012": "$14,152", "2011": "$14,570", "2010": "$13,922", "2009": "$12,572", "2008": "$13,874", "2007": "$9,826", "2006": "$7,893", "2005": "$7,139"}, "Nucor Quarterly Total Assets (Millions of US $)": {"2020-09-30": "$19,519", "2020-06-30": "$18,766", "2020-03-31": "$17,866", "2019-12-31": "$18,345", "2019-09-30": "$18,506", "2019-06-30": "$18,126", "2019-03-31": "$18,087", "2018-12-31": "$17,921", "2018-09-30": "$17,963", "2018-06-30": "$17,452", "2018-03-31": "$16,121", "2017-12-31": "$15,841", "2017-09-30": "$16,504", "2017-06-30": "$16,113", "2017-03-31": "$15,875", "2016-12-31": "$15,224", "2016-09-30": "$15,114", "2016-06-30": "$14,925", "2016-03-31": "$14,395", "2015-12-31": "$14,327", "2015-09-30": "$15,269", "2015-06-30": "$15,068", "2015-03-31": "$14,855", "2014-12-31": "$15,616", "2014-09-30": "$15,494", "2014-06-30": "$15,311", "2014-03-31": "$15,118", "2013-12-31": "$15,203", "2013-09-30": "$15,092", "2013-06-30": "$13,767", "2013-03-31": "$14,039", "2012-12-31": "$14,152", "2012-09-30": "$14,997", "2012-06-30": "$14,767", "2012-03-31": "$14,814", "2011-12-31": "$14,570", "2011-09-30": "$14,807", "2011-06-30": "$14,734", "2011-03-31": "$14,344", "2010-12-31": "$13,922", "2010-09-30": "$13,261", "2010-06-30": "$12,688", "2010-03-31": "$12,803", "2009-12-31": "$12,572", "2009-09-30": "$12,670", "2009-06-30": "$12,411", "2009-03-31": "$12,586", "2008-12-31": "$13,874", "2008-09-30": "$15,337", "2008-06-30": "$14,992", "2008-03-31": "$11,341", "2007-12-31": "$9,826", "2007-09-30": "$8,300", "2007-06-30": "$8,468", "2007-03-31": "$8,486", "2006-12-31": "$7,893", "2006-09-30": "$7,896", "2006-06-30": "$7,746", "2006-03-31": "$7,504", "2005-12-31": "$7,139", "2005-09-30": "$6,959", "2005-06-30": "$6,463", "2005-03-31": "$6,613"}}, "cash-on-hand": {"Nucor Annual Cash on Hand (Millions of US $)": {"2019": "$1,835", "2018": "$1,399", "2017": "$999", "2016": "$2,196", "2015": "$2,039", "2014": "$1,124", "2013": "$1,511", "2012": "$1,157", "2011": "$2,563", "2010": "$2,479", "2009": "$2,242", "2008": "$2,355", "2007": "$1,576", "2006": "$2,196", "2005": "$1,838"}, "Nucor Quarterly Cash on Hand (Millions of US $)": {"2020-09-30": "$3,279", "2020-06-30": "$3,037", "2020-03-31": "$1,391", "2019-12-31": "$1,835", "2019-09-30": "$1,936", "2019-06-30": "$1,482", "2019-03-31": "$1,601", "2018-12-31": "$1,399", "2018-09-30": "$1,932", "2018-06-30": "$1,486", "2018-03-31": "$760", "2017-12-31": "$999", "2017-09-30": "$1,626", "2017-06-30": "$1,561", "2017-03-31": "$1,708", "2016-12-31": "$2,196", "2016-09-30": "$2,355", "2016-06-30": "$2,331", "2016-03-31": "$2,328", "2015-12-31": "$2,039", "2015-09-30": "$1,995", "2015-06-30": "$1,689", "2015-03-31": "$1,266", "2014-12-31": "$1,124", "2014-09-30": "$1,396", "2014-06-30": "$1,168", "2014-03-31": "$1,253", "2013-12-31": "$1,511", "2013-09-30": "$1,771", "2013-06-30": "$678", "2013-03-31": "$932", "2012-12-31": "$1,157", "2012-09-30": "$2,123", "2012-06-30": "$1,681", "2012-03-31": "$2,378", "2011-12-31": "$2,563", "2011-09-30": "$2,414", "2011-06-30": "$2,282", "2011-03-31": "$2,296", "2010-12-31": "$2,479", "2010-09-30": "$2,007", "2010-06-30": "$1,142", "2010-03-31": "$2,000", "2009-12-31": "$2,242", "2009-09-30": "$2,221", "2009-06-30": "$2,197", "2009-03-31": "$1,900", "2008-12-31": "$2,355", "2008-09-30": "$1,679", "2008-06-30": "$2,792", "2008-03-31": "$734", "2007-12-31": "$1,576", "2007-09-30": "$272", "2007-06-30": "$975", "2007-03-31": "$1,369", "2006-12-31": "$2,196", "2006-09-30": "$2,222", "2006-06-30": "$2,154", "2006-03-31": "$2,205", "2005-12-31": "$1,838", "2005-09-30": "$1,607", "2005-06-30": "$1,061", "2005-03-31": "$1,203"}}, "long-term-debt": {"Nucor Annual Long Term Debt (Millions of US $)": {"2019": "$4,291", "2018": "$4,233", "2017": "$3,242", "2016": "$3,739", "2015": "$4,337", "2014": "$4,361", "2013": "$4,377", "2012": "$3,380", "2011": "$3,630", "2010": "$4,280", "2009": "$3,080", "2008": "$3,086", "2007": "$2,250", "2006": "$922", "2005": "$922"}, "Nucor Quarterly Long Term Debt (Millions of US $)": {"2020-09-30": "$5,452", "2020-06-30": "$5,279", "2020-03-31": "$4,243", "2019-12-31": "$4,291", "2019-09-30": "$4,288", "2019-06-30": "$4,234", "2019-03-31": "$4,234", "2018-12-31": "$4,233", "2018-09-30": "$4,233", "2018-06-30": "$4,232", "2018-03-31": "$3,243", "2017-12-31": "$3,242", "2017-09-30": "$3,241", "2017-06-30": "$3,241", "2017-03-31": "$3,740", "2016-12-31": "$3,739", "2016-09-30": "$4,338", "2016-06-30": "$4,338", "2016-03-31": "$4,338", "2015-12-31": "$4,337", "2015-09-30": "$4,361", "2015-06-30": "$4,361", "2015-03-31": "$4,361", "2014-12-31": "$4,361", "2014-09-30": "$4,361", "2014-06-30": "$4,369", "2014-03-31": "$4,377", "2013-12-31": "$4,377", "2013-09-30": "$4,380", "2013-06-30": "$3,380", "2013-03-31": "$3,380", "2012-12-31": "$3,380", "2012-09-30": "$3,380", "2012-06-30": "$3,380", "2012-03-31": "$3,630", "2011-12-31": "$3,630", "2011-09-30": "$3,930", "2011-06-30": "$4,280", "2011-03-31": "$4,280", "2010-12-31": "$4,280", "2010-09-30": "$3,680", "2010-06-30": "$3,080", "2010-03-31": "$3,080", "2009-12-31": "$3,080", "2009-09-30": "$3,086", "2009-06-30": "$3,086", "2009-03-31": "$3,086", "2008-12-31": "$3,086", "2008-09-30": "$3,086", "2008-06-30": "$3,092", "2008-03-31": "$2,492", "2007-12-31": "$2,250", "2007-09-30": "$922", "2007-06-30": "$922", "2007-03-31": "$922", "2006-12-31": "$922", "2006-09-30": "$922", "2006-06-30": "$922", "2006-03-31": "$922", "2005-12-31": "$922", "2005-09-30": "$922", "2005-06-30": "$922", "2005-03-31": "$924"}}, "total-liabilities": {"Nucor Annual Total Liabilities (Millions of US $)": {"2019": "$7,553", "2018": "$7,719", "2017": "$6,756", "2016": "$6,969", "2015": "$6,477", "2014": "$7,541", "2013": "$7,293", "2012": "$6,267", "2011": "$6,864", "2010": "$6,591", "2009": "$4,988", "2008": "$5,618", "2007": "$4,713", "2006": "$3,036", "2005": "$2,859"}, "Nucor Quarterly Total Liabilities (Millions of US $)": {"2020-09-30": "$8,802", "2020-06-30": "$8,142", "2020-03-31": "$7,270", "2019-12-31": "$7,553", "2019-09-30": "$7,645", "2019-06-30": "$7,428", "2019-03-31": "$7,584", "2018-12-31": "$7,719", "2018-09-30": "$7,788", "2018-06-30": "$7,716", "2018-03-31": "$6,798", "2017-12-31": "$6,756", "2017-09-30": "$7,658", "2017-06-30": "$7,401", "2017-03-31": "$7,407", "2016-12-31": "$6,969", "2016-09-30": "$7,023", "2016-06-30": "$7,004", "2016-03-31": "$6,617", "2015-12-31": "$6,477", "2015-09-30": "$7,222", "2015-06-30": "$7,093", "2015-03-31": "$6,950", "2014-12-31": "$7,541", "2014-09-30": "$7,478", "2014-06-30": "$7,365", "2014-03-31": "$7,257", "2013-12-31": "$7,293", "2013-09-30": "$7,229", "2013-06-30": "$5,995", "2013-03-31": "$6,237", "2012-12-31": "$6,267", "2012-09-30": "$7,134", "2012-06-30": "$6,984", "2012-03-31": "$7,019", "2011-12-31": "$6,864", "2011-09-30": "$7,128", "2011-06-30": "$7,058", "2011-03-31": "$6,891", "2010-12-31": "$6,591", "2010-09-30": "$5,831", "2010-06-30": "$5,233", "2010-03-31": "$5,293", "2009-12-31": "$4,988", "2009-09-30": "$5,086", "2009-06-30": "$4,707", "2009-03-31": "$4,722", "2008-12-31": "$5,618", "2008-09-30": "$7,160", "2008-06-30": "$7,078", "2008-03-31": "$5,915", "2007-12-31": "$4,713", "2007-09-30": "$3,412", "2007-06-30": "$3,286", "2007-03-31": "$3,349", "2006-12-31": "$3,036", "2006-09-30": "$3,230", "2006-06-30": "$3,095", "2006-03-31": "$2,939", "2005-12-31": "$2,859", "2005-09-30": "$2,869", "2005-06-30": "$2,617", "2005-03-31": "$2,828"}}, "total-share-holder-equity": {"Nucor Annual Share Holder Equity (Millions of US $)": {"2019": "$10,791", "2018": "$10,202", "2017": "$9,085", "2016": "$8,255", "2015": "$7,850", "2014": "$8,075", "2013": "$7,910", "2012": "$7,885", "2011": "$7,707", "2010": "$7,331", "2009": "$7,584", "2008": "$8,257", "2007": "$5,113", "2006": "$4,857", "2005": "$4,280"}, "Nucor Quarterly Share Holder Equity (Millions of US $)": {"2020-09-30": "$10,717", "2020-06-30": "$10,623", "2020-03-31": "$10,596", "2019-12-31": "$10,791", "2019-09-30": "$10,861", "2019-06-30": "$10,698", "2019-03-31": "$10,503", "2018-12-31": "$10,202", "2018-09-30": "$10,174", "2018-06-30": "$9,735", "2018-03-31": "$9,323", "2017-12-31": "$9,085", "2017-09-30": "$8,846", "2017-06-30": "$8,712", "2017-03-31": "$8,468", "2016-12-31": "$8,255", "2016-09-30": "$8,091", "2016-06-30": "$7,921", "2016-03-31": "$7,778", "2015-12-31": "$7,850", "2015-09-30": "$8,047", "2015-06-30": "$7,975", "2015-03-31": "$7,906", "2014-12-31": "$8,075", "2014-09-30": "$8,016", "2014-06-30": "$7,946", "2014-03-31": "$7,861", "2013-12-31": "$7,910", "2013-09-30": "$7,863", "2013-06-30": "$7,771", "2013-03-31": "$7,802", "2012-12-31": "$7,885", "2012-09-30": "$7,864", "2012-06-30": "$7,783", "2012-03-31": "$7,796", "2011-12-31": "$7,707", "2011-09-30": "$7,679", "2011-06-30": "$7,675", "2011-03-31": "$7,454", "2010-12-31": "$7,331", "2010-09-30": "$7,430", "2010-06-30": "$7,455", "2010-03-31": "$7,509", "2009-12-31": "$7,584", "2009-09-30": "$7,584", "2009-06-30": "$7,704", "2009-03-31": "$7,864", "2008-12-31": "$8,257", "2008-09-30": "$8,176", "2008-06-30": "$7,914", "2008-03-31": "$5,426", "2007-12-31": "$5,113", "2007-09-30": "$4,889", "2007-06-30": "$5,183", "2007-03-31": "$5,137", "2006-12-31": "$4,857", "2006-09-30": "$4,665", "2006-06-30": "$4,651", "2006-03-31": "$4,565", "2005-12-31": "$4,280", "2005-09-30": "$4,090", "2005-06-30": "$3,845", "2005-03-31": "$3,786"}}, "profit-margins": {"current": "3.58%"}, "gross margin": {"2020-12-31": "11.06%", "2020-09-30": "9.71%", "2020-06-30": "9.81%", "2020-03-31": "10.91%", "2019-12-31": "11.86%", "2019-09-30": "14.13%", "2019-06-30": "16.27%", "2019-03-31": "17.44%", "2018-12-31": "17.13%", "2018-09-30": "15.52%", "2018-06-30": "13.43%", "2018-03-31": "12.07%", "2017-12-31": "12.69%", "2017-09-30": "13.04%", "2017-06-30": "14.23%", "2017-03-31": "14.27%", "2016-12-31": "12.49%", "2016-09-30": "9.53%", "2016-06-30": "8.56%", "2016-03-31": "7.23%", "2015-12-31": "6.77%", "2015-09-30": "9.20%", "2015-06-30": "8.89%", "2015-03-31": "8.63%", "2014-12-31": "8.77%", "2014-09-30": "8.47%", "2014-06-30": "7.85%", "2014-03-31": "7.57%", "2013-12-31": "7.41%", "2013-09-30": "7.57%", "2013-06-30": "7.30%", "2013-03-31": "7.60%", "2012-12-31": "7.79%", "2012-09-30": "7.47%", "2012-06-30": "7.84%", "2012-03-31": "9.07%", "2011-12-31": "9.39%", "2011-09-30": "8.42%", "2011-06-30": "7.45%", "2011-03-31": "5.84%", "2010-12-31": "4.95%", "2010-09-30": "6.24%", "2010-06-30": "6.19%", "2010-03-31": "4.03%", "2009-12-31": "1.38%", "2009-09-30": "3.33%", "2009-06-30": "10.47%", "2009-03-31": "14.17%", "2008-12-31": "17.12%", "2008-09-30": "18.19%", "2008-06-30": "17.87%", "2008-03-31": "18.29%", "2007-12-31": "18.86%", "2007-09-30": "20.20%", "2007-06-30": "21.93%", "2007-03-31": "23.22%", "2006-12-31": "23.50%", "2006-09-30": "23.08%", "2006-06-30": "21.45%", "2006-03-31": "20.56%", "2005-12-31": "20.41%"}, "operating margin": {"2020-12-31": "4.96%", "2020-09-30": "4.77%", "2020-06-30": "5.05%", "2020-03-31": "6.21%", "2019-12-31": "8.42%", "2019-09-30": "10.94%", "2019-06-30": "12.51%", "2019-03-31": "13.66%", "2018-12-31": "13.26%", "2018-09-30": "11.62%", "2018-06-30": "10.02%", "2018-03-31": "8.76%", "2017-12-31": "9.29%", "2017-09-30": "9.50%", "2017-06-30": "10.54%", "2017-03-31": "10.45%", "2016-12-31": "8.82%", "2016-09-30": "4.65%", "2016-06-30": "3.94%", "2016-03-31": "2.86%", "2015-12-31": "2.49%", "2015-09-30": "6.39%", "2015-06-30": "6.16%", "2015-03-31": "6.00%", "2014-12-31": "6.17%", "2014-09-30": "5.92%", "2014-06-30": "5.33%", "2014-03-31": "5.02%", "2013-12-31": "4.87%", "2013-09-30": "4.96%", "2013-06-30": "4.73%", "2013-03-31": "4.98%", "2012-12-31": "5.29%", "2012-09-30": "5.17%", "2012-06-30": "5.56%", "2012-03-31": "6.85%", "2011-12-31": "7.13%", "2011-09-30": "6.29%", "2011-06-30": "5.37%", "2011-03-31": "3.78%", "2010-12-31": "2.85%", "2010-09-30": "3.75%", "2010-06-30": "3.47%", "2010-03-31": "1.11%", "2009-12-31": "-1.75%", "2009-09-30": "-0.55%", "2009-06-30": "6.87%", "2009-03-31": "10.72%", "2008-12-31": "13.66%", "2008-09-30": "15.14%", "2008-06-30": "14.69%", "2008-03-31": "14.99%", "2007-12-31": "15.52%", "2007-09-30": "16.54%", "2007-06-30": "18.11%", "2007-03-31": "19.31%", "2006-12-31": "19.49%", "2006-09-30": "19.08%", "2006-06-30": "17.58%", "2006-03-31": "16.87%", "2005-12-31": "16.79%"}, "ebitda margin": {"2020-09-30": "8.68%", "2020-06-30": "8.76%", "2020-03-31": "9.61%", "2019-12-31": "11.67%", "2019-09-30": "13.98%", "2019-06-30": "15.40%", "2019-03-31": "16.47%", "2018-12-31": "16.14%", "2018-09-30": "14.66%", "2018-06-30": "13.27%", "2018-03-31": "12.23%", "2017-12-31": "12.88%", "2017-09-30": "13.26%", "2017-06-30": "14.44%", "2017-03-31": "14.48%", "2016-12-31": "13.06%", "2016-09-30": "9.04%", "2016-06-30": "8.36%", "2016-03-31": "7.27%", "2015-12-31": "6.75%", "2015-09-30": "10.34%", "2015-06-30": "9.82%", "2015-03-31": "9.53%", "2014-12-31": "9.61%", "2014-09-30": "9.27%", "2014-06-30": "8.68%", "2014-03-31": "8.29%", "2013-12-31": "8.07%", "2013-09-30": "8.21%", "2013-06-30": "8.02%", "2013-03-31": "8.20%", "2012-12-31": "8.42%", "2012-09-30": "8.18%", "2012-06-30": "8.49%", "2012-03-31": "9.78%", "2011-12-31": "10.08%", "2011-09-30": "9.38%", "2011-06-30": "8.63%", "2011-03-31": "7.21%", "2010-12-31": "6.53%", "2010-09-30": "7.66%", "2010-06-30": "7.63%", "2010-03-31": "5.82%", "2009-12-31": "3.31%", "2009-09-30": "4.01%", "2009-06-30": "10.24%", "2009-03-31": "13.35%", "2008-12-31": "15.97%", "2008-09-30": "17.31%", "2008-06-30": "17.05%", "2008-03-31": "17.52%", "2007-12-31": "18.10%", "2007-09-30": "19.12%", "2007-06-30": "20.62%", "2007-03-31": "21.81%", "2006-12-31": "21.96%", "2006-09-30": "21.64%", "2006-06-30": "20.33%", "2006-03-31": "19.78%", "2005-12-31": "19.75%"}, "pre tax profit margin": {"2020-12-31": "4.15%", "2020-09-30": "3.97%", "2020-06-30": "4.31%", "2020-03-31": "5.60%", "2019-12-31": "7.89%", "2019-09-30": "10.45%", "2019-06-30": "12.09%", "2019-03-31": "13.30%", "2018-12-31": "12.89%", "2018-09-30": "11.21%", "2018-06-30": "9.52%", "2018-03-31": "8.17%", "2017-12-31": "8.64%", "2017-09-30": "8.80%", "2017-06-30": "9.85%", "2017-03-31": "9.69%", "2016-12-31": "8.01%", "2016-09-30": "3.79%", "2016-06-30": "2.98%", "2016-03-31": "1.85%", "2015-12-31": "1.47%", "2015-09-30": "5.47%", "2015-06-30": "5.31%", "2015-03-31": "5.19%", "2014-12-31": "5.44%", "2014-09-30": "5.20%", "2014-06-30": "4.62%", "2014-03-31": "4.31%", "2013-12-31": "4.15%", "2013-09-30": "4.15%", "2013-06-30": "3.88%", "2013-03-31": "4.13%", "2012-12-31": "4.39%", "2012-09-30": "4.33%", "2012-06-30": "4.68%", "2012-03-31": "5.97%", "2011-12-31": "6.25%", "2011-09-30": "5.33%", "2011-06-30": "4.40%", "2011-03-31": "2.75%", "2010-12-31": "1.69%", "2010-09-30": "2.47%", "2010-06-30": "2.08%", "2010-03-31": "-0.56%", "2009-12-31": "-3.70%", "2009-09-30": "-2.39%", "2009-06-30": "5.63%", "2009-03-31": "9.87%", "2008-12-31": "13.12%", "2008-09-30": "15.63%", "2008-06-30": "14.98%", "2008-03-31": "15.01%", "2007-12-31": "15.35%", "2007-09-30": "14.80%", "2007-06-30": "16.54%", "2007-03-31": "17.98%", "2006-12-31": "18.26%", "2006-09-30": "18.03%", "2006-06-30": "16.62%", "2006-03-31": "15.99%", "2005-12-31": "15.96%"}, "net profit margin": {"2020-12-31": "3.57%", "2020-09-30": "2.13%", "2020-06-30": "2.47%", "2020-03-31": "3.54%", "2019-12-31": "5.60%", "2019-09-30": "7.58%", "2019-06-30": "8.80%", "2019-03-31": "9.76%", "2018-12-31": "9.38%", "2018-09-30": "8.76%", "2018-06-30": "7.49%", "2018-03-31": "6.25%", "2017-12-31": "6.49%", "2017-09-30": "5.70%", "2017-06-30": "6.25%", "2017-03-31": "6.14%", "2016-12-31": "4.89%", "2016-09-30": "1.88%", "2016-06-30": "1.39%", "2016-03-31": "0.62%", "2015-12-31": "0.47%", "2015-09-30": "3.29%", "2015-06-30": "3.14%", "2015-03-31": "3.11%", "2014-12-31": "3.21%", "2014-09-30": "3.21%", "2014-06-30": "2.84%", "2014-03-31": "2.62%", "2013-12-31": "2.55%", "2013-09-30": "2.43%", "2013-06-30": "2.25%", "2013-03-31": "2.34%", "2012-12-31": "2.59%", "2012-09-30": "2.54%", "2012-06-30": "2.84%", "2012-03-31": "3.76%", "2011-12-31": "3.88%", "2011-09-30": "3.29%", "2011-06-30": "2.61%", "2011-03-31": "1.53%", "2010-12-31": "0.83%", "2010-09-30": "1.35%", "2010-06-30": "1.07%", "2010-03-31": "-0.62%", "2009-12-31": "-2.65%", "2009-09-30": "-2.01%", "2009-06-30": "3.07%", "2009-03-31": "5.74%", "2008-12-31": "7.70%", "2008-09-30": "8.70%", "2008-06-30": "8.34%", "2008-03-31": "8.40%", "2007-12-31": "8.85%", "2007-09-30": "9.65%", "2007-06-30": "10.78%", "2007-03-31": "11.74%", "2006-12-31": "11.91%", "2006-09-30": "11.73%", "2006-06-30": "10.82%", "2006-03-31": "10.39%", "2005-12-31": "10.38%"}, "pe ratio": {"current": "16.47", "2021-02-11": "51.75", "2020-12-31": "50.18", "2020-09-30": "31.57", "2020-06-30": "24.24", "2020-03-31": "13.60", "2019-12-31": "13.09", "2019-09-30": "8.31", "2019-06-30": "7.37", "2019-03-31": "6.90", "2018-12-31": "6.52", "2018-09-30": "8.97", "2018-06-30": "10.96", "2018-03-31": "13.56", "2017-12-31": "13.99", "2017-09-30": "14.75", "2017-06-30": "15.09", "2017-03-31": "16.78", "2016-12-31": "23.08", "2016-09-30": "27.27", "2016-06-30": "29.44", "2016-03-31": "36.38", "2015-12-31": "31.02", "2015-09-30": "16.37", "2015-06-30": "18.54", "2015-03-31": "19.17", "2014-12-31": "18.39", "2014-09-30": "21.35", "2014-06-30": "22.45", "2014-03-31": "25.57", "2013-12-31": "28.40", "2013-09-30": "27.72", "2013-06-30": "26.36", "2013-03-31": "26.24", "2012-12-31": "21.29", "2012-09-30": "18.71", "2012-06-30": "16.13", "2012-03-31": "13.65", "2011-12-31": "12.26", "2011-09-30": "12.03", "2011-06-30": "20.77", "2011-03-31": "41.20", "2010-12-31": "76.00", "2010-09-30": "43.13", "2010-06-30": "58.29", "2010-03-31": "0.00", "2009-12-31": "0.00", "2009-09-30": "0.00", "2009-06-30": "19.01", "2009-03-31": "6.58", "2008-12-31": "5.25", "2008-09-30": "3.86", "2008-06-30": "8.47", "2008-03-31": "8.82", "2007-12-31": "7.89", "2007-09-30": "7.70", "2007-06-30": "6.98", "2007-03-31": "7.26", "2006-12-31": "6.09"}, "price sales": {"2021-02-11": "0.83", "2020-12-31": "0.80", "2020-09-30": "0.68", "2020-06-30": "0.60", "2020-03-31": "0.48", "2019-12-31": "0.73", "2019-09-30": "0.63", "2019-06-30": "0.65", "2019-03-31": "0.68", "2018-12-31": "0.61", "2018-09-30": "0.79", "2018-06-30": "0.83", "2018-03-31": "0.86", "2017-12-31": "0.92", "2017-09-30": "0.85", "2017-06-30": "0.92", "2017-03-31": "0.99", "2016-12-31": "1.04", "2016-09-30": "0.89", "2016-06-30": "0.89", "2016-03-31": "0.84", "2015-12-31": "0.68", "2015-09-30": "0.57", "2015-06-30": "0.61", "2015-03-31": "0.63", "2014-12-31": "0.62", "2014-09-30": "0.68", "2014-06-30": "0.64", "2014-03-31": "0.67", "2013-12-31": "0.72", "2013-09-30": "0.67", "2013-06-30": "0.60", "2013-03-31": "0.61", "2012-12-31": "0.55", "2012-09-30": "0.48", "2012-06-30": "0.46", "2012-03-31": "0.51", "2011-12-31": "0.47", "2011-09-30": "0.39", "2011-06-30": "0.54", "2011-03-31": "0.63", "2010-12-31": "0.64", "2010-09-30": "0.58", "2010-06-30": "0.62", "2010-03-31": "0.83", "2009-12-31": "0.92", "2009-09-30": "0.82", "2009-06-30": "0.58", "2009-03-31": "0.38", "2008-12-31": "0.40", "2008-09-30": "0.34", "2008-06-30": "0.71", "2008-03-31": "0.75", "2007-12-31": "0.70", "2007-09-30": "0.75", "2007-06-30": "0.76", "2007-03-31": "0.86", "2006-12-31": "0.73"}, "price book": {"current": "1.47", "2021-02-11": "1.55", "2020-09-30": "1.25", "2020-06-30": "1.16", "2020-03-31": "1.00", "2019-12-31": "1.52", "2019-09-30": "1.36", "2019-06-30": "1.48", "2019-03-31": "1.59", "2018-12-31": "1.45", "2018-09-30": "1.82", "2018-06-30": "1.87", "2018-03-31": "1.91", "2017-12-31": "2.03", "2017-09-30": "1.82", "2017-06-30": "1.91", "2017-03-31": "2.01", "2016-12-31": "2.04", "2016-09-30": "1.72", "2016-06-30": "1.74", "2016-03-31": "1.68", "2015-12-31": "1.41", "2015-09-30": "1.27", "2015-06-30": "1.49", "2015-03-31": "1.61", "2014-12-31": "1.61", "2014-09-30": "1.78", "2014-06-30": "1.62", "2014-03-31": "1.67", "2013-12-31": "1.74", "2013-09-30": "1.59", "2013-06-30": "1.41", "2013-03-31": "1.49", "2012-12-31": "1.36", "2012-09-30": "1.20", "2012-06-30": "1.19", "2012-03-31": "1.33", "2011-12-31": "1.23", "2011-09-30": "0.98", "2011-06-30": "1.26", "2011-03-31": "1.43", "2010-12-31": "1.38", "2010-09-30": "1.17", "2010-06-30": "1.16", "2010-03-31": "1.35", "2009-12-31": "1.36", "2009-09-30": "1.36", "2009-06-30": "1.26", "2009-03-31": "1.05", "2008-12-31": "1.20", "2008-09-30": "1.03", "2008-06-30": "2.00", "2008-03-31": "2.39", "2007-12-31": "2.20", "2007-09-30": "2.29", "2007-06-30": "2.19", "2007-03-31": "2.45", "2006-12-31": "2.15", "2006-09-30": "2.01", "2006-06-30": "2.23", "2006-03-31": "2.19"}, "price fcf": {"2021-02-11": "", "2020-09-30": "$4.11", "2020-06-30": "$4.63", "2020-03-31": "$2.60", "2019-12-31": "$4.50", "2019-09-30": "$4.27", "2019-06-30": "$4.73", "2019-03-31": "$5.90", "2018-12-31": "$4.56", "2018-09-30": "$4.55", "2018-06-30": "$3.08", "2018-03-31": "$1.36", "2017-12-31": "$1.97", "2017-09-30": "$2.46", "2017-06-30": "$2.14", "2017-03-31": "$2.64", "2016-12-31": "$3.64", "2016-09-30": "$3.73", "2016-06-30": "$4.49", "2016-03-31": "$5.65", "2015-12-31": "$5.69", "2015-09-30": "$5.69", "2015-06-30": "$5.43", "2015-03-31": "$4.07", "2014-12-31": "$2.22", "2014-09-30": "$0.86", "2014-06-30": "$0.16", "2014-03-31": "$0.03", "2013-12-31": "$-0.27", "2013-09-30": "$-0.70", "2013-06-30": "$0.30", "2013-03-31": "$0.18", "2012-12-31": "$0.95", "2012-09-30": "$2.50", "2012-06-30": "$1.90", "2012-03-31": "$2.24", "2011-12-31": "$1.95", "2011-09-30": "$2.95", "2011-06-30": "$3.45", "2011-03-31": "$1.78", "2010-12-31": "$1.75", "2010-09-30": "$0.47", "2010-06-30": "$-0.15", "2010-03-31": "$2.70", "2009-12-31": "$2.52", "2009-09-30": "$5.31", "2009-06-30": "$5.08", "2009-03-31": "$3.04", "2008-12-31": "$4.92", "2008-09-30": "$2.83", "2008-06-30": "$4.11", "2008-03-31": "$4.74", "2007-12-31": "$4.77", "2007-09-30": "$5.06", "2007-06-30": "$5.40", "2007-03-31": "$6.16", "2006-12-31": "$6.19"}, "net worth": {"value": "$16.51B"}, "current ratio": {"2020-12-31": "3.61", "2020-09-30": "3.78", "2020-06-30": "4.39", "2020-03-31": "3.54", "2019-12-31": "3.34", "2019-09-30": "3.36", "2019-06-30": "3.56", "2019-03-31": "3.37", "2018-12-31": "3.08", "2018-09-30": "3.15", "2018-06-30": "3.06", "2018-03-31": "2.49", "2017-12-31": "2.42", "2017-09-30": "2.11", "2017-06-30": "2.16", "2017-03-31": "2.42", "2016-12-31": "2.72", "2016-09-30": "3.53", "2016-06-30": "3.38", "2016-03-31": "3.88", "2015-12-31": "4.23", "2015-09-30": "3.50", "2015-06-30": "3.64", "2015-03-31": "3.85", "2014-12-31": "3.07", "2014-09-30": "3.15", "2014-06-30": "3.22", "2014-03-31": "3.33", "2013-12-31": "3.27", "2013-09-30": "3.25", "2013-06-30": "2.98", "2013-03-31": "2.79", "2012-12-31": "2.79", "2012-09-30": "2.29", "2012-06-30": "2.35", "2012-03-31": "2.69", "2011-12-31": "2.80", "2011-09-30": "2.92", "2011-06-30": "3.35", "2011-03-31": "3.52", "2010-12-31": "3.90", "2010-09-30": "3.90", "2010-06-30": "3.43", "2010-03-31": "3.54", "2009-12-31": "4.22", "2009-09-30": "3.96", "2009-06-30": "5.19", "2009-03-31": "5.52", "2008-12-31": "3.45", "2008-09-30": "2.45", "2008-06-30": "2.76", "2008-03-31": "2.06", "2007-12-31": "3.21", "2007-09-30": "2.26", "2007-06-30": "2.80", "2007-03-31": "2.64", "2006-12-31": "3.29", "2006-09-30": "2.91", "2006-06-30": "3.10", "2006-03-31": "3.25", "2005-12-31": "3.24", "2005-09-30": "3.02", "2005-06-30": "3.32", "2005-03-31": "3.00"}, "quick ratio": {"2020-12-31": "2.25", "2020-09-30": "2.40", "2020-06-30": "2.68", "2020-03-31": "1.79", "2019-12-31": "1.78", "2019-09-30": "1.78", "2019-06-30": "1.76", "2019-03-31": "1.64", "2018-12-31": "1.46", "2018-09-30": "1.69", "2018-06-30": "1.55", "2018-03-31": "1.19", "2017-12-31": "1.19", "2017-09-30": "1.12", "2017-06-30": "1.16", "2017-03-31": "1.34", "2016-12-31": "1.69", "2016-09-30": "2.30", "2016-06-30": "2.20", "2016-03-31": "2.58", "2015-12-31": "2.61", "2015-09-30": "2.22", "2015-06-30": "2.30", "2015-03-31": "2.27", "2014-12-31": "1.76", "2014-09-30": "1.91", "2014-06-30": "1.86", "2014-03-31": "1.89", "2013-12-31": "1.94", "2013-09-30": "2.02", "2013-06-30": "1.67", "2013-03-31": "1.59", "2012-12-31": "1.65", "2012-09-30": "1.53", "2012-06-30": "1.48", "2012-03-31": "1.81", "2011-12-31": "1.97", "2011-09-30": "2.00", "2011-06-30": "2.24", "2011-03-31": "2.43", "2010-12-31": "2.86", "2010-09-30": "2.78", "2010-06-30": "2.14", "2010-03-31": "2.49", "2009-12-31": "3.15", "2009-09-30": "2.97", "2009-06-30": "3.86", "2009-03-31": "3.52", "2008-12-31": "2.15", "2008-09-30": "1.44", "2008-06-30": "1.92", "2008-03-31": "1.27", "2007-12-31": "2.19", "2007-09-30": "1.29", "2007-06-30": "1.80", "2007-03-31": "1.80", "2006-12-31": "2.49", "2006-09-30": "2.22", "2006-06-30": "2.41", "2006-03-31": "2.57", "2005-12-31": "2.49", "2005-09-30": "2.27", "2005-06-30": "2.19", "2005-03-31": "2.01"}, "debt equity ratio": {"current": "0.47", "2020-12-31": "0.79", "2020-09-30": "0.82", "2020-06-30": "0.77", "2020-03-31": "0.69", "2019-12-31": "0.70", "2019-09-30": "0.70", "2019-06-30": "0.69", "2019-03-31": "0.72", "2018-12-31": "0.76", "2018-09-30": "0.77", "2018-06-30": "0.79", "2018-03-31": "0.73", "2017-12-31": "0.74", "2017-09-30": "0.87", "2017-06-30": "0.85", "2017-03-31": "0.88", "2016-12-31": "0.84", "2016-09-30": "0.87", "2016-06-30": "0.88", "2016-03-31": "0.85", "2015-12-31": "0.83", "2015-09-30": "0.90", "2015-06-30": "0.89", "2015-03-31": "0.88", "2014-12-31": "0.93", "2014-09-30": "0.93", "2014-06-30": "0.93", "2014-03-31": "0.92", "2013-12-31": "0.92", "2013-09-30": "0.92", "2013-06-30": "0.77", "2013-03-31": "0.80", "2012-12-31": "0.80", "2012-09-30": "0.91", "2012-06-30": "0.90", "2012-03-31": "0.90", "2011-12-31": "0.89", "2011-09-30": "0.93", "2011-06-30": "0.92", "2011-03-31": "0.93", "2010-12-31": "0.90", "2010-09-30": "0.79", "2010-06-30": "0.70", "2010-03-31": "0.71", "2009-12-31": "0.66", "2009-09-30": "0.67", "2009-06-30": "0.61", "2009-03-31": "0.60", "2008-12-31": "0.68", "2008-09-30": "0.88", "2008-06-30": "0.89", "2008-03-31": "1.09", "2007-12-31": "0.92", "2007-09-30": "0.70", "2007-06-30": "0.63", "2007-03-31": "0.65", "2006-12-31": "0.63", "2006-09-30": "0.69", "2006-06-30": "0.67", "2006-03-31": "0.64", "2005-12-31": "0.67", "2005-09-30": "0.70", "2005-06-30": "0.68", "2005-03-31": "0.75"}, "return on equity": {"2020-12-31": "6.66%", "2020-09-30": "4.00%", "2020-06-30": "4.74%", "2020-03-31": "7.30%", "2019-12-31": "11.80%", "2019-09-30": "17.05%", "2019-06-30": "21.18%", "2019-03-31": "24.60%", "2018-12-31": "23.85%", "2018-09-30": "21.82%", "2018-06-30": "18.06%", "2018-03-31": "14.59%", "2017-12-31": "14.98%", "2017-09-30": "12.72%", "2017-06-30": "13.60%", "2017-03-31": "12.98%", "2016-12-31": "9.90%", "2016-09-30": "3.74%", "2016-06-30": "2.76%", "2016-03-31": "1.24%", "2015-12-31": "0.98%", "2015-09-30": "7.40%", "2015-06-30": "7.64%", "2015-03-31": "7.94%", "2014-12-31": "8.50%", "2014-09-30": "8.48%", "2014-06-30": "7.28%", "2014-03-31": "6.53%", "2013-12-31": "6.20%", "2013-09-30": "5.77%", "2013-06-30": "5.30%", "2013-03-31": "5.64%", "2012-12-31": "6.42%", "2012-09-30": "6.47%", "2012-06-30": "7.43%", "2012-03-31": "9.88%", "2011-12-31": "10.17%", "2011-09-30": "8.32%", "2011-06-30": "6.28%", "2011-03-31": "3.52%", "2010-12-31": "1.78%", "2010-09-30": "2.70%", "2010-06-30": "1.98%", "2010-03-31": "-1.00%", "2009-12-31": "-3.85%", "2009-09-30": "-3.17%", "2009-06-30": "6.41%", "2009-03-31": "15.21%", "2008-12-31": "24.49%", "2008-09-30": "31.23%", "2008-06-30": "29.61%", "2008-03-31": "29.01%", "2007-12-31": "28.89%", "2007-09-30": "30.14%", "2007-06-30": "33.32%", "2007-03-31": "36.42%", "2006-12-31": "37.51%", "2006-09-30": "37.44%", "2006-06-30": "33.44%", "2006-03-31": "32.01%", "2005-12-31": "32.95%"}, "return on assets": {"2020-12-31": "3.77%", "2020-09-30": "2.29%", "2020-06-30": "2.77%", "2020-03-31": "4.31%", "2019-12-31": "6.92%", "2019-09-30": "9.92%", "2019-06-30": "12.22%", "2019-03-31": "13.99%", "2018-12-31": "13.54%", "2018-09-30": "12.41%", "2018-06-30": "10.13%", "2018-03-31": "8.13%", "2017-12-31": "8.18%", "2017-09-30": "6.84%", "2017-06-30": "7.32%", "2017-03-31": "6.95%", "2016-12-31": "5.32%", "2016-09-30": "2.01%", "2016-06-30": "1.48%", "2016-03-31": "0.66%", "2015-12-31": "0.52%", "2015-09-30": "3.89%", "2015-06-30": "4.00%", "2015-03-31": "4.14%", "2014-12-31": "4.41%", "2014-09-30": "4.40%", "2014-06-30": "3.79%", "2014-03-31": "3.47%", "2013-12-31": "3.35%", "2013-09-30": "3.17%", "2013-06-30": "2.91%", "2013-03-31": "3.05%", "2012-12-31": "3.43%", "2012-09-30": "3.41%", "2012-06-30": "3.90%", "2012-03-31": "5.17%", "2011-12-31": "5.31%", "2011-09-30": "4.34%", "2011-06-30": "3.33%", "2011-03-31": "1.93%", "2010-12-31": "1.00%", "2010-09-30": "1.57%", "2010-06-30": "1.17%", "2010-03-31": "-0.60%", "2009-12-31": "-2.36%", "2009-09-30": "-1.93%", "2009-06-30": "3.79%", "2009-03-31": "8.63%", "2008-12-31": "13.13%", "2008-09-30": "16.15%", "2008-06-30": "15.55%", "2008-03-31": "15.76%", "2007-12-31": "16.74%", "2007-09-30": "18.25%", "2007-06-30": "20.19%", "2007-03-31": "21.96%", "2006-12-31": "22.64%", "2006-09-30": "22.45%", "2006-06-30": "20.04%", "2006-03-31": "19.14%", "2005-12-31": "19.40%"}, "return on investments": {"2020-12-31": "6.30%", "2020-09-30": "6.16%", "2020-06-30": "6.81%", "2020-03-31": "9.16%", "2019-12-31": "12.69%", "2019-09-30": "17.54%", "2019-06-30": "21.40%", "2019-03-31": "24.30%", "2018-12-31": "24.01%", "2018-09-30": "20.82%", "2018-06-30": "17.53%", "2018-03-31": "15.04%", "2017-12-31": "15.49%", "2017-09-30": "15.06%", "2017-06-30": "15.83%", "2017-03-31": "14.79%", "2016-12-31": "11.71%", "2016-09-30": "5.97%", "2016-06-30": "5.04%", "2016-03-31": "3.68%", "2015-12-31": "3.33%", "2015-09-30": "9.30%", "2015-06-30": "9.70%", "2015-03-31": "9.90%", "2014-12-31": "10.56%", "2014-09-30": "10.09%", "2014-06-30": "8.79%", "2014-03-31": "8.22%", "2013-12-31": "7.92%", "2013-09-30": "8.05%", "2013-06-30": "7.80%", "2013-03-31": "8.39%", "2012-12-31": "9.11%", "2012-09-30": "9.07%", "2012-06-30": "9.89%", "2012-03-31": "11.98%", "2011-12-31": "12.25%", "2011-09-30": "10.22%", "2011-06-30": "8.30%", "2011-03-31": "5.73%", "2010-12-31": "4.11%", "2010-09-30": "5.22%", "2010-06-30": "4.54%", "2010-03-31": "1.26%", "2009-12-31": "-1.82%", "2009-09-30": "-0.62%", "2009-06-30": "10.37%", "2009-03-31": "20.54%", "2008-12-31": "31.13%", "2008-09-30": "38.57%", "2008-06-30": "37.94%", "2008-03-31": "39.24%", "2007-12-31": "40.67%", "2007-09-30": "43.63%", "2007-06-30": "47.20%", "2007-03-31": "50.30%", "2006-12-31": "51.28%", "2006-09-30": "50.62%", "2006-06-30": "44.90%", "2006-03-31": "42.60%", "2005-12-31": "43.33%"}, "return on tangible equity": {"2020-09-30": "5.49%", "2020-06-30": "6.52%", "2020-03-31": "10.06%", "2019-12-31": "16.31%", "2019-09-30": "23.75%", "2019-06-30": "29.80%", "2019-03-31": "35.04%", "2018-12-31": "34.52%", "2018-09-30": "32.12%", "2018-06-30": "27.17%", "2018-03-31": "22.34%", "2017-12-31": "23.30%", "2017-09-30": "19.87%", "2017-06-30": "21.16%", "2017-03-31": "20.12%", "2016-12-31": "15.26%", "2016-09-30": "5.77%", "2016-06-30": "4.27%", "2016-03-31": "1.92%", "2015-12-31": "1.53%", "2015-09-30": "11.54%", "2015-06-30": "11.92%", "2015-03-31": "12.36%", "2014-12-31": "13.20%", "2014-09-30": "13.16%", "2014-06-30": "11.37%", "2014-03-31": "10.27%", "2013-12-31": "9.82%", "2013-09-30": "9.20%", "2013-06-30": "8.49%", "2013-03-31": "9.08%", "2012-12-31": "10.19%", "2012-09-30": "10.12%", "2012-06-30": "11.45%", "2012-03-31": "15.02%", "2011-12-31": "15.60%", "2011-09-30": "12.90%", "2011-06-30": "9.81%", "2011-03-31": "5.53%", "2010-12-31": "2.80%", "2010-09-30": "4.23%", "2010-06-30": "3.09%", "2010-03-31": "-1.56%", "2009-12-31": "-5.93%", "2009-09-30": "-4.82%", "2009-06-30": "9.69%", "2009-03-31": "22.88%", "2008-12-31": "38.30%", "2008-09-30": "48.19%", "2008-06-30": "44.68%", "2008-03-31": "41.28%", "2007-12-31": "37.03%", "2007-09-30": "36.06%", "2007-06-30": "37.08%", "2007-03-31": "38.58%", "2006-12-31": "37.81%", "2006-09-30": "37.44%", "2006-06-30": "33.44%", "2006-03-31": "32.01%", "2005-12-31": "32.95%"}, "dividend yield history": {"last payout": "$1.62", "last yield": "2.96%"}}