{"ticker": "NTNX", "price": {"title": "Nutanix Historical Annual Stock Price Data", "value": 33.58, "historical": {"2020": {"Average Stock Price": "24.6862", "Year Open": "31.8800", "Year High": "37.4200", "Year Low": "12.4900", "Year Close": "31.8700", "Annual % Change": "1.95%"}, "2019": {"Average Stock Price": "33.2729", "Year Open": "41.9400", "Year High": "54.1400", "Year Low": "18.2000", "Year Close": "31.2600", "Annual % Change": "-24.84%"}, "2018": {"Average Stock Price": "47.2683", "Year Open": "35.9500", "Year High": "63.7100", "Year Low": "30.3400", "Year Close": "41.5900", "Annual % Change": "17.89%"}, "2017": {"Average Stock Price": "24.1069", "Year Open": "26.3100", "Year High": "36.5700", "Year Low": "14.4600", "Year Close": "35.2800", "Annual % Change": "32.83%"}, "2016": {"Average Stock Price": "29.9317", "Year Open": "37.0000", "Year High": "44.4600", "Year Low": "23.3700", "Year Close": "26.5600", "Annual % Change": "0.00%"}}}, "market cap": {"value": "$6.77B"}, "income statement": {"Revenue": {"2020-07-31": "1307.68200", "2019-07-31": "1236.14300", "2018-07-31": "1155.45700", "2017-07-31": "845.90300", "2016-07-31": "503.41000", "2015-07-31": "241.43200", "2014-07-31": "127.12700", "2013-07-31": "30.53300"}, "Cost Of Goods Sold": {"2020-07-31": "286.68900", "2019-07-31": "304.12800", "2018-07-31": "386.03000", "2017-07-31": "327.33100", "2016-07-31": "170.78700", "2015-07-31": "100.95900", "2014-07-31": "60.91200", "2013-07-31": "26.60400"}, "Gross Profit": {"2020-07-31": "1020.99300", "2019-07-31": "932.01500", "2018-07-31": "769.42700", "2017-07-31": "518.57200", "2016-07-31": "332.62300", "2015-07-31": "140.47300", "2014-07-31": "66.21500", "2013-07-31": "3.92900"}, "Research And Development Expenses": {"2020-07-31": "553.97800", "2019-07-31": "500.71900", "2018-07-31": "313.77700", "2017-07-31": "288.61900", "2016-07-31": "116.40000", "2015-07-31": "73.51000", "2014-07-31": "38.03700", "2013-07-31": "16.49600"}, "SG&A Expenses": {"2020-07-31": "1295.93600", "2019-07-31": "1029.33700", "2018-07-31": "736.05800", "2017-07-31": "578.36200", "2016-07-31": "320.84900", "2015-07-31": "185.72800", "2014-07-31": "106.49700", "2013-07-31": "32.03300"}, "Other Operating Income Or Expenses": {"2020-07-31": "", "2019-07-31": "", "2018-07-31": "", "2017-07-31": "", "2016-07-31": "", "2015-07-31": "", "2014-07-31": "", "2013-07-31": ""}, "Operating Expenses": {"2020-07-31": "2136.60300", "2019-07-31": "1834.18400", "2018-07-31": "1435.86500", "2017-07-31": "1194.31200", "2016-07-31": "608.03600", "2015-07-31": "360.19700", "2014-07-31": "205.44600", "2013-07-31": "75.13300"}, "Operating Income": {"2020-07-31": "-828.92100", "2019-07-31": "-598.04110", "2018-07-31": "-280.40800", "2017-07-31": "-348.40900", "2016-07-31": "-104.62600", "2015-07-31": "-118.76500", "2014-07-31": "-78.31900", "2013-07-31": "-44.60000"}, "Total Non-Operating Income/Expense": {"2020-07-31": "-26.30000", "2019-07-31": "-15.01900", "2018-07-31": "-9.30600", "2017-07-31": "-26.37700", "2016-07-31": "-1.29000", "2015-07-31": "-5.81800", "2014-07-31": "-5.07600", "2013-07-31": "-0.05400"}, "Pre-Tax Income": {"2020-07-31": "-855.22100", "2019-07-31": "-613.06000", "2018-07-31": "-289.71400", "2017-07-31": "-374.78600", "2016-07-31": "-105.91600", "2015-07-31": "-124.58300", "2014-07-31": "-83.39500", "2013-07-31": "-44.65400"}, "Income Taxes": {"2020-07-31": "17.66200", "2019-07-31": "8.11900", "2018-07-31": "7.44700", "2017-07-31": "4.85200", "2016-07-31": "2.31700", "2015-07-31": "1.54400", "2014-07-31": "0.60800", "2013-07-31": "0.08000"}, "Income After Taxes": {"2020-07-31": "-872.88300", "2019-07-31": "-621.17900", "2018-07-31": "-297.16100", "2017-07-31": "-379.63800", "2016-07-31": "-108.23300", "2015-07-31": "-126.12700", "2014-07-31": "-84.00300", "2013-07-31": "-44.73400"}, "Other Income": {"2020-07-31": "", "2019-07-31": "", "2018-07-31": "", "2017-07-31": "", "2016-07-31": "", "2015-07-31": "", "2014-07-31": "", "2013-07-31": ""}, "Income From Continuous Operations": {"2020-07-31": "-872.88300", "2019-07-31": "-621.17900", "2018-07-31": "-297.16100", "2017-07-31": "-379.63800", "2016-07-31": "-108.23300", "2015-07-31": "-126.12700", "2014-07-31": "-84.00300", "2013-07-31": "-44.73400"}, "Income From Discontinued Operations": {"2020-07-31": "", "2019-07-31": "", "2018-07-31": "", "2017-07-31": "", "2016-07-31": "", "2015-07-31": "", "2014-07-31": "", "2013-07-31": ""}, "Net Income": {"2020-07-31": "-872.88300", "2019-07-31": "-621.17900", "2018-07-31": "-297.16100", "2017-07-31": "-379.63800", "2016-07-31": "-108.23300", "2015-07-31": "-126.12700", "2014-07-31": "-84.00300", "2013-07-31": "-44.73400"}, "EBITDA": {"2020-07-31": "-703.83500", "2019-07-31": "-491.11610", "2018-07-31": "-215.42100", "2017-07-31": "-310.01000", "2016-07-31": "-78.21800", "2015-07-31": "-102.19800", "2014-07-31": "-66.73700", "2013-07-31": "-41.97400"}, "EBIT": {"2020-07-31": "-828.92100", "2019-07-31": "-598.04110", "2018-07-31": "-280.40800", "2017-07-31": "-348.40900", "2016-07-31": "-104.62600", "2015-07-31": "-118.76500", "2014-07-31": "-78.31900", "2013-07-31": "-44.60000"}, "Basic Shares Outstanding": {"2020-07-31": "194.71900", "2019-07-31": "181.03100", "2018-07-31": "164.09100", "2017-07-31": "128.29600", "2016-07-31": "43.97000", "2015-07-31": "40.50900", "2014-07-31": "36.52000", "2013-07-31": "32.86600"}, "Shares Outstanding": {"2020-07-31": "194.71900", "2019-07-31": "181.03100", "2018-07-31": "164.09100", "2017-07-31": "128.29600", "2016-07-31": "43.97000", "2015-07-31": "40.50900", "2014-07-31": "36.52000", "2013-07-31": "32.86600"}, "Basic EPS": {"2020-07-31": "-4.48000", "2019-07-31": "-3.43000", "2018-07-31": "-1.81000", "2017-07-31": "-2.96000", "2016-07-31": "-2.46000", "2015-07-31": "-3.11000", "2014-07-31": "-2.30000", "2013-07-31": "-1.36000"}, "EPS - Earnings Per Share": {"2020-07-31": "-4.48000", "2019-07-31": "-3.43000", "2018-07-31": "-1.81000", "2017-07-31": "-2.96000", "2016-07-31": "-2.46000", "2015-07-31": "-3.11000", "2014-07-31": "-2.30000", "2013-07-31": "-1.36000"}}, "income statement, quarterly": {"Revenue": {"2020-10-31": "312.75400", "2020-07-31": "327.87400", "2020-04-30": "318.27300", "2020-01-31": "346.76700", "2019-10-31": "314.76800", "2019-07-31": "299.87590", "2019-04-30": "287.62400", "2019-01-31": "335.36000", "2018-10-31": "313.28300", "2018-07-31": "303.74800", "2018-04-30": "289.41300", "2018-01-31": "286.74400", "2017-10-31": "275.55200", "2017-07-31": "252.45800", "2017-04-30": "205.67000", "2017-01-31": "199.21400", "2016-10-31": "188.56100", "2016-07-31": "198.26700", "2016-04-30": "114.69000", "2016-01-31": "102.69700", "2015-10-31": "87.75600", "2015-07-31": "74.07900", "2015-04-30": "64.50000", "2015-01-31": "56.80000", "2014-10-31": "46.05300", "2014-07-31": "39.12000", "2014-04-30": "36.00000", "2014-01-31": "32.20000", "2013-10-31": "19.80000", "2013-07-31": ""}, "Cost Of Goods Sold": {"2020-10-31": "67.95900", "2020-07-31": "66.97100", "2020-04-30": "72.29400", "2020-01-31": "75.22300", "2019-10-31": "72.20100", "2019-07-31": "68.96300", "2019-04-30": "75.07700", "2019-01-31": "85.98200", "2018-10-31": "74.10600", "2018-07-31": "73.26500", "2018-04-30": "95.61500", "2018-01-31": "108.52800", "2017-10-31": "108.62200", "2017-07-31": "97.51700", "2017-04-30": "83.20600", "2017-01-31": "76.84600", "2016-10-31": "69.76200", "2016-07-31": "54.37900", "2016-04-30": "43.39300", "2016-01-31": "37.93600", "2015-10-31": "35.07900", "2015-07-31": "30.33900", "2015-04-30": "27.00000", "2015-01-31": "23.80000", "2014-10-31": "19.82000", "2014-07-31": "17.41000", "2014-04-30": "17.40000", "2014-01-31": "16.20000", "2013-10-31": "9.90000", "2013-07-31": ""}, "Gross Profit": {"2020-10-31": "244.79500", "2020-07-31": "260.90300", "2020-04-30": "245.97900", "2020-01-31": "271.54400", "2019-10-31": "242.56700", "2019-07-31": "230.91290", "2019-04-30": "212.54700", "2019-01-31": "249.37800", "2018-10-31": "239.17700", "2018-07-31": "230.48300", "2018-04-30": "193.79800", "2018-01-31": "178.21600", "2017-10-31": "166.93000", "2017-07-31": "154.94100", "2017-04-30": "122.46400", "2017-01-31": "122.36800", "2016-10-31": "118.79900", "2016-07-31": "143.88800", "2016-04-30": "71.29700", "2016-01-31": "64.76100", "2015-10-31": "52.67700", "2015-07-31": "43.74000", "2015-04-30": "37.50000", "2015-01-31": "33.00000", "2014-10-31": "26.23300", "2014-07-31": "21.71000", "2014-04-30": "18.60000", "2014-01-31": "16.00000", "2013-10-31": "9.90000", "2013-07-31": ""}, "Research And Development Expenses": {"2020-10-31": "135.80400", "2020-07-31": "135.33800", "2020-04-30": "141.34600", "2020-01-31": "139.08800", "2019-10-31": "138.20600", "2019-07-31": "129.16900", "2019-04-30": "137.98200", "2019-01-31": "123.03700", "2018-10-31": "110.53100", "2018-07-31": "97.05000", "2018-04-30": "81.29100", "2018-01-31": "70.92400", "2017-10-31": "64.51200", "2017-07-31": "67.81700", "2017-04-30": "74.60700", "2017-01-31": "70.91400", "2016-10-31": "75.28100", "2016-07-31": "35.12900", "2016-04-30": "31.39000", "2016-01-31": "26.02400", "2015-10-31": "23.85700", "2015-07-31": "22.70500", "2015-04-30": "19.80000", "2015-01-31": "16.70000", "2014-10-31": "14.30500", "2014-07-31": "13.03000", "2014-04-30": "10.90000", "2014-01-31": "7.70000", "2013-10-31": "6.40000", "2013-07-31": ""}, "SG&A Expenses": {"2020-10-31": "291.06400", "2020-07-31": "296.91700", "2020-04-30": "334.80600", "2020-01-31": "339.51500", "2019-10-31": "324.69800", "2019-07-31": "284.26300", "2019-04-30": "278.74300", "2019-01-31": "242.49500", "2018-10-31": "223.83600", "2018-07-31": "212.66300", "2018-04-30": "194.78900", "2018-01-31": "167.14900", "2017-10-31": "161.45700", "2017-07-31": "151.15400", "2017-04-30": "142.35600", "2017-01-31": "126.85500", "2016-10-31": "157.99700", "2016-07-31": "96.29700", "2016-04-30": "84.61000", "2016-01-31": "73.96800", "2015-10-31": "65.97400", "2015-07-31": "55.51200", "2015-04-30": "49.20000", "2015-01-31": "42.50000", "2014-10-31": "38.51600", "2014-07-31": "35.29000", "2014-04-30": "29.70000", "2014-01-31": "23.10000", "2013-10-31": "18.40000", "2013-07-31": ""}, "Other Operating Income Or Expenses": {"2020-10-31": "", "2020-07-31": "", "2020-04-30": "", "2020-01-31": "", "2019-10-31": "", "2019-07-31": "", "2019-04-30": "", "2019-01-31": "", "2018-10-31": "", "2018-07-31": "", "2018-04-30": "", "2018-01-31": "", "2017-10-31": "", "2017-07-31": "", "2017-04-30": "", "2017-01-31": "", "2016-10-31": "", "2016-07-31": "", "2016-04-30": "", "2016-01-31": "", "2015-10-31": "", "2015-07-31": "", "2015-04-30": "", "2015-01-31": "", "2014-10-31": "", "2014-07-31": "", "2014-04-30": "", "2014-01-31": "", "2013-10-31": "", "2013-07-31": ""}, "Operating Expenses": {"2020-10-31": "494.82700", "2020-07-31": "499.22600", "2020-04-30": "548.44600", "2020-01-31": "553.82600", "2019-10-31": "535.10500", "2019-07-31": "482.39510", "2019-04-30": "491.80200", "2019-01-31": "451.51400", "2018-10-31": "408.47300", "2018-07-31": "382.97790", "2018-04-30": "371.69500", "2018-01-31": "346.60100", "2017-10-31": "334.59100", "2017-07-31": "316.48800", "2017-04-30": "300.16900", "2017-01-31": "274.61500", "2016-10-31": "303.04000", "2016-07-31": "185.80500", "2016-04-30": "159.39300", "2016-01-31": "137.92800", "2015-10-31": "124.91000", "2015-07-31": "108.55600", "2015-04-30": "96.00000", "2015-01-31": "83.00000", "2014-10-31": "72.64100", "2014-07-31": "65.73000", "2014-04-30": "58.00000", "2014-01-31": "47.00000", "2013-10-31": "34.70000", "2013-07-31": ""}, "Operating Income": {"2020-10-31": "-182.07300", "2020-07-31": "-171.35200", "2020-04-30": "-230.17300", "2020-01-31": "-207.05910", "2019-10-31": "-220.33700", "2019-07-31": "-182.51910", "2019-04-30": "-204.17800", "2019-01-31": "-116.15400", "2018-10-31": "-95.19000", "2018-07-31": "-79.22990", "2018-04-30": "-82.28200", "2018-01-31": "-59.85700", "2017-10-31": "-59.03900", "2017-07-31": "-64.02990", "2017-04-30": "-94.49900", "2017-01-31": "-75.40100", "2016-10-31": "-114.47900", "2016-07-31": "12.46200", "2016-04-30": "-44.70300", "2016-01-31": "-35.23100", "2015-10-31": "-37.15400", "2015-07-31": "-34.47700", "2015-04-30": "-31.50000", "2015-01-31": "-26.20000", "2014-10-31": "-26.58800", "2014-07-31": "-26.61000", "2014-04-30": "-22.00000", "2014-01-31": "-14.80000", "2013-10-31": "-14.90000", "2013-07-31": ""}, "Total Non-Operating Income/Expense": {"2020-10-31": "-78.73200", "2020-07-31": "-9.75700", "2020-04-30": "-5.64000", "2020-01-31": "-5.86300", "2019-10-31": "-5.04000", "2019-07-31": "-4.70500", "2019-04-30": "-3.21200", "2019-01-31": "-4.39900", "2018-10-31": "-2.70300", "2018-07-31": "-4.02100", "2018-04-30": "-4.23500", "2018-01-31": "-0.86100", "2017-10-31": "-0.18900", "2017-07-31": "-0.54700", "2017-04-30": "0.30300", "2017-01-31": "-0.42100", "2016-10-31": "-25.71200", "2016-07-31": "-0.95900", "2016-04-30": "-2.10600", "2016-01-31": "2.64600", "2015-10-31": "-0.87100", "2015-07-31": "-2.22800", "2015-04-30": "-0.60000", "2015-01-31": "-1.30000", "2014-10-31": "-1.69000", "2014-07-31": "-2.47000", "2014-04-30": "-1.40000", "2014-01-31": "-0.90000", "2013-10-31": "-0.30000", "2013-07-31": ""}, "Pre-Tax Income": {"2020-10-31": "-260.80500", "2020-07-31": "-181.10900", "2020-04-30": "-235.81300", "2020-01-31": "-212.92200", "2019-10-31": "-225.37700", "2019-07-31": "-187.22400", "2019-04-30": "-207.39000", "2019-01-31": "-120.55300", "2018-10-31": "-97.89300", "2018-07-31": "-83.25100", "2018-04-30": "-86.51700", "2018-01-31": "-60.71800", "2017-10-31": "-59.22800", "2017-07-31": "-64.57700", "2017-04-30": "-94.19600", "2017-01-31": "-75.82200", "2016-10-31": "-140.19100", "2016-07-31": "11.50300", "2016-04-30": "-46.80900", "2016-01-31": "-32.58500", "2015-10-31": "-38.02500", "2015-07-31": "-36.70500", "2015-04-30": "-32.10000", "2015-01-31": "-27.50000", "2014-10-31": "-28.27800", "2014-07-31": "-29.09000", "2014-04-30": "-23.40000", "2014-01-31": "-15.70000", "2013-10-31": "-15.20000", "2013-07-31": ""}, "Income Taxes": {"2020-10-31": "4.24300", "2020-07-31": "4.23900", "2020-04-30": "4.85800", "2020-01-31": "4.64200", "2019-10-31": "3.92300", "2019-07-31": "7.11400", "2019-04-30": "2.42300", "2019-01-31": "2.21000", "2018-10-31": "-3.62800", "2018-07-31": "4.11800", "2018-04-30": "-0.84300", "2018-01-31": "1.91300", "2017-10-31": "2.25900", "2017-07-31": "1.55500", "2017-04-30": "2.63900", "2017-01-31": "0.54700", "2016-10-31": "0.11100", "2016-07-31": "1.16600", "2016-04-30": "0.01100", "2016-01-31": "0.62000", "2015-10-31": "0.52000", "2015-07-31": "0.50000", "2015-04-30": "0.50000", "2015-01-31": "0.30000", "2014-10-31": "0.24400", "2014-07-31": "0.30000", "2014-04-30": "0.10000", "2014-01-31": "0.10000", "2013-10-31": "0.10000", "2013-07-31": ""}, "Income After Taxes": {"2020-10-31": "-265.04800", "2020-07-31": "-185.34800", "2020-04-30": "-240.67100", "2020-01-31": "-217.56400", "2019-10-31": "-229.30000", "2019-07-31": "-194.33800", "2019-04-30": "-209.81300", "2019-01-31": "-122.76300", "2018-10-31": "-94.26500", "2018-07-31": "-87.36900", "2018-04-30": "-85.67400", "2018-01-31": "-62.63100", "2017-10-31": "-61.48700", "2017-07-31": "-66.13200", "2017-04-30": "-96.83500", "2017-01-31": "-76.36900", "2016-10-31": "-140.30200", "2016-07-31": "10.33700", "2016-04-30": "-46.82000", "2016-01-31": "-33.20500", "2015-10-31": "-38.54500", "2015-07-31": "-37.20500", "2015-04-30": "-32.60000", "2015-01-31": "-27.80000", "2014-10-31": "-28.52200", "2014-07-31": "-29.39000", "2014-04-30": "-23.50000", "2014-01-31": "-15.80000", "2013-10-31": "-15.30000", "2013-07-31": ""}, "Other Income": {"2020-10-31": "", "2020-07-31": "", "2020-04-30": "", "2020-01-31": "", "2019-10-31": "", "2019-07-31": "", "2019-04-30": "", "2019-01-31": "", "2018-10-31": "", "2018-07-31": "", "2018-04-30": "", "2018-01-31": "", "2017-10-31": "", "2017-07-31": "", "2017-04-30": "", "2017-01-31": "", "2016-10-31": "", "2016-07-31": "", "2016-04-30": "", "2016-01-31": "", "2015-10-31": "", "2015-07-31": "", "2015-04-30": "", "2015-01-31": "", "2014-10-31": "", "2014-07-31": "0.00000", "2014-04-30": "", "2014-01-31": "", "2013-10-31": "", "2013-07-31": ""}, "Income From Continuous Operations": {"2020-10-31": "-265.04800", "2020-07-31": "-185.34800", "2020-04-30": "-240.67100", "2020-01-31": "-217.56400", "2019-10-31": "-229.30000", "2019-07-31": "-194.33800", "2019-04-30": "-209.81300", "2019-01-31": "-122.76300", "2018-10-31": "-94.26500", "2018-07-31": "-87.36900", "2018-04-30": "-85.67400", "2018-01-31": "-62.63100", "2017-10-31": "-61.48700", "2017-07-31": "-66.13200", "2017-04-30": "-96.83500", "2017-01-31": "-76.36900", "2016-10-31": "-140.30200", "2016-07-31": "10.33700", "2016-04-30": "-46.82000", "2016-01-31": "-33.20500", "2015-10-31": "-38.54500", "2015-07-31": "-37.20500", "2015-04-30": "-32.60000", "2015-01-31": "-27.80000", "2014-10-31": "-28.52200", "2014-07-31": "-29.40000", "2014-04-30": "-23.50000", "2014-01-31": "-15.80000", "2013-10-31": "-15.30000", "2013-07-31": ""}, "Income From Discontinued Operations": {"2020-10-31": "", "2020-07-31": "", "2020-04-30": "", "2020-01-31": "", "2019-10-31": "", "2019-07-31": "", "2019-04-30": "", "2019-01-31": "", "2018-10-31": "", "2018-07-31": "", "2018-04-30": "", "2018-01-31": "", "2017-10-31": "", "2017-07-31": "", "2017-04-30": "", "2017-01-31": "", "2016-10-31": "", "2016-07-31": "", "2016-04-30": "", "2016-01-31": "", "2015-10-31": "", "2015-07-31": "", "2015-04-30": "", "2015-01-31": "", "2014-10-31": "", "2014-07-31": "0.00000", "2014-04-30": "", "2014-01-31": "", "2013-10-31": "", "2013-07-31": ""}, "Net Income": {"2020-10-31": "-265.04800", "2020-07-31": "-185.34800", "2020-04-30": "-240.67100", "2020-01-31": "-217.56400", "2019-10-31": "-229.30000", "2019-07-31": "-194.33800", "2019-04-30": "-209.81300", "2019-01-31": "-122.76300", "2018-10-31": "-94.26500", "2018-07-31": "-87.36900", "2018-04-30": "-85.67400", "2018-01-31": "-62.63100", "2017-10-31": "-61.48700", "2017-07-31": "-66.13200", "2017-04-30": "-96.83500", "2017-01-31": "-76.36900", "2016-10-31": "-140.30200", "2016-07-31": "10.33700", "2016-04-30": "-46.82000", "2016-01-31": "-33.20500", "2015-10-31": "-38.54500", "2015-07-31": "-37.20500", "2015-04-30": "-32.60000", "2015-01-31": "-27.80000", "2014-10-31": "-28.52200", "2014-07-31": "-29.40000", "2014-04-30": "-23.50000", "2014-01-31": "-15.80000", "2013-10-31": "-15.30000", "2013-07-31": ""}, "EBITDA": {"2020-10-31": "-146.86600", "2020-07-31": "-139.27100", "2020-04-30": "-198.10600", "2020-01-31": "-176.21800", "2019-10-31": "-190.24000", "2019-07-31": "-153.13610", "2019-04-30": "-176.05600", "2019-01-31": "-90.06500", "2018-10-31": "-71.85900", "2018-07-31": "-57.90990", "2018-04-30": "-62.36800", "2018-01-31": "-47.43700", "2017-10-31": "-47.70600", "2017-07-31": "-53.56490", "2017-04-30": "-84.73700", "2017-01-31": "-65.80100", "2016-10-31": "-105.90700", "2016-07-31": "19.89500", "2016-04-30": "-37.55000", "2016-01-31": "-28.96600", "2015-10-31": "-31.59700", "2015-07-31": "-22.01000", "2015-04-30": "-31.40000", "2015-01-31": "-25.83400", "2014-10-31": "-22.95400", "2014-07-31": "-18.42800", "2014-04-30": "-21.10000", "2014-01-31": "-14.40000", "2013-10-31": "-12.80000", "2013-07-31": ""}, "EBIT": {"2020-10-31": "-182.07300", "2020-07-31": "-171.35200", "2020-04-30": "-230.17300", "2020-01-31": "-207.05910", "2019-10-31": "-220.33700", "2019-07-31": "-182.51910", "2019-04-30": "-204.17800", "2019-01-31": "-116.15400", "2018-10-31": "-95.19000", "2018-07-31": "-79.22990", "2018-04-30": "-82.28200", "2018-01-31": "-59.85700", "2017-10-31": "-59.03900", "2017-07-31": "-64.03000", "2017-04-30": "-94.49900", "2017-01-31": "-75.40100", "2016-10-31": "-114.47900", "2016-07-31": "12.46200", "2016-04-30": "-44.70300", "2016-01-31": "-35.23100", "2015-10-31": "-37.15400", "2015-07-31": "-34.47700", "2015-04-30": "-31.50000", "2015-01-31": "-26.20000", "2014-10-31": "-26.58800", "2014-07-31": "-26.61000", "2014-04-30": "-22.00000", "2014-01-31": "-14.80000", "2013-10-31": "-14.90000", "2013-07-31": ""}, "Basic Shares Outstanding": {"2020-10-31": "203.09500", "2020-07-31": "194.71900", "2020-04-30": "196.36600", "2020-01-31": "192.72700", "2019-10-31": "189.67100", "2019-07-31": "181.03100", "2019-04-30": "182.96300", "2019-01-31": "179.44500", "2018-10-31": "175.44600", "2018-07-31": "164.09100", "2018-04-30": "166.84600", "2018-01-31": "161.73740", "2017-10-31": "156.78100", "2017-07-31": "128.29600", "2017-04-30": "144.05440", "2017-01-31": "141.99660", "2016-10-31": "74.37400", "2016-07-31": "43.97000", "2016-04-30": "44.44200", "2016-01-31": "43.66700", "2015-10-31": "42.83900", "2015-07-31": "40.50900", "2015-04-30": "", "2015-01-31": "", "2014-10-31": "39.08700", "2014-07-31": "", "2014-04-30": "", "2014-01-31": "", "2013-10-31": "", "2013-07-31": ""}, "Shares Outstanding": {"2020-10-31": "203.09500", "2020-07-31": "194.71900", "2020-04-30": "196.36600", "2020-01-31": "192.72700", "2019-10-31": "189.67100", "2019-07-31": "181.03100", "2019-04-30": "182.96300", "2019-01-31": "179.44500", "2018-10-31": "175.44600", "2018-07-31": "164.09100", "2018-04-30": "166.84600", "2018-01-31": "161.73740", "2017-10-31": "156.78100", "2017-07-31": "128.29600", "2017-04-30": "144.05440", "2017-01-31": "141.99660", "2016-10-31": "74.37400", "2016-07-31": "43.97000", "2016-04-30": "44.44200", "2016-01-31": "43.66700", "2015-10-31": "42.83900", "2015-07-31": "40.50900", "2015-04-30": "", "2015-01-31": "", "2014-10-31": "39.08700", "2014-07-31": "", "2014-04-30": "", "2014-01-31": "", "2013-10-31": "", "2013-07-31": ""}, "Basic EPS": {"2020-10-31": "-1.31000", "2020-07-31": "-0.91000", "2020-04-30": "-1.23000", "2020-01-31": "-1.13000", "2019-10-31": "-1.21000", "2019-07-31": "-1.06000", "2019-04-30": "-1.15000", "2019-01-31": "-0.68000", "2018-10-31": "-0.54000", "2018-07-31": "-0.52000", "2018-04-30": "-0.51000", "2018-01-31": "-0.39000", "2017-10-31": "-0.39000", "2017-07-31": "0.14000", "2017-04-30": "-0.67000", "2017-01-31": "-0.54000", "2016-10-31": "-1.89000", "2016-07-31": "0.25000", "2016-04-30": "-1.05000", "2016-01-31": "-0.76000", "2015-10-31": "-0.90000", "2015-07-31": "-2.38000", "2015-04-30": "", "2015-01-31": "", "2014-10-31": "-0.73000", "2014-07-31": "", "2014-04-30": "", "2014-01-31": "", "2013-10-31": "", "2013-07-31": ""}, "EPS - Earnings Per Share": {"2020-10-31": "-1.31000", "2020-07-31": "-0.91000", "2020-04-30": "-1.23000", "2020-01-31": "-1.13000", "2019-10-31": "-1.21000", "2019-07-31": "-1.06000", "2019-04-30": "-1.15000", "2019-01-31": "-0.68000", "2018-10-31": "-0.54000", "2018-07-31": "-0.52000", "2018-04-30": "-0.51000", "2018-01-31": "-0.39000", "2017-10-31": "-0.39000", "2017-07-31": "0.14000", "2017-04-30": "-0.67000", "2017-01-31": "-0.54000", "2016-10-31": "-1.89000", "2016-07-31": "0.25000", "2016-04-30": "-1.05000", "2016-01-31": "-0.76000", "2015-10-31": "-0.90000", "2015-07-31": "-2.38000", "2015-04-30": "0.00000", "2015-01-31": "0.00000", "2014-10-31": "-0.73000", "2014-07-31": "0.00000", "2014-04-30": "0.00000", "2014-01-31": "0.00000", "2013-10-31": "0.00000", "2013-07-31": "0.00000"}}, "balance sheet": {"Cash On Hand": {"2020-07-31": "719.77800", "2019-07-31": "908.83400", "2018-07-31": "934.30300", "2017-07-31": "349.05300", "2016-07-31": "185.20000", "2015-07-31": "150.53900", "2014-07-31": "57.48500", "2013-07-31": ""}, "Receivables": {"2020-07-31": "242.51600", "2019-07-31": "245.47500", "2018-07-31": "258.28900", "2017-07-31": "178.87600", "2016-07-31": "110.65900", "2015-07-31": "39.25300", "2014-07-31": "30.23500", "2013-07-31": ""}, "Inventory": {"2020-07-31": "", "2019-07-31": "", "2018-07-31": "", "2017-07-31": "", "2016-07-31": "", "2015-07-31": "", "2014-07-31": "", "2013-07-31": ""}, "Pre-Paid Expenses": {"2020-07-31": "63.03200", "2019-07-31": "74.66500", "2018-07-31": "36.81800", "2017-07-31": "28.36200", "2016-07-31": "16.13800", "2015-07-31": "9.58600", "2014-07-31": "5.13100", "2013-07-31": ""}, "Other Current Assets": {"2020-07-31": "", "2019-07-31": "", "2018-07-31": "", "2017-07-31": "", "2016-07-31": "", "2015-07-31": "", "2014-07-31": "", "2013-07-31": ""}, "Total Current Assets": {"2020-07-31": "1094.02000", "2019-07-31": "1275.21200", "2018-07-31": "1263.10100", "2017-07-31": "580.13400", "2016-07-31": "329.86100", "2015-07-31": "209.28300", "2014-07-31": "97.71600", "2013-07-31": ""}, "Property, Plant, And Equipment": {"2020-07-31": "143.17200", "2019-07-31": "136.96200", "2018-07-31": "85.11100", "2017-07-31": "58.07200", "2016-07-31": "42.21800", "2015-07-31": "26.63400", "2014-07-31": "16.39400", "2013-07-31": ""}, "Long-Term Investments": {"2020-07-31": "", "2019-07-31": "", "2018-07-31": "", "2017-07-31": "", "2016-07-31": "", "2015-07-31": "", "2014-07-31": "", "2013-07-31": ""}, "Goodwill And Intangible Assets": {"2020-07-31": "234.65200", "2019-07-31": "251.95300", "2018-07-31": "133.12500", "2017-07-31": "42.67300", "2016-07-31": "", "2015-07-31": "", "2014-07-31": "", "2013-07-31": "0.00000"}, "Other Long-Term Assets": {"2020-07-31": "22.54300", "2019-07-31": "14.44100", "2018-07-31": "37.85500", "2017-07-31": "7.64900", "2016-07-31": "7.97800", "2015-07-31": "6.73900", "2014-07-31": "1.61700", "2013-07-31": ""}, "Total Long-Term Assets": {"2020-07-31": "674.52700", "2019-07-31": "510.83000", "2018-07-31": "336.77900", "2017-07-31": "158.07800", "2016-07-31": "69.22500", "2015-07-31": "40.54800", "2014-07-31": "21.24800", "2013-07-31": ""}, "Total Assets": {"2020-07-31": "1768.54700", "2019-07-31": "1786.04200", "2018-07-31": "1599.88000", "2017-07-31": "738.21200", "2016-07-31": "399.08600", "2015-07-31": "249.83100", "2014-07-31": "118.96400", "2013-07-31": "0.00000"}, "Total Current Liabilities": {"2020-07-31": "760.20300", "2019-07-31": "599.31500", "2018-07-31": "458.23100", "2017-07-31": "311.07600", "2016-07-31": "212.76400", "2015-07-31": "105.31600", "2014-07-31": "49.90700", "2013-07-31": ""}, "Long Term Debt": {"2020-07-31": "490.22200", "2019-07-31": "458.91000", "2018-07-31": "429.59800", "2017-07-31": "", "2016-07-31": "73.26000", "2015-07-31": "", "2014-07-31": "", "2013-07-31": ""}, "Other Non-Current Liabilities": {"2020-07-31": "27.43600", "2019-07-31": "27.54700", "2018-07-31": "29.71300", "2017-07-31": "11.14000", "2016-07-31": "1.10300", "2015-07-31": "0.89200", "2014-07-31": "0.47000", "2013-07-31": ""}, "Total Long Term Liabilities": {"2020-07-31": "1283.32100", "2019-07-31": "999.83400", "2018-07-31": "814.87000", "2017-07-31": "210.07300", "2016-07-31": "252.25800", "2015-07-31": "68.87000", "2014-07-31": "27.75700", "2013-07-31": ""}, "Total Liabilities": {"2020-07-31": "2043.52400", "2019-07-31": "1599.14900", "2018-07-31": "1273.10100", "2017-07-31": "521.14900", "2016-07-31": "465.02200", "2015-07-31": "174.18600", "2014-07-31": "77.66400", "2013-07-31": "0.00000"}, "Common Stock Net": {"2020-07-31": "0.00500", "2019-07-31": "0.00500", "2018-07-31": "0.00400", "2017-07-31": "0.00400", "2016-07-31": "0.00100", "2015-07-31": "0.00100", "2014-07-31": "0.00100", "2013-07-31": "0.00000"}, "Retained Earnings (Accumulated Deficit)": {"2020-07-31": "-2522.19200", "2019-07-31": "-1649.30900", "2018-07-31": "-1028.13000", "2017-07-31": "-730.96900", "2016-07-31": "-441.93300", "2015-07-31": "-273.43400", "2014-07-31": "-147.30700", "2013-07-31": ""}, "Comprehensive Income": {"2020-07-31": "2.03000", "2019-07-31": "0.66900", "2018-07-31": "-1.00200", "2017-07-31": "-0.10600", "2016-07-31": "-0.01200", "2015-07-31": "-0.01400", "2014-07-31": "", "2013-07-31": ""}, "Other Share Holders Equity": {"2020-07-31": "", "2019-07-31": "", "2018-07-31": "", "2017-07-31": "", "2016-07-31": "", "2015-07-31": "", "2014-07-31": "", "2013-07-31": "0.00000"}, "Share Holder Equity": {"2020-07-31": "-274.97700", "2019-07-31": "186.89300", "2018-07-31": "326.77900", "2017-07-31": "217.06300", "2016-07-31": "-65.93600", "2015-07-31": "75.64500", "2014-07-31": "41.30000", "2013-07-31": "0.00000"}, "Total Liabilities And Share Holders Equity": {"2020-07-31": "1768.54700", "2019-07-31": "1786.04200", "2018-07-31": "1599.88000", "2017-07-31": "738.21200", "2016-07-31": "399.08600", "2015-07-31": "249.83100", "2014-07-31": "118.96400", "2013-07-31": "0.00000"}}, "balance sheet, quarterly": {"Cash On Hand": {"2020-10-31": "1318.08500", "2020-07-31": "719.77800", "2020-04-30": "732.13700", "2020-01-31": "819.00000", "2019-10-31": "889.40400", "2019-07-31": "908.83400", "2019-04-30": "940.75200", "2019-01-31": "965.92500", "2018-10-31": "964.97500", "2018-07-31": "934.30300", "2018-04-30": "923.46400", "2018-01-31": "918.25500", "2017-10-31": "365.94500", "2017-07-31": "349.05300", "2017-04-30": "350.34500", "2017-01-31": "355.15300", "2016-10-31": "347.11200", "2016-07-31": "185.20000", "2016-04-30": "191.80000", "2016-01-31": "129.10000", "2015-10-31": "136.17100", "2015-07-31": "150.53900", "2015-04-30": "162.40000", "2015-01-31": "172.70000", "2014-10-31": "186.50000", "2014-07-31": "57.48000", "2014-04-30": "", "2014-01-31": "", "2013-10-31": "", "2013-07-31": ""}, "Receivables": {"2020-10-31": "183.27000", "2020-07-31": "242.51600", "2020-04-30": "236.69000", "2020-01-31": "247.32300", "2019-10-31": "214.88300", "2019-07-31": "245.47500", "2019-04-30": "244.44500", "2019-01-31": "247.60000", "2018-10-31": "237.68200", "2018-07-31": "258.28900", "2018-04-30": "194.32300", "2018-01-31": "179.24100", "2017-10-31": "171.55000", "2017-07-31": "178.87600", "2017-04-30": "170.33500", "2017-01-31": "151.22400", "2016-10-31": "147.70700", "2016-07-31": "110.65900", "2016-04-30": "63.50000", "2016-01-31": "52.60000", "2015-10-31": "48.06900", "2015-07-31": "39.25300", "2015-04-30": "32.60000", "2015-01-31": "35.40000", "2014-10-31": "32.40000", "2014-07-31": "30.23000", "2014-04-30": "", "2014-01-31": "", "2013-10-31": "", "2013-07-31": ""}, "Inventory": {"2020-10-31": "", "2020-07-31": "", "2020-04-30": "", "2020-01-31": "", "2019-10-31": "", "2019-07-31": "", "2019-04-30": "", "2019-01-31": "", "2018-10-31": "", "2018-07-31": "", "2018-04-30": "", "2018-01-31": "", "2017-10-31": "", "2017-07-31": "", "2017-04-30": "", "2017-01-31": "", "2016-10-31": "", "2016-07-31": "", "2016-04-30": "", "2016-01-31": "", "2015-10-31": "", "2015-07-31": "", "2015-04-30": "", "2015-01-31": "", "2014-10-31": "", "2014-07-31": "", "2014-04-30": "", "2014-01-31": "", "2013-10-31": "", "2013-07-31": ""}, "Pre-Paid Expenses": {"2020-10-31": "56.71900", "2020-07-31": "63.03200", "2020-04-30": "63.18900", "2020-01-31": "65.70800", "2019-10-31": "61.65400", "2019-07-31": "74.66500", "2019-04-30": "73.74400", "2019-01-31": "49.45600", "2018-10-31": "39.62100", "2018-07-31": "36.81800", "2018-04-30": "36.61500", "2018-01-31": "31.54700", "2017-10-31": "28.94200", "2017-07-31": "28.36200", "2017-04-30": "44.31300", "2017-01-31": "18.19200", "2016-10-31": "16.30400", "2016-07-31": "16.13800", "2016-04-30": "14.10000", "2016-01-31": "12.30000", "2015-10-31": "10.48200", "2015-07-31": "9.58600", "2015-04-30": "8.00000", "2015-01-31": "5.10000", "2014-10-31": "3.90000", "2014-07-31": "5.13100", "2014-04-30": "", "2014-01-31": "", "2013-10-31": "", "2013-07-31": ""}, "Other Current Assets": {"2020-10-31": "", "2020-07-31": "", "2020-04-30": "", "2020-01-31": "", "2019-10-31": "", "2019-07-31": "", "2019-04-30": "", "2019-01-31": "", "2018-10-31": "", "2018-07-31": "", "2018-04-30": "", "2018-01-31": "", "2017-10-31": "", "2017-07-31": "", "2017-04-30": "", "2017-01-31": "", "2016-10-31": "", "2016-07-31": "", "2016-04-30": "", "2016-01-31": "", "2015-10-31": "", "2015-07-31": "", "2015-04-30": "", "2015-01-31": "", "2014-10-31": "", "2014-07-31": "", "2014-04-30": "", "2014-01-31": "", "2013-10-31": "", "2013-07-31": ""}, "Total Current Assets": {"2020-10-31": "1634.12100", "2020-07-31": "1094.02000", "2020-04-30": "1095.19300", "2020-01-31": "1191.63400", "2019-10-31": "1217.90700", "2019-07-31": "1275.21200", "2019-04-30": "1299.25000", "2019-01-31": "1299.91500", "2018-10-31": "1277.02000", "2018-07-31": "1263.10100", "2018-04-30": "1184.67600", "2018-01-31": "1162.55100", "2017-10-31": "592.90100", "2017-07-31": "580.13400", "2017-04-30": "587.25300", "2017-01-31": "543.79900", "2016-10-31": "530.52100", "2016-07-31": "329.86100", "2016-04-30": "285.60000", "2016-01-31": "208.10000", "2015-10-31": "206.76700", "2015-07-31": "209.28300", "2015-04-30": "210.50000", "2015-01-31": "219.60000", "2014-10-31": "228.00000", "2014-07-31": "97.71000", "2014-04-30": "", "2014-01-31": "", "2013-10-31": "", "2013-07-31": ""}, "Property, Plant, And Equipment": {"2020-10-31": "133.15600", "2020-07-31": "143.17200", "2020-04-30": "149.68800", "2020-01-31": "143.43000", "2019-10-31": "140.47000", "2019-07-31": "136.96200", "2019-04-30": "134.56200", "2019-01-31": "125.92400", "2018-10-31": "104.75000", "2018-07-31": "85.11100", "2018-04-30": "76.32200", "2018-01-31": "69.07400", "2017-10-31": "67.57500", "2017-07-31": "58.07200", "2017-04-30": "53.54500", "2017-01-31": "51.94400", "2016-10-31": "46.32800", "2016-07-31": "42.21800", "2016-04-30": "38.70000", "2016-01-31": "35.30000", "2015-10-31": "30.84300", "2015-07-31": "26.63400", "2015-04-30": "22.00000", "2015-01-31": "20.40000", "2014-10-31": "18.10000", "2014-07-31": "31.67000", "2014-04-30": "", "2014-01-31": "", "2013-10-31": "", "2013-07-31": ""}, "Long-Term Investments": {"2020-10-31": "", "2020-07-31": "", "2020-04-30": "", "2020-01-31": "", "2019-10-31": "", "2019-07-31": "", "2019-04-30": "", "2019-01-31": "", "2018-10-31": "", "2018-07-31": "", "2018-04-30": "", "2018-01-31": "", "2017-10-31": "", "2017-07-31": "", "2017-04-30": "", "2017-01-31": "", "2016-10-31": "", "2016-07-31": "", "2016-04-30": "", "2016-01-31": "", "2015-10-31": "", "2015-07-31": "", "2015-04-30": "", "2015-01-31": "", "2014-10-31": "", "2014-07-31": "", "2014-04-30": "", "2014-01-31": "", "2013-10-31": "", "2013-07-31": ""}, "Goodwill And Intangible Assets": {"2020-10-31": "230.30700", "2020-07-31": "234.65200", "2020-04-30": "238.99800", "2020-01-31": "243.34300", "2019-10-31": "247.68800", "2019-07-31": "251.95300", "2019-04-30": "256.29800", "2019-01-31": "260.29200", "2018-10-31": "264.82400", "2018-07-31": "133.12500", "2018-04-30": "136.11400", "2018-01-31": "40.21100", "2017-10-31": "41.56700", "2017-07-31": "42.67300", "2017-04-30": "43.24500", "2017-01-31": "44.00100", "2016-10-31": "44.60900", "2016-07-31": "", "2016-04-30": "", "2016-01-31": "", "2015-10-31": "", "2015-07-31": "", "2015-04-30": "", "2015-01-31": "", "2014-10-31": "", "2014-07-31": "0.00000", "2014-04-30": "0.00000", "2014-01-31": "0.00000", "2013-10-31": "0.00000", "2013-07-31": "0.00000"}, "Other Long-Term Assets": {"2020-10-31": "24.03500", "2020-07-31": "22.54300", "2020-04-30": "19.34500", "2020-01-31": "19.69800", "2019-10-31": "17.26000", "2019-07-31": "14.44100", "2019-04-30": "12.82000", "2019-01-31": "41.90700", "2018-10-31": "39.12700", "2018-07-31": "37.85500", "2018-04-30": "5.83200", "2018-01-31": "7.24000", "2017-10-31": "7.34700", "2017-07-31": "7.64900", "2017-04-30": "6.22500", "2017-01-31": "5.26100", "2016-10-31": "4.68000", "2016-07-31": "7.97800", "2016-04-30": "6.50000", "2016-01-31": "5.50000", "2015-10-31": "7.69000", "2015-07-31": "6.73900", "2015-04-30": "2.40000", "2015-01-31": "1.80000", "2014-10-31": "1.80000", "2014-07-31": "", "2014-04-30": "", "2014-01-31": "", "2013-10-31": "", "2013-07-31": ""}, "Total Long-Term Assets": {"2020-10-31": "681.75100", "2020-07-31": "674.52700", "2020-04-30": "678.14790", "2020-01-31": "671.68190", "2019-10-31": "648.47900", "2019-07-31": "510.83000", "2019-04-30": "502.56900", "2019-01-31": "521.22300", "2018-10-31": "496.06600", "2018-07-31": "336.77900", "2018-04-30": "290.72200", "2018-01-31": "182.64500", "2017-10-31": "172.00900", "2017-07-31": "158.07800", "2017-04-30": "131.05400", "2017-01-31": "126.91800", "2016-10-31": "117.74200", "2016-07-31": "69.22500", "2016-04-30": "60.30000", "2016-01-31": "53.00000", "2015-10-31": "48.09700", "2015-07-31": "40.54800", "2015-04-30": "30.00000", "2015-01-31": "26.80000", "2014-10-31": "23.70000", "2014-07-31": "31.67000", "2014-04-30": "", "2014-01-31": "", "2013-10-31": "", "2013-07-31": ""}, "Total Assets": {"2020-10-31": "2315.87200", "2020-07-31": "1768.54700", "2020-04-30": "1773.34100", "2020-01-31": "1863.31600", "2019-10-31": "1866.38600", "2019-07-31": "1786.04200", "2019-04-30": "1801.81900", "2019-01-31": "1821.13800", "2018-10-31": "1773.08600", "2018-07-31": "1599.88000", "2018-04-30": "1475.39800", "2018-01-31": "1345.19600", "2017-10-31": "764.91000", "2017-07-31": "738.21200", "2017-04-30": "718.30700", "2017-01-31": "670.71700", "2016-10-31": "648.26300", "2016-07-31": "399.08600", "2016-04-30": "345.90000", "2016-01-31": "261.10000", "2015-10-31": "254.86400", "2015-07-31": "249.83100", "2015-04-30": "240.50000", "2015-01-31": "246.40000", "2014-10-31": "251.70000", "2014-07-31": "118.96000", "2014-04-30": "0.00000", "2014-01-31": "0.00000", "2013-10-31": "0.00000", "2013-07-31": "0.00000"}, "Total Current Liabilities": {"2020-10-31": "779.57800", "2020-07-31": "760.20300", "2020-04-30": "713.38400", "2020-01-31": "724.65300", "2019-10-31": "655.23000", "2019-07-31": "599.31500", "2019-04-30": "539.08000", "2019-01-31": "509.35300", "2018-10-31": "470.93000", "2018-07-31": "458.23100", "2018-04-30": "388.04100", "2018-01-31": "374.55200", "2017-10-31": "318.95300", "2017-07-31": "311.07600", "2017-04-30": "356.73900", "2017-01-31": "294.53500", "2016-10-31": "258.08400", "2016-07-31": "212.76400", "2016-04-30": "152.90000", "2016-01-31": "128.90000", "2015-10-31": "116.49300", "2015-07-31": "105.31600", "2015-04-30": "79.40000", "2015-01-31": "66.50000", "2014-10-31": "57.90000", "2014-07-31": "49.90000", "2014-04-30": "", "2014-01-31": "", "2013-10-31": "", "2013-07-31": ""}, "Long Term Debt": {"2020-10-31": "994.63700", "2020-07-31": "490.22200", "2020-04-30": "482.19900", "2020-01-31": "474.30800", "2019-10-31": "466.54500", "2019-07-31": "458.91000", "2019-04-30": "451.39900", "2019-01-31": "444.01200", "2018-10-31": "436.74500", "2018-07-31": "429.59800", "2018-04-30": "422.56700", "2018-01-31": "415.65100", "2017-10-31": "", "2017-07-31": "", "2017-04-30": "", "2017-01-31": "", "2016-10-31": "", "2016-07-31": "73.26000", "2016-04-30": "73.20000", "2016-01-31": "", "2015-10-31": "", "2015-07-31": "", "2015-04-30": "", "2015-01-31": "", "2014-10-31": "", "2014-07-31": "", "2014-04-30": "", "2014-01-31": "", "2013-10-31": "", "2013-07-31": ""}, "Other Non-Current Liabilities": {"2020-10-31": "328.97600", "2020-07-31": "27.43600", "2020-04-30": "19.57800", "2020-01-31": "17.13300", "2019-10-31": "16.82700", "2019-07-31": "27.54700", "2019-04-30": "29.06400", "2019-01-31": "39.80700", "2018-10-31": "39.48700", "2018-07-31": "29.71300", "2018-04-30": "14.09000", "2018-01-31": "7.81500", "2017-10-31": "10.55400", "2017-07-31": "11.14000", "2017-04-30": "9.16300", "2017-01-31": "8.42900", "2016-10-31": "7.04400", "2016-07-31": "1.10300", "2016-04-30": "0.70000", "2016-01-31": "1.10000", "2015-10-31": "1.09700", "2015-07-31": "0.89200", "2015-04-30": "0.70000", "2015-01-31": "0.50000", "2014-10-31": "0.50000", "2014-07-31": "", "2014-04-30": "", "2014-01-31": "", "2013-10-31": "", "2013-07-31": ""}, "Total Long Term Liabilities": {"2020-10-31": "2093.64900", "2020-07-31": "1283.32100", "2020-04-30": "1243.99600", "2020-01-31": "1204.76500", "2019-10-31": "1147.62700", "2019-07-31": "999.83400", "2019-04-30": "957.29300", "2019-01-31": "926.25400", "2018-10-31": "870.83700", "2018-07-31": "814.87000", "2018-04-30": "732.77600", "2018-01-31": "670.16500", "2017-10-31": "229.37700", "2017-07-31": "210.07300", "2017-04-30": "266.33000", "2017-01-31": "244.29900", "2016-10-31": "218.51600", "2016-07-31": "252.25800", "2016-04-30": "214.80000", "2016-01-31": "113.40000", "2015-10-31": "93.33800", "2015-07-31": "68.87000", "2015-04-30": "54.90000", "2015-01-31": "46.90000", "2014-10-31": "38.30000", "2014-07-31": "10.85000", "2014-04-30": "", "2014-01-31": "", "2013-10-31": "", "2013-07-31": ""}, "Total Liabilities": {"2020-10-31": "2873.22700", "2020-07-31": "2043.52400", "2020-04-30": "1957.38000", "2020-01-31": "1929.41800", "2019-10-31": "1802.85700", "2019-07-31": "1599.14900", "2019-04-30": "1496.37300", "2019-01-31": "1435.60700", "2018-10-31": "1341.76700", "2018-07-31": "1273.10100", "2018-04-30": "1120.81700", "2018-01-31": "1044.71700", "2017-10-31": "548.33000", "2017-07-31": "521.14900", "2017-04-30": "623.06900", "2017-01-31": "538.83400", "2016-10-31": "476.60000", "2016-07-31": "465.02200", "2016-04-30": "367.70000", "2016-01-31": "242.30000", "2015-10-31": "209.83100", "2015-07-31": "174.18600", "2015-04-30": "134.30000", "2015-01-31": "113.40000", "2014-10-31": "96.20000", "2014-07-31": "77.66000", "2014-04-30": "0.00000", "2014-01-31": "0.00000", "2013-10-31": "0.00000", "2013-07-31": "0.00000"}, "Common Stock Net": {"2020-10-31": "0.00500", "2020-07-31": "0.00500", "2020-04-30": "0.00500", "2020-01-31": "0.00500", "2019-10-31": "0.00500", "2019-07-31": "0.00500", "2019-04-30": "0.00500", "2019-01-31": "0.00400", "2018-10-31": "0.00400", "2018-07-31": "0.00400", "2018-04-30": "0.00400", "2018-01-31": "0.00400", "2017-10-31": "0.00400", "2017-07-31": "0.00400", "2017-04-30": "0.00400", "2017-01-31": "0.00400", "2016-10-31": "0.00400", "2016-07-31": "0.00100", "2016-04-30": "", "2016-01-31": "", "2015-10-31": "0.00100", "2015-07-31": "0.00100", "2015-04-30": "", "2015-01-31": "", "2014-10-31": "", "2014-07-31": "", "2014-04-30": "0.00000", "2014-01-31": "0.00000", "2013-10-31": "0.00000", "2013-07-31": "0.00000"}, "Retained Earnings (Accumulated Deficit)": {"2020-10-31": "-2858.14300", "2020-07-31": "-2522.19200", "2020-04-30": "-2336.84400", "2020-01-31": "-2096.17300", "2019-10-31": "-1878.60900", "2019-07-31": "-1649.30900", "2019-04-30": "-1454.97100", "2019-01-31": "-1245.15800", "2018-10-31": "-1122.39500", "2018-07-31": "-1028.13000", "2018-04-30": "-940.76100", "2018-01-31": "-855.08700", "2017-10-31": "-792.45600", "2017-07-31": "-730.96900", "2017-04-30": "-809.17700", "2017-01-31": "-697.20000", "2016-10-31": "-603.98800", "2016-07-31": "-441.93300", "2016-04-30": "", "2016-01-31": "", "2015-10-31": "-311.97900", "2015-07-31": "-273.43400", "2015-04-30": "", "2015-01-31": "", "2014-10-31": "", "2014-07-31": "-147.30000", "2014-04-30": "", "2014-01-31": "", "2013-10-31": "", "2013-07-31": ""}, "Comprehensive Income": {"2020-10-31": "0.88000", "2020-07-31": "2.03000", "2020-04-30": "1.62500", "2020-01-31": "1.13800", "2019-10-31": "1.23400", "2019-07-31": "0.66900", "2019-04-30": "0.32900", "2019-01-31": "-0.14900", "2018-10-31": "-1.16800", "2018-07-31": "-1.00200", "2018-04-30": "-1.23700", "2018-01-31": "-0.72000", "2017-10-31": "-0.23600", "2017-07-31": "-0.10600", "2017-04-30": "-0.09600", "2017-01-31": "-0.17000", "2016-10-31": "-0.02000", "2016-07-31": "-0.01200", "2016-04-30": "", "2016-01-31": "", "2015-10-31": "0.01100", "2015-07-31": "-0.01400", "2015-04-30": "", "2015-01-31": "", "2014-10-31": "", "2014-07-31": "", "2014-04-30": "", "2014-01-31": "", "2013-10-31": "", "2013-07-31": ""}, "Other Share Holders Equity": {"2020-10-31": "", "2020-07-31": "", "2020-04-30": "", "2020-01-31": "", "2019-10-31": "", "2019-07-31": "", "2019-04-30": "", "2019-01-31": "", "2018-10-31": "", "2018-07-31": "", "2018-04-30": "", "2018-01-31": "", "2017-10-31": "", "2017-07-31": "", "2017-04-30": "", "2017-01-31": "", "2016-10-31": "", "2016-07-31": "", "2016-04-30": "", "2016-01-31": "", "2015-10-31": "", "2015-07-31": "", "2015-04-30": "", "2015-01-31": "", "2014-10-31": "", "2014-07-31": "0.00000", "2014-04-30": "0.00000", "2014-01-31": "0.00000", "2013-10-31": "0.00000", "2013-07-31": "0.00000"}, "Share Holder Equity": {"2020-10-31": "-557.35500", "2020-07-31": "-274.97700", "2020-04-30": "-184.03900", "2020-01-31": "-66.10200", "2019-10-31": "63.52900", "2019-07-31": "186.89300", "2019-04-30": "305.44600", "2019-01-31": "385.53100", "2018-10-31": "431.31900", "2018-07-31": "326.77900", "2018-04-30": "354.58100", "2018-01-31": "300.47900", "2017-10-31": "216.58000", "2017-07-31": "217.06300", "2017-04-30": "95.23800", "2017-01-31": "131.88300", "2016-10-31": "171.66300", "2016-07-31": "-65.93600", "2016-04-30": "-21.80000", "2016-01-31": "18.80000", "2015-10-31": "45.03300", "2015-07-31": "75.64500", "2015-04-30": "106.20000", "2015-01-31": "133.00000", "2014-10-31": "155.50000", "2014-07-31": "41.30000", "2014-04-30": "0.00000", "2014-01-31": "0.00000", "2013-10-31": "0.00000", "2013-07-31": "0.00000"}, "Total Liabilities And Share Holders Equity": {"2020-10-31": "2315.87200", "2020-07-31": "1768.54700", "2020-04-30": "1773.34100", "2020-01-31": "1863.31600", "2019-10-31": "1866.38600", "2019-07-31": "1786.04200", "2019-04-30": "1801.81900", "2019-01-31": "1821.13800", "2018-10-31": "1773.08600", "2018-07-31": "1599.88000", "2018-04-30": "1475.39800", "2018-01-31": "1345.19600", "2017-10-31": "764.91000", "2017-07-31": "738.21200", "2017-04-30": "718.30700", "2017-01-31": "670.71700", "2016-10-31": "648.26300", "2016-07-31": "399.08600", "2016-04-30": "345.90000", "2016-01-31": "261.10000", "2015-10-31": "254.86400", "2015-07-31": "249.83100", "2015-04-30": "240.50000", "2015-01-31": "246.40000", "2014-10-31": "251.70000", "2014-07-31": "", "2014-04-30": "0.00000", "2014-01-31": "0.00000", "2013-10-31": "0.00000", "2013-07-31": "0.00000"}}, "cash flow statement": {"Net Income/Loss": {"2020-07-31": "-872.88300", "2019-07-31": "-621.17900", "2018-07-31": "-297.16100", "2017-07-31": "-379.63800", "2016-07-31": "-108.23300", "2015-07-31": "-126.12700", "2014-07-31": "-84.00300", "2013-07-31": "-44.73400"}, "Total Depreciation And Amortization - Cash Flow": {"2020-07-31": "125.08600", "2019-07-31": "106.92500", "2018-07-31": "64.98700", "2017-07-31": "38.39900", "2016-07-31": "26.40800", "2015-07-31": "16.56700", "2014-07-31": "11.58200", "2013-07-31": "2.62600"}, "Other Non-Cash Items": {"2020-07-31": "385.69800", "2019-07-31": "303.11100", "2018-07-31": "174.48300", "2017-07-31": "258.63200", "2016-07-31": "18.18100", "2015-07-31": "23.79900", "2014-07-31": "10.56400", "2013-07-31": "5.07600"}, "Total Non-Cash Items": {"2020-07-31": "510.78400", "2019-07-31": "410.03600", "2018-07-31": "239.47000", "2017-07-31": "297.03100", "2016-07-31": "44.58900", "2015-07-31": "40.36600", "2014-07-31": "22.14600", "2013-07-31": "7.70200"}, "Change In Accounts Receivable": {"2020-07-31": "4.33400", "2019-07-31": "15.70400", "2018-07-31": "-79.27300", "2017-07-31": "-67.38200", "2016-07-31": "-71.40600", "2015-07-31": "-9.01800", "2014-07-31": "-21.17700", "2013-07-31": "-6.25600"}, "Change In Inventories": {"2020-07-31": "", "2019-07-31": "", "2018-07-31": "", "2017-07-31": "", "2016-07-31": "", "2015-07-31": "", "2014-07-31": "", "2013-07-31": ""}, "Change In Accounts Payable": {"2020-07-31": "-16.57400", "2019-07-31": "13.50800", "2018-07-31": "-16.46900", "2017-07-31": "21.28000", "2016-07-31": "19.98500", "2015-07-31": "11.31800", "2014-07-31": "12.55200", "2013-07-31": "1.88000"}, "Change In Assets/Liabilities": {"2020-07-31": "192.28900", "2019-07-31": "227.14700", "2018-07-31": "183.80100", "2017-07-31": "105.68500", "2016-07-31": "109.20100", "2015-07-31": "51.14000", "2014-07-31": "17.58300", "2013-07-31": "6.78900"}, "Total Change In Assets/Liabilities": {"2020-07-31": "202.21400", "2019-07-31": "253.31100", "2018-07-31": "150.23100", "2017-07-31": "97.38600", "2016-07-31": "67.28000", "2015-07-31": "60.06700", "2014-07-31": "16.15000", "2013-07-31": "7.92200"}, "Cash Flow From Operating Activities": {"2020-07-31": "-159.88500", "2019-07-31": "42.16800", "2018-07-31": "92.54000", "2017-07-31": "14.77900", "2016-07-31": "3.63600", "2015-07-31": "-25.69400", "2014-07-31": "-45.70700", "2013-07-31": "-29.11000"}, "Net Change In Property, Plant, And Equipment": {"2020-07-31": "-89.48800", "2019-07-31": "-118.45200", "2018-07-31": "-62.37200", "2017-07-31": "-50.18100", "2016-07-31": "-42.29400", "2015-07-31": "-23.30800", "2014-07-31": "-19.03200", "2013-07-31": "-9.33900"}, "Net Change In Intangible Assets": {"2020-07-31": "", "2019-07-31": "", "2018-07-31": "", "2017-07-31": "", "2016-07-31": "", "2015-07-31": "", "2014-07-31": "", "2013-07-31": ""}, "Net Acquisitions/Divestitures": {"2020-07-31": "", "2019-07-31": "-19.01700", "2018-07-31": "-22.22700", "2017-07-31": "-0.18400", "2016-07-31": "", "2015-07-31": "", "2014-07-31": "", "2013-07-31": ""}, "Net Change In Short-term Investments": {"2020-07-31": "", "2019-07-31": "", "2018-07-31": "", "2017-07-31": "", "2016-07-31": "", "2015-07-31": "", "2014-07-31": "", "2013-07-31": ""}, "Net Change In Long-Term Investments": {"2020-07-31": "114.04710", "2019-07-31": "120.61900", "2018-07-31": "-418.95600", "2017-07-31": "-125.72900", "2016-07-31": "-4.21000", "2015-07-31": "-83.35900", "2014-07-31": "", "2013-07-31": ""}, "Net Change In Investments - Total": {"2020-07-31": "114.04710", "2019-07-31": "120.61900", "2018-07-31": "-418.95600", "2017-07-31": "-125.72900", "2016-07-31": "-4.21000", "2015-07-31": "-83.35900", "2014-07-31": "", "2013-07-31": ""}, "Investing Activities - Other": {"2020-07-31": "", "2019-07-31": "", "2018-07-31": "", "2017-07-31": "", "2016-07-31": "", "2015-07-31": "", "2014-07-31": "", "2013-07-31": ""}, "Cash Flow From Investing Activities": {"2020-07-31": "24.55900", "2019-07-31": "-16.85000", "2018-07-31": "-503.55500", "2017-07-31": "-176.09400", "2016-07-31": "-46.50400", "2015-07-31": "-106.66700", "2014-07-31": "-19.03200", "2013-07-31": "-9.33900"}, "Net Long-Term Debt": {"2020-07-31": "", "2019-07-31": "-1.06600", "2018-07-31": "418.71600", "2017-07-31": "-82.12400", "2016-07-31": "73.25500", "2015-07-31": "", "2014-07-31": "", "2013-07-31": ""}, "Net Current Debt": {"2020-07-31": "", "2019-07-31": "", "2018-07-31": "", "2017-07-31": "", "2016-07-31": "", "2015-07-31": "", "2014-07-31": "-0.06000", "2013-07-31": ""}, "Debt Issuance/Retirement Net - Total": {"2020-07-31": "", "2019-07-31": "-1.06600", "2018-07-31": "418.71600", "2017-07-31": "-82.12400", "2016-07-31": "73.25500", "2015-07-31": "", "2014-07-31": "-0.06000", "2013-07-31": ""}, "Net Common Equity Issued/Repurchased": {"2020-07-31": "57.79700", "2019-07-31": "69.21000", "2018-07-31": "159.98500", "2017-07-31": "286.70900", "2016-07-31": "3.14900", "2015-07-31": "4.75000", "2014-07-31": "3.53000", "2013-07-31": "4.17200"}, "Net Total Equity Issued/Repurchased": {"2020-07-31": "57.79700", "2019-07-31": "69.21000", "2018-07-31": "159.98500", "2017-07-31": "286.70900", "2016-07-31": "3.14900", "2015-07-31": "143.05400", "2014-07-31": "104.23700", "2013-07-31": "37.06800"}, "Total Common And Preferred Stock Dividends Paid": {"2020-07-31": "", "2019-07-31": "", "2018-07-31": "", "2017-07-31": "", "2016-07-31": "", "2015-07-31": "", "2014-07-31": "", "2013-07-31": ""}, "Financial Activities - Other": {"2020-07-31": "", "2019-07-31": "-1.04000", "2018-07-31": "-0.08500", "2017-07-31": "-3.16300", "2016-07-31": "-2.20600", "2015-07-31": "-0.29900", "2014-07-31": "", "2013-07-31": ""}, "Cash Flow From Financial Activities": {"2020-07-31": "57.79700", "2019-07-31": "67.10400", "2018-07-31": "578.61600", "2017-07-31": "201.42200", "2016-07-31": "74.19800", "2015-07-31": "142.75500", "2014-07-31": "104.17700", "2013-07-31": "37.06800"}, "Net Cash Flow": {"2020-07-31": "-77.52900", "2019-07-31": "92.42200", "2018-07-31": "167.60100", "2017-07-31": "40.10700", "2016-07-31": "31.33000", "2015-07-31": "10.39400", "2014-07-31": "39.43800", "2013-07-31": "-1.38100"}, "Stock-Based Compensation": {"2020-07-31": "351.99800", "2019-07-31": "306.72900", "2018-07-31": "177.86800", "2017-07-31": "231.49100", "2016-07-31": "20.05600", "2015-07-31": "17.14000", "2014-07-31": "5.86000", "2013-07-31": "4.99000"}, "Common Stock Dividends Paid": {"2020-07-31": "", "2019-07-31": "", "2018-07-31": "", "2017-07-31": "", "2016-07-31": "", "2015-07-31": "", "2014-07-31": "", "2013-07-31": ""}}, "cash flow statement, quarterly": {"Net Income/Loss": {"2020-10-31": "-265.04800", "2020-07-31": -185.348, "2020-04-30": -240.671, "2020-01-31": -217.564, "2019-10-31": "-229.30000", "2019-07-31": -194.338, "2019-04-30": -209.813, "2019-01-31": -122.763, "2018-10-31": "-94.26500", "2018-07-31": -87.369, "2018-04-30": -85.674, "2018-01-31": -62.631, "2017-10-31": "-61.48700", "2017-07-31": -66.132, "2017-04-30": -96.835, "2017-01-31": -76.369, "2016-10-31": "-140.30200", "2016-07-31": 10.337, "2016-04-30": -46.82, "2016-01-31": -33.205, "2015-10-31": "-38.54500", "2015-07-31": -93.527, "2015-04-30": -4.8, "2015-01-31": 0.722, "2014-10-31": "-28.52200", "2014-07-31": 23.5, "2014-04-30": -7.7, "2014-01-31": -0.5, "2013-10-31": "-15.30000", "2013-07-31": -44.73}, "Total Depreciation And Amortization - Cash Flow": {"2020-10-31": "35.20700", "2020-07-31": 32.081, "2020-04-30": 32.067, "2020-01-31": 30.841, "2019-10-31": "30.09700", "2019-07-31": 29.383, "2019-04-30": 28.122, "2019-01-31": 26.089, "2018-10-31": "23.33100", "2018-07-31": 21.32, "2018-04-30": 19.914, "2018-01-31": 12.42, "2017-10-31": "11.33300", "2017-07-31": 10.465, "2017-04-30": 9.762, "2017-01-31": 9.6, "2016-10-31": "8.57200", "2016-07-31": 7.433, "2016-04-30": 7.153, "2016-01-31": 6.265, "2015-10-31": "5.55700", "2015-07-31": 12.467, "2015-04-30": 0.1, "2015-01-31": 0.366, "2014-10-31": "3.63400", "2014-07-31": -3.4, "2014-04-30": 0.9, "2014-01-31": 0.4, "2013-10-31": "2.10000", "2013-07-31": 2.62}, "Other Non-Cash Items": {"2020-10-31": "168.73000", "2020-07-31": 101.252, "2020-04-30": 100.1, "2020-01-31": 96.146, "2019-10-31": "88.20000", "2019-07-31": 72.458, "2019-04-30": 94.079, "2019-01-31": 72.207, "2018-10-31": "64.36700", "2018-07-31": 55.568, "2018-04-30": 45.203, "2018-01-31": 37.784, "2017-10-31": "35.92800", "2017-07-31": 39.716, "2017-04-30": 50.199, "2017-01-31": 53.167, "2016-10-31": "115.55000", "2016-07-31": 3.555, "2016-04-30": 6.521, "2016-01-31": 2.276, "2015-10-31": "5.82900", "2015-07-31": 18.099, "2015-04-30": 0.2, "2015-01-31": 0.573, "2014-10-31": "4.92700", "2014-07-31": 7.764, "2014-04-30": 1.1, "2014-01-31": 0.7, "2013-10-31": "1.00000", "2013-07-31": 0}, "Total Non-Cash Items": {"2020-10-31": "203.93700", "2020-07-31": 133.333, "2020-04-30": 132.167, "2020-01-31": 126.987, "2019-10-31": "118.29700", "2019-07-31": 101.841, "2019-04-30": 122.201, "2019-01-31": 98.296, "2018-10-31": "87.69800", "2018-07-31": 76.888, "2018-04-30": 65.117, "2018-01-31": 50.204, "2017-10-31": "47.26100", "2017-07-31": 50.181, "2017-04-30": 59.961, "2017-01-31": 62.767, "2016-10-31": "124.12200", "2016-07-31": 10.988, "2016-04-30": 13.674, "2016-01-31": 8.541, "2015-10-31": "11.38600", "2015-07-31": 30.566, "2015-04-30": 0.3, "2015-01-31": 0.939, "2014-10-31": "8.56100", "2014-07-31": 15.946, "2014-04-30": 2, "2014-01-31": 1.1, "2013-10-31": "3.10000", "2013-07-31": 2.62}, "Change In Accounts Receivable": {"2020-10-31": "60.09400", "2020-07-31": -4.693, "2020-04-30": 10.875, "2020-01-31": -32.44, "2019-10-31": "30.59200", "2019-07-31": -1.03, "2019-04-30": 3.155, "2019-01-31": -9.918, "2018-10-31": "23.49700", "2018-07-31": -63.966, "2018-04-30": -14.817, "2018-01-31": -7.816, "2017-10-31": "7.32600", "2017-07-31": -8.541, "2017-04-30": -19.111, "2017-01-31": -3.517, "2016-10-31": "-36.21300", "2016-07-31": -47.111, "2016-04-30": -10.921, "2016-01-31": -4.558, "2015-10-31": "-8.81600", "2015-07-31": -11.718, "2015-04-30": 5.7, "2015-01-31": -0.84, "2014-10-31": "-2.16000", "2014-07-31": -18.477, "2014-04-30": 6.4, "2014-01-31": -7.6, "2013-10-31": "-1.50000", "2013-07-31": 0}, "Change In Inventories": {"2020-10-31": "", "2020-07-31": 0, "2020-04-30": 0, "2020-01-31": 0, "2019-10-31": "", "2019-07-31": 0, "2019-04-30": 0, "2019-01-31": 0, "2018-10-31": "", "2018-07-31": 0, "2018-04-30": 0, "2018-01-31": 0, "2017-10-31": "", "2017-07-31": 0, "2017-04-30": 0, "2017-01-31": 0, "2016-10-31": "", "2016-07-31": 0, "2016-04-30": 0, "2016-01-31": 0, "2015-10-31": "", "2015-07-31": 0, "2015-04-30": 0, "2015-01-31": 0, "2014-10-31": "", "2014-07-31": 0, "2014-04-30": 0, "2014-01-31": 0, "2013-10-31": "", "2013-07-31": 0}, "Change In Accounts Payable": {"2020-10-31": "-4.07500", "2020-07-31": -10.899, "2020-04-30": -2.247, "2020-01-31": -8.636, "2019-10-31": "5.20800", "2019-07-31": -4.953, "2019-04-30": 10.907, "2019-01-31": 6.262, "2018-10-31": "1.29200", "2018-07-31": -10.062, "2018-04-30": 10.153, "2018-01-31": -10.056, "2017-10-31": "-6.50400", "2017-07-31": -11.188, "2017-04-30": 21.126, "2017-01-31": 6.29, "2016-10-31": "5.05200", "2016-07-31": 23.536, "2016-04-30": 4.483, "2016-01-31": -2.17, "2015-10-31": "-5.86400", "2015-07-31": 13.018, "2015-04-30": -5.1, "2015-01-31": 2.56, "2014-10-31": "0.84000", "2014-07-31": 7.352, "2014-04-30": 6.3, "2014-01-31": -4.9, "2013-10-31": "3.80000", "2013-07-31": 0}, "Change In Assets/Liabilities": {"2020-10-31": "-7.78400", "2020-07-31": 36.283, "2020-04-30": 48.863, "2020-01-31": 47.545, "2019-10-31": "59.59800", "2019-07-31": 50.326, "2019-04-30": 60.639, "2019-01-31": 57.449, "2018-10-31": "58.73300", "2018-07-31": 47.626, "2018-04-30": 56.164, "2018-01-31": 48.996, "2017-10-31": "31.01500", "2017-07-31": 42.152, "2017-04-30": -5.061, "2017-01-31": 21.328, "2016-10-31": "47.26600", "2016-07-31": -2.212, "2016-04-30": 37.295, "2016-01-31": 38.533, "2015-10-31": "35.58500", "2015-07-31": 38.64, "2015-04-30": 1.2, "2015-01-31": -3.584, "2014-10-31": "14.88400", "2014-07-31": 10.683, "2014-04-30": 2.3, "2014-01-31": 4.2, "2013-10-31": "0.40000", "2013-07-31": 0}, "Total Change In Assets/Liabilities": {"2020-10-31": "57.03800", "2020-07-31": 55.645, "2020-04-30": 23.643, "2020-01-31": 38.086, "2019-10-31": "84.84000", "2019-07-31": 82.841, "2019-04-30": 51.122, "2019-01-31": 62.957, "2018-10-31": "56.39100", "2018-07-31": 33.217, "2018-04-30": 33.849, "2018-01-31": 58.841, "2017-10-31": "24.32400", "2017-07-31": 22.827, "2017-04-30": 20.865, "2017-01-31": 33.354, "2016-10-31": "20.34000", "2016-07-31": -18.959, "2016-04-30": 35.559, "2016-01-31": 29.137, "2015-10-31": "21.54300", "2015-07-31": 42.867, "2015-04-30": 6.6, "2015-01-31": -2.44, "2014-10-31": "13.04000", "2014-07-31": -11.6, "2014-04-30": 14.4, "2014-01-31": -6.2, "2013-10-31": "3.40000", "2013-07-31": 7.92}, "Cash Flow From Operating Activities": {"2020-10-31": "-4.07300", "2020-07-31": 3.63, "2020-04-30": -84.861, "2020-01-31": -52.491, "2019-10-31": "-26.16300", "2019-07-31": -9.656, "2019-04-30": -36.49, "2019-01-31": 38.49, "2018-10-31": "49.82400", "2018-07-31": 22.736, "2018-04-30": 13.292, "2018-01-31": 46.414, "2017-10-31": "10.09800", "2017-07-31": 6.876, "2017-04-30": -16.009, "2017-01-31": 19.752, "2016-10-31": "4.16000", "2016-07-31": 2.366, "2016-04-30": 2.413, "2016-01-31": 4.473, "2015-10-31": "-5.61600", "2015-07-31": -19.994, "2015-04-30": 2, "2015-01-31": -0.779, "2014-10-31": "-6.92100", "2014-07-31": 5.8, "2014-04-30": 8.5, "2014-01-31": -5.5, "2013-10-31": "-8.80000", "2013-07-31": -29.11}, "Net Change In Property, Plant, And Equipment": {"2020-10-31": "-12.25200", "2020-07-31": -17.415, "2020-04-30": -32.622, "2020-01-31": -21.248, "2019-10-31": "-18.20300", "2019-07-31": -23.637, "2019-04-30": -22.432, "2019-01-31": -42.551, "2018-10-31": "-29.83200", "2018-07-31": -16.283, "2018-04-30": -14.096, "2018-01-31": -14.028, "2017-10-31": "-17.96500", "2017-07-31": -12.384, "2017-04-30": -13.181, "2017-01-31": -12.701, "2016-10-31": "-11.91500", "2016-07-31": -8.875, "2016-04-30": -13.398, "2016-01-31": -10.379, "2015-10-31": "-9.64200", "2015-07-31": -18.108, "2015-04-30": 1.2, "2015-01-31": -1.916, "2014-10-31": "-4.48400", "2014-07-31": 4.2, "2014-04-30": 0.5, "2014-01-31": -1.1, "2013-10-31": "-3.60000", "2013-07-31": -9.33}, "Net Change In Intangible Assets": {"2020-10-31": "", "2020-07-31": 0, "2020-04-30": 0, "2020-01-31": 0, "2019-10-31": "", "2019-07-31": 0, "2019-04-30": 0, "2019-01-31": 0, "2018-10-31": "", "2018-07-31": 0, "2018-04-30": 0, "2018-01-31": 0, "2017-10-31": "", "2017-07-31": 0, "2017-04-30": 0, "2017-01-31": 0, "2016-10-31": "", "2016-07-31": 0, "2016-04-30": 0, "2016-01-31": 0, "2015-10-31": "", "2015-07-31": 0, "2015-04-30": 0, "2015-01-31": 0, "2014-10-31": "", "2014-07-31": 0, "2014-04-30": 0, "2014-01-31": 0, "2013-10-31": "", "2013-07-31": 0}, "Net Acquisitions/Divestitures": {"2020-10-31": "", "2020-07-31": 0, "2020-04-30": 0, "2020-01-31": 0, "2019-10-31": "", "2019-07-31": 0, "2019-04-30": -0.355, "2019-01-31": 0, "2018-10-31": "-18.66200", "2018-07-31": 0.565, "2018-04-30": -22.792, "2018-01-31": 0, "2017-10-31": "", "2017-07-31": 0, "2017-04-30": 0, "2017-01-31": 0, "2016-10-31": "-0.18400", "2016-07-31": 0, "2016-04-30": 0, "2016-01-31": 0, "2015-10-31": "", "2015-07-31": 0, "2015-04-30": 0, "2015-01-31": 0, "2014-10-31": "", "2014-07-31": 0, "2014-04-30": 0, "2014-01-31": 0, "2013-10-31": "", "2013-07-31": 0}, "Net Change In Short-term Investments": {"2020-10-31": "", "2020-07-31": 0, "2020-04-30": 0, "2020-01-31": 0, "2019-10-31": "", "2019-07-31": 0, "2019-04-30": 0, "2019-01-31": 0, "2018-10-31": "", "2018-07-31": 0, "2018-04-30": 0, "2018-01-31": 0, "2017-10-31": "", "2017-07-31": 0, "2017-04-30": 0, "2017-01-31": 0, "2016-10-31": "", "2016-07-31": 0, "2016-04-30": 0, "2016-01-31": 0, "2015-10-31": "", "2015-07-31": 0, "2015-04-30": 0, "2015-01-31": 0, "2014-10-31": "", "2014-07-31": 0, "2014-04-30": 0, "2014-01-31": 0, "2013-10-31": "", "2013-07-31": 0}, "Net Change In Long-Term Investments": {"2020-10-31": "-416.42000", "2020-07-31": 69.1261, "2020-04-30": 138.03, "2020-01-31": 49.054, "2019-10-31": "-142.16300", "2019-07-31": -15.363, "2019-04-30": 5.452, "2019-01-31": 66.887, "2018-10-31": "63.64300", "2018-07-31": -81.047, "2018-04-30": -239.734, "2018-01-31": -74.987, "2017-10-31": "-23.18800", "2017-07-31": -61.491, "2017-04-30": -20.528, "2017-01-31": -7.85, "2016-10-31": "-35.86000", "2016-07-31": 14.917, "2016-04-30": -27.866, "2016-01-31": 7.58, "2015-10-31": "1.15900", "2015-07-31": -56.759, "2015-04-30": 33.3, "2015-01-31": -59.9, "2014-10-31": "", "2014-07-31": 0, "2014-04-30": 0, "2014-01-31": 0, "2013-10-31": "", "2013-07-31": 0}, "Net Change In Investments - Total": {"2020-10-31": "-416.42000", "2020-07-31": 69.1261, "2020-04-30": 138.03, "2020-01-31": 49.054, "2019-10-31": "-142.16300", "2019-07-31": -15.363, "2019-04-30": 5.452, "2019-01-31": 66.887, "2018-10-31": "63.64300", "2018-07-31": -81.047, "2018-04-30": -239.734, "2018-01-31": -74.987, "2017-10-31": "-23.18800", "2017-07-31": -61.491, "2017-04-30": -20.528, "2017-01-31": -7.85, "2016-10-31": "-35.86000", "2016-07-31": 14.917, "2016-04-30": -27.866, "2016-01-31": 7.58, "2015-10-31": "1.15900", "2015-07-31": -56.759, "2015-04-30": 33.3, "2015-01-31": -59.9, "2014-10-31": "", "2014-07-31": 0, "2014-04-30": 0, "2014-01-31": 0, "2013-10-31": "", "2013-07-31": 0}, "Investing Activities - Other": {"2020-10-31": "", "2020-07-31": 0, "2020-04-30": 0, "2020-01-31": 0, "2019-10-31": "", "2019-07-31": 0, "2019-04-30": 0, "2019-01-31": 0, "2018-10-31": "", "2018-07-31": 0, "2018-04-30": 0, "2018-01-31": 0, "2017-10-31": "", "2017-07-31": 0, "2017-04-30": 0, "2017-01-31": 0, "2016-10-31": "", "2016-07-31": 0, "2016-04-30": 0, "2016-01-31": 0, "2015-10-31": "", "2015-07-31": 0, "2015-04-30": 0, "2015-01-31": 0, "2014-10-31": "", "2014-07-31": 0, "2014-04-30": 0, "2014-01-31": 0, "2013-10-31": "", "2013-07-31": 0}, "Cash Flow From Investing Activities": {"2020-10-31": "-428.67200", "2020-07-31": 51.711, "2020-04-30": 105.408, "2020-01-31": 27.806, "2019-10-31": "-160.36600", "2019-07-31": -39, "2019-04-30": -17.335, "2019-01-31": 24.336, "2018-10-31": "15.14900", "2018-07-31": -96.765, "2018-04-30": -276.622, "2018-01-31": -89.015, "2017-10-31": "-41.15300", "2017-07-31": -73.875, "2017-04-30": -33.709, "2017-01-31": -20.551, "2016-10-31": "-47.95900", "2016-07-31": 6.042, "2016-04-30": -41.264, "2016-01-31": -2.799, "2015-10-31": "-8.48300", "2015-07-31": -74.767, "2015-04-30": 34.4, "2015-01-31": -61.816, "2014-10-31": "-4.48400", "2014-07-31": 4.2, "2014-04-30": 0.5, "2014-01-31": -1.1, "2013-10-31": "-3.60000", "2013-07-31": -9.33}, "Net Long-Term Debt": {"2020-10-31": "723.75700", "2020-07-31": 0, "2020-04-30": 0, "2020-01-31": 0, "2019-10-31": "", "2019-07-31": 0, "2019-04-30": 0, "2019-01-31": 0, "2018-10-31": "-1.06600", "2018-07-31": -0.618, "2018-04-30": -1.71, "2018-01-31": 421.044, "2017-10-31": "", "2017-07-31": 0, "2017-04-30": 0, "2017-01-31": 0, "2016-10-31": "-82.12400", "2016-07-31": -0.064, "2016-04-30": 73.319, "2016-01-31": 0, "2015-10-31": "", "2015-07-31": 0, "2015-04-30": 0, "2015-01-31": 0, "2014-10-31": "", "2014-07-31": 0, "2014-04-30": 0, "2014-01-31": 0, "2013-10-31": "", "2013-07-31": 0}, "Net Current Debt": {"2020-10-31": "", "2020-07-31": 0, "2020-04-30": 0, "2020-01-31": 0, "2019-10-31": "", "2019-07-31": 0, "2019-04-30": 0, "2019-01-31": 0, "2018-10-31": "", "2018-07-31": 0, "2018-04-30": 0, "2018-01-31": 0, "2017-10-31": "", "2017-07-31": 0, "2017-04-30": 0, "2017-01-31": 0, "2016-10-31": "", "2016-07-31": 0, "2016-04-30": 0, "2016-01-31": 0, "2015-10-31": "", "2015-07-31": 0, "2015-04-30": 0, "2015-01-31": 0, "2014-10-31": "", "2014-07-31": 13.4, "2014-04-30": -18.8, "2014-01-31": -2.6, "2013-10-31": "8.00000", "2013-07-31": 0}, "Debt Issuance/Retirement Net - Total": {"2020-10-31": "723.75700", "2020-07-31": 0, "2020-04-30": 0, "2020-01-31": 0, "2019-10-31": "", "2019-07-31": 0, "2019-04-30": 0, "2019-01-31": 0, "2018-10-31": "-1.06600", "2018-07-31": -0.618, "2018-04-30": -1.71, "2018-01-31": 421.044, "2017-10-31": "", "2017-07-31": 0, "2017-04-30": 0, "2017-01-31": 0, "2016-10-31": "-82.12400", "2016-07-31": -0.064, "2016-04-30": 73.319, "2016-01-31": 0, "2015-10-31": "", "2015-07-31": 0, "2015-04-30": 0, "2015-01-31": 0, "2014-10-31": "", "2014-07-31": 13.4, "2014-04-30": -18.8, "2014-01-31": -2.6, "2013-10-31": "8.00000", "2013-07-31": 0}, "Net Common Equity Issued/Repurchased": {"2020-10-31": "-105.47900", "2020-07-31": 1.282, "2020-04-30": 30.029, "2020-01-31": 2.513, "2019-10-31": "23.97300", "2019-07-31": 1.933, "2019-04-30": 33.913, "2019-01-31": 3.474, "2018-10-31": "29.89000", "2018-07-31": 3.824, "2018-04-30": 31.367, "2018-01-31": 99.563, "2017-10-31": "25.23100", "2017-07-31": 5.592, "2017-04-30": 24.482, "2017-01-31": 0.708, "2016-10-31": "255.92700", "2016-07-31": 0.402, "2016-04-30": 0.769, "2016-01-31": 0.68, "2015-10-31": "1.29800", "2015-07-31": 3.85, "2015-04-30": 0.1, "2015-01-31": -0.91, "2014-10-31": "1.71000", "2014-07-31": 2.13, "2014-04-30": 1.3, "2014-01-31": -0.6, "2013-10-31": "0.70000", "2013-07-31": 0}, "Net Total Equity Issued/Repurchased": {"2020-10-31": "-105.47900", "2020-07-31": 1.282, "2020-04-30": 30.029, "2020-01-31": 2.513, "2019-10-31": "23.97300", "2019-07-31": 1.933, "2019-04-30": 33.913, "2019-01-31": 3.474, "2018-10-31": "29.89000", "2018-07-31": 3.824, "2018-04-30": 31.367, "2018-01-31": 99.563, "2017-10-31": "25.23100", "2017-07-31": 5.592, "2017-04-30": 24.482, "2017-01-31": 0.708, "2016-10-31": "255.92700", "2016-07-31": 0.402, "2016-04-30": 0.769, "2016-01-31": 0.68, "2015-10-31": "1.29800", "2015-07-31": 142.154, "2015-04-30": 0.5, "2015-01-31": -139.988, "2014-10-31": "140.38800", "2014-07-31": -1.4, "2014-04-30": -99.7, "2014-01-31": 100.4, "2013-10-31": "0.70000", "2013-07-31": 37.06}, "Total Common And Preferred Stock Dividends Paid": {"2020-10-31": "", "2020-07-31": 0, "2020-04-30": 0, "2020-01-31": 0, "2019-10-31": "", "2019-07-31": 0, "2019-04-30": 0, "2019-01-31": 0, "2018-10-31": "", "2018-07-31": 0, "2018-04-30": 0, "2018-01-31": 0, "2017-10-31": "", "2017-07-31": 0, "2017-04-30": 0, "2017-01-31": 0, "2016-10-31": "", "2016-07-31": 0, "2016-04-30": 0, "2016-01-31": 0, "2015-10-31": "", "2015-07-31": 0, "2015-04-30": 0, "2015-01-31": 0, "2014-10-31": "", "2014-07-31": 0, "2014-04-30": 0, "2014-01-31": 0, "2013-10-31": "", "2013-07-31": 0}, "Financial Activities - Other": {"2020-10-31": "", "2020-07-31": 0, "2020-04-30": 0, "2020-01-31": 0, "2019-10-31": "", "2019-07-31": 0, "2019-04-30": -1.04, "2019-01-31": 0, "2018-10-31": "", "2018-07-31": 0, "2018-04-30": 0, "2018-01-31": 0, "2017-10-31": "-0.08500", "2017-07-31": -0.051, "2017-04-30": 0.004, "2017-01-31": 0.634, "2016-10-31": "-3.75000", "2016-07-31": -0.251, "2016-04-30": -0.132, "2016-01-31": -1.606, "2015-10-31": "-0.21700", "2015-07-31": -0.299, "2015-04-30": 0, "2015-01-31": 0, "2014-10-31": "", "2014-07-31": 0, "2014-04-30": 0, "2014-01-31": 0, "2013-10-31": "", "2013-07-31": 0}, "Cash Flow From Financial Activities": {"2020-10-31": "618.27800", "2020-07-31": 1.282, "2020-04-30": 30.029, "2020-01-31": 2.513, "2019-10-31": "23.97300", "2019-07-31": 1.933, "2019-04-30": 32.873, "2019-01-31": 3.474, "2018-10-31": "28.82400", "2018-07-31": 3.206, "2018-04-30": 29.657, "2018-01-31": 520.607, "2017-10-31": "25.14600", "2017-07-31": 5.541, "2017-04-30": 24.486, "2017-01-31": 1.342, "2016-10-31": "170.05300", "2016-07-31": 0.087, "2016-04-30": 73.956, "2016-01-31": -0.926, "2015-10-31": "1.08100", "2015-07-31": 141.855, "2015-04-30": 0.4, "2015-01-31": -139.888, "2014-10-31": "140.38800", "2014-07-31": 12, "2014-04-30": -118.4, "2014-01-31": 97.7, "2013-10-31": "8.70000", "2013-07-31": 37.06}, "Net Cash Flow": {"2020-10-31": "185.53300", "2020-07-31": 56.623, "2020-04-30": 50.576, "2020-01-31": -22.172, "2019-10-31": "-162.55600", "2019-07-31": -46.723, "2019-04-30": -20.952, "2019-01-31": 66.3, "2018-10-31": "93.79700", "2018-07-31": -70.823, "2018-04-30": -233.673, "2018-01-31": 478.006, "2017-10-31": "-5.90900", "2017-07-31": -61.458, "2017-04-30": -25.232, "2017-01-31": 0.543, "2016-10-31": "126.25400", "2016-07-31": 8.495, "2016-04-30": 35.105, "2016-01-31": 0.748, "2015-10-31": "-13.01800", "2015-07-31": 47.094, "2015-04-30": 36.8, "2015-01-31": -202.483, "2014-10-31": "128.98300", "2014-07-31": 22, "2014-04-30": -109.4, "2014-01-31": 91.2, "2013-10-31": "-3.80000", "2013-07-31": -1.38}, "Stock-Based Compensation": {"2020-10-31": "89.19800", "2020-07-31": 92.861, "2020-04-30": 92.096, "2020-01-31": 85.615, "2019-10-31": "81.42600", "2019-07-31": 73.407, "2019-04-30": 94.832, "2019-01-31": 72.565, "2018-10-31": "65.92500", "2018-07-31": 55.396, "2018-04-30": 44.946, "2018-01-31": 42.011, "2017-10-31": "35.51500", "2017-07-31": 37.805, "2017-04-30": 50.351, "2017-01-31": 52.607, "2016-10-31": "90.72800", "2016-07-31": 4.676, "2016-04-30": 5.044, "2016-01-31": 4.95, "2015-10-31": "5.38600", "2015-07-31": 12.44, "2015-04-30": 0.7, "2015-01-31": 0.749, "2014-10-31": "3.25100", "2014-07-31": 4.26, "2014-04-30": 0.7, "2014-01-31": 0.1, "2013-10-31": "0.80000", "2013-07-31": 0}, "Common Stock Dividends Paid": {"2020-10-31": "", "2020-07-31": 0, "2020-04-30": 0, "2020-01-31": 0, "2019-10-31": "", "2019-07-31": 0, "2019-04-30": 0, "2019-01-31": 0, "2018-10-31": "", "2018-07-31": 0, "2018-04-30": 0, "2018-01-31": 0, "2017-10-31": "", "2017-07-31": 0, "2017-04-30": 0, "2017-01-31": 0, "2016-10-31": "", "2016-07-31": 0, "2016-04-30": 0, "2016-01-31": 0, "2015-10-31": "", "2015-07-31": 0, "2015-04-30": 0, "2015-01-31": 0, "2014-10-31": "", "2014-07-31": 0, "2014-04-30": 0, "2014-01-31": 0, "2013-10-31": "", "2013-07-31": 0}}, "financial ratios": {"Current Ratio": {"2020-07-31": "1.43910", "2019-07-31": "2.12780", "2018-07-31": "2.75650", "2017-07-31": "1.86490", "2016-07-31": "1.55040", "2015-07-31": "1.98720", "2014-07-31": "1.95800", "2013-07-31": ""}, "Long-term Debt / Capital": {"2020-07-31": "2.27750", "2019-07-31": "0.71060", "2018-07-31": "0.56800", "2017-07-31": "", "2016-07-31": "10.00270", "2015-07-31": "", "2014-07-31": "", "2013-07-31": ""}, "Debt/Equity Ratio": {"2020-07-31": "-1.78280", "2019-07-31": "2.45550", "2018-07-31": "1.31460", "2017-07-31": "", "2016-07-31": "-1.11110", "2015-07-31": "", "2014-07-31": "", "2013-07-31": ""}, "Gross Margin": {"2020-07-31": "78.07660", "2019-07-31": "75.39700", "2018-07-31": "66.59070", "2017-07-31": "61.30400", "2016-07-31": "66.07400", "2015-07-31": "58.18330", "2014-07-31": "52.08570", "2013-07-31": "12.86800"}, "Operating Margin": {"2020-07-31": "-63.38860", "2019-07-31": "-48.37960", "2018-07-31": "-24.26810", "2017-07-31": "-41.18780", "2016-07-31": "-20.78350", "2015-07-31": "-49.19190", "2014-07-31": "-61.60690", "2013-07-31": "-146.07140"}, "EBIT Margin": {"2020-07-31": "-63.38860", "2019-07-31": "-48.37960", "2018-07-31": "-24.26810", "2017-07-31": "-41.18780", "2016-07-31": "-20.78350", "2015-07-31": "-49.19190", "2014-07-31": "-61.60690", "2013-07-31": "-146.07140"}, "EBITDA Margin": {"2020-07-31": "-53.82310", "2019-07-31": "-39.72970", "2018-07-31": "-18.64380", "2017-07-31": "-36.64840", "2016-07-31": "-15.53760", "2015-07-31": "-42.32990", "2014-07-31": "-52.49630", "2013-07-31": "-137.47090"}, "Pre-Tax Profit Margin": {"2020-07-31": "-65.39980", "2019-07-31": "-49.59460", "2018-07-31": "-25.07350", "2017-07-31": "-44.30600", "2016-07-31": "-21.03970", "2015-07-31": "-51.60170", "2014-07-31": "-65.59980", "2013-07-31": "-146.24830"}, "Net Profit Margin": {"2020-07-31": "-66.75040", "2019-07-31": "-50.25140", "2018-07-31": "-25.71810", "2017-07-31": "-44.87960", "2016-07-31": "-21.50000", "2015-07-31": "-52.24120", "2014-07-31": "-66.07800", "2013-07-31": "-146.51030"}, "Asset Turnover": {"2020-07-31": "0.73940", "2019-07-31": "0.69210", "2018-07-31": "0.72220", "2017-07-31": "1.14590", "2016-07-31": "1.26140", "2015-07-31": "0.96640", "2014-07-31": "1.06860", "2013-07-31": ""}, "Inventory Turnover Ratio": {"2020-07-31": "", "2019-07-31": "", "2018-07-31": "", "2017-07-31": "", "2016-07-31": "", "2015-07-31": "", "2014-07-31": "", "2013-07-31": ""}, "Receiveable Turnover": {"2020-07-31": "5.39210", "2019-07-31": "5.03570", "2018-07-31": "4.47350", "2017-07-31": "4.72900", "2016-07-31": "4.54920", "2015-07-31": "6.15070", "2014-07-31": "4.20460", "2013-07-31": ""}, "Days Sales In Receivables": {"2020-07-31": "67.69100", "2019-07-31": "72.48220", "2018-07-31": "81.59150", "2017-07-31": "77.18350", "2016-07-31": "80.23390", "2015-07-31": "59.34320", "2014-07-31": "86.80910", "2013-07-31": ""}, "ROE - Return On Equity": {"2020-07-31": "317.43840", "2019-07-31": "-332.37150", "2018-07-31": "-90.93640", "2017-07-31": "-174.89760", "2016-07-31": "28.76130", "2015-07-31": "53.73190", "2014-07-31": "64.23480", "2013-07-31": ""}, "Return On Tangible Equity": {"2020-07-31": "171.27810", "2019-07-31": "954.77780", "2018-07-31": "-153.44940", "2017-07-31": "-217.69480", "2016-07-31": "164.14860", "2015-07-31": "-166.73540", "2014-07-31": "-203.39710", "2013-07-31": ""}, "ROA - Return On Assets": {"2020-07-31": "-49.35590", "2019-07-31": "-34.77960", "2018-07-31": "-18.57400", "2017-07-31": "-51.42670", "2016-07-31": "-27.12020", "2015-07-31": "-50.48490", "2014-07-31": "-70.61210", "2013-07-31": ""}, "ROI - Return On Investment": {"2020-07-31": "-405.53000", "2019-07-31": "-96.18710", "2018-07-31": "-39.28740", "2017-07-31": "-174.89760", "2016-07-31": "-1477.78400", "2015-07-31": "-166.73540", "2014-07-31": "-203.39710", "2013-07-31": ""}, "Book Value Per Share": {"2020-07-31": "-1.36160", "2019-07-31": "0.99100", "2018-07-31": "1.89040", "2017-07-31": "1.40370", "2016-07-31": "-1.43080", "2015-07-31": "1.68860", "2014-07-31": "0.96190", "2013-07-31": ""}, "Operating Cash Flow Per Share": {"2020-07-31": -1.054, "2019-07-31": -0.3311, "2018-07-31": 0.4488, "2017-07-31": 0.0325, "2016-07-31": 0.717, "2015-07-31": 0.6173, "2014-07-31": -0.3659, "2013-07-31": -0.8857}, "Free Cash Flow Per Share": {"2020-07-31": -0.8593, "2019-07-31": -0.6052, "2018-07-31": 0.4597, "2017-07-31": 0.6033, "2016-07-31": 0.3305, "2015-07-31": 0.563, "2014-07-31": -0.6028, "2013-07-31": -1.1699}}, "financial ratios, quarterly": {"Current Ratio": {"2020-10-31": "2.09620", "2020-07-31": "1.43910", "2020-04-30": "1.53520", "2020-01-31": "1.64440", "2019-10-31": "1.85870", "2019-07-31": "2.12780", "2019-04-30": "2.41010", "2019-01-31": "2.55210", "2018-10-31": "2.71170", "2018-07-31": "2.75650", "2018-04-30": "3.05300", "2018-01-31": "3.10380", "2017-10-31": "1.85890", "2017-07-31": "1.86490", "2017-04-30": "1.64620", "2017-01-31": "1.84630", "2016-10-31": "2.05560", "2016-07-31": "1.55040", "2016-04-30": "1.86790", "2016-01-31": "1.61440", "2015-10-31": "1.77490", "2015-07-31": "1.98720", "2015-04-30": "2.65110", "2015-01-31": "3.30230", "2014-10-31": "3.93780", "2014-07-31": "1.95810", "2014-04-30": "", "2014-01-31": "", "2013-10-31": "", "2013-07-31": ""}, "Long-term Debt / Capital": {"2020-10-31": "2.27460", "2020-07-31": "2.27750", "2020-04-30": "1.61720", "2020-01-31": "1.16190", "2019-10-31": "0.88020", "2019-07-31": "0.71060", "2019-04-30": "0.59640", "2019-01-31": "0.53520", "2018-10-31": "0.50310", "2018-07-31": "0.56800", "2018-04-30": "0.54370", "2018-01-31": "0.58040", "2017-10-31": "", "2017-07-31": "", "2017-04-30": "", "2017-01-31": "", "2016-10-31": "", "2016-07-31": "10.00270", "2016-04-30": "1.42410", "2016-01-31": "", "2015-10-31": "", "2015-07-31": "", "2015-04-30": "", "2015-01-31": "", "2014-10-31": "", "2014-07-31": "", "2014-04-30": "", "2014-01-31": "", "2013-10-31": "", "2013-07-31": ""}, "Debt/Equity Ratio": {"2020-10-31": "-1.78460", "2020-07-31": "-1.78280", "2020-04-30": "-2.62010", "2020-01-31": "-7.17540", "2019-10-31": "7.34380", "2019-07-31": "2.45550", "2019-04-30": "1.47780", "2019-01-31": "1.15170", "2018-10-31": "1.01260", "2018-07-31": "1.31460", "2018-04-30": "1.19170", "2018-01-31": "1.38330", "2017-10-31": "", "2017-07-31": "", "2017-04-30": "", "2017-01-31": "", "2016-10-31": "", "2016-07-31": "-1.11110", "2016-04-30": "-3.35780", "2016-01-31": "", "2015-10-31": "", "2015-07-31": "", "2015-04-30": "", "2015-01-31": "", "2014-10-31": "", "2014-07-31": "", "2014-04-30": "", "2014-01-31": "", "2013-10-31": "", "2013-07-31": ""}, "Gross Margin": {"2020-10-31": "78.27080", "2020-07-31": "79.57420", "2020-04-30": "77.28550", "2020-01-31": "78.30730", "2019-10-31": "77.06220", "2019-07-31": "77.00290", "2019-04-30": "73.89750", "2019-01-31": "74.36130", "2018-10-31": "76.34540", "2018-07-31": "75.87970", "2018-04-30": "66.96240", "2018-01-31": "62.15160", "2017-10-31": "60.58020", "2017-07-31": "61.37300", "2017-04-30": "59.54390", "2017-01-31": "61.42540", "2016-10-31": "63.00300", "2016-07-31": "72.57280", "2016-04-30": "62.16500", "2016-01-31": "63.06030", "2015-10-31": "60.02670", "2015-07-31": "59.04510", "2015-04-30": "58.13950", "2015-01-31": "58.09860", "2014-10-31": "56.96260", "2014-07-31": "55.52150", "2014-04-30": "51.66670", "2014-01-31": "49.68940", "2013-10-31": "50.00000", "2013-07-31": ""}, "Operating Margin": {"2020-10-31": "-58.21600", "2020-07-31": "-52.26150", "2020-04-30": "-72.31940", "2020-01-31": "-59.71130", "2019-10-31": "-69.99980", "2019-07-31": "-60.86490", "2019-04-30": "-70.98780", "2019-01-31": "-34.63560", "2018-10-31": "-30.38470", "2018-07-31": "-26.08410", "2018-04-30": "-28.43070", "2018-01-31": "-20.87470", "2017-10-31": "-21.42570", "2017-07-31": "-25.36260", "2017-04-30": "-45.94690", "2017-01-31": "-37.84930", "2016-10-31": "-60.71190", "2016-07-31": "6.28550", "2016-04-30": "-38.97730", "2016-01-31": "-34.30580", "2015-10-31": "-42.33780", "2015-07-31": "-46.54080", "2015-04-30": "-48.83720", "2015-01-31": "-46.12680", "2014-10-31": "-57.73350", "2014-07-31": "-68.02150", "2014-04-30": "-61.11110", "2014-01-31": "-45.96270", "2013-10-31": "-75.25250", "2013-07-31": ""}, "EBIT Margin": {"2020-10-31": "-58.21600", "2020-07-31": "-52.26160", "2020-04-30": "-72.31940", "2020-01-31": "-59.71130", "2019-10-31": "-69.99980", "2019-07-31": "-60.86490", "2019-04-30": "-70.98780", "2019-01-31": "-34.63560", "2018-10-31": "-30.38470", "2018-07-31": "-26.08410", "2018-04-30": "-28.43070", "2018-01-31": "-20.87470", "2017-10-31": "-21.42570", "2017-07-31": "-25.36260", "2017-04-30": "-45.94690", "2017-01-31": "-37.84930", "2016-10-31": "-60.71190", "2016-07-31": "6.28550", "2016-04-30": "-38.97730", "2016-01-31": "-34.30580", "2015-10-31": "-42.33780", "2015-07-31": "-46.54080", "2015-04-30": "-48.83720", "2015-01-31": "-46.12680", "2014-10-31": "-57.73350", "2014-07-31": "-68.02150", "2014-04-30": "-61.11110", "2014-01-31": "-45.96270", "2013-10-31": "-75.25250", "2013-07-31": ""}, "EBITDA Margin": {"2020-10-31": "", "2020-07-31": "", "2020-04-30": "", "2020-01-31": "", "2019-10-31": "", "2019-07-31": "", "2019-04-30": "", "2019-01-31": "", "2018-10-31": "", "2018-07-31": "", "2018-04-30": "", "2018-01-31": "", "2017-10-31": "", "2017-07-31": "", "2017-04-30": "", "2017-01-31": "", "2016-10-31": "", "2016-07-31": "", "2016-04-30": "", "2016-01-31": "", "2015-10-31": "", "2015-07-31": "", "2015-04-30": "", "2015-01-31": "", "2014-10-31": "", "2014-07-31": "", "2014-04-30": "", "2014-01-31": "", "2013-10-31": "", "2013-07-31": ""}, "Pre-Tax Profit Margin": {"2020-10-31": "-83.38980", "2020-07-31": "-55.23740", "2020-04-30": "-74.09140", "2020-01-31": "-61.40200", "2019-10-31": "-71.60100", "2019-07-31": "-62.43380", "2019-04-30": "-72.10460", "2019-01-31": "-35.94730", "2018-10-31": "-31.24750", "2018-07-31": "-27.40790", "2018-04-30": "-29.89400", "2018-01-31": "-21.17500", "2017-10-31": "-21.49430", "2017-07-31": "-25.57930", "2017-04-30": "-45.79960", "2017-01-31": "-38.06060", "2016-10-31": "-74.34780", "2016-07-31": "5.80180", "2016-04-30": "-40.81350", "2016-01-31": "-31.72930", "2015-10-31": "-43.33040", "2015-07-31": "-49.54850", "2015-04-30": "-49.76740", "2015-01-31": "-48.41550", "2014-10-31": "-61.40320", "2014-07-31": "-74.36100", "2014-04-30": "-65.00000", "2014-01-31": "-48.75780", "2013-10-31": "-76.76770", "2013-07-31": ""}, "Net Profit Margin": {"2020-10-31": "-84.74650", "2020-07-31": "-56.53030", "2020-04-30": "-75.61780", "2020-01-31": "-62.74070", "2019-10-31": "-72.84730", "2019-07-31": "-64.80610", "2019-04-30": "-72.94700", "2019-01-31": "-36.60630", "2018-10-31": "-30.08940", "2018-07-31": "-28.76360", "2018-04-30": "-29.60270", "2018-01-31": "-21.84210", "2017-10-31": "-22.31410", "2017-07-31": "-26.19530", "2017-04-30": "-47.08270", "2017-01-31": "-38.33520", "2016-10-31": "-74.40670", "2016-07-31": "5.21370", "2016-04-30": "-40.82310", "2016-01-31": "-32.33300", "2015-10-31": "-43.92290", "2015-07-31": "-50.22340", "2015-04-30": "-50.54260", "2015-01-31": "-48.94370", "2014-10-31": "-61.93300", "2014-07-31": "-75.15340", "2014-04-30": "-65.27780", "2014-01-31": "-49.06830", "2013-10-31": "-77.27270", "2013-07-31": ""}, "Asset Turnover": {"2020-10-31": "0.13500", "2020-07-31": "0.18540", "2020-04-30": "0.17950", "2020-01-31": "0.18610", "2019-10-31": "0.16870", "2019-07-31": "0.16790", "2019-04-30": "0.15960", "2019-01-31": "0.18410", "2018-10-31": "0.17670", "2018-07-31": "0.18990", "2018-04-30": "0.19620", "2018-01-31": "0.21320", "2017-10-31": "0.36020", "2017-07-31": "0.34200", "2017-04-30": "0.28630", "2017-01-31": "0.29700", "2016-10-31": "0.29090", "2016-07-31": "0.49680", "2016-04-30": "0.33160", "2016-01-31": "0.39330", "2015-10-31": "0.34430", "2015-07-31": "0.29650", "2015-04-30": "0.26820", "2015-01-31": "0.23050", "2014-10-31": "0.18300", "2014-07-31": "0.32890", "2014-04-30": "", "2014-01-31": "", "2013-10-31": "", "2013-07-31": ""}, "Inventory Turnover Ratio": {"2020-10-31": "", "2020-07-31": "", "2020-04-30": "", "2020-01-31": "", "2019-10-31": "", "2019-07-31": "", "2019-04-30": "", "2019-01-31": "", "2018-10-31": "", "2018-07-31": "", "2018-04-30": "", "2018-01-31": "", "2017-10-31": "", "2017-07-31": "", "2017-04-30": "", "2017-01-31": "", "2016-10-31": "", "2016-07-31": "", "2016-04-30": "", "2016-01-31": "", "2015-10-31": "", "2015-07-31": "", "2015-04-30": "", "2015-01-31": "", "2014-10-31": "", "2014-07-31": "", "2014-04-30": "", "2014-01-31": "", "2013-10-31": "", "2013-07-31": ""}, "Receiveable Turnover": {"2020-10-31": "1.70650", "2020-07-31": "1.35200", "2020-04-30": "1.34470", "2020-01-31": "1.40210", "2019-10-31": "1.46480", "2019-07-31": "1.22160", "2019-04-30": "1.17660", "2019-01-31": "1.35440", "2018-10-31": "1.31810", "2018-07-31": "1.17600", "2018-04-30": "1.48930", "2018-01-31": "1.59980", "2017-10-31": "1.60620", "2017-07-31": "1.41140", "2017-04-30": "1.20740", "2017-01-31": "1.31730", "2016-10-31": "1.27660", "2016-07-31": "1.79170", "2016-04-30": "1.80610", "2016-01-31": "1.95240", "2015-10-31": "1.82560", "2015-07-31": "1.88720", "2015-04-30": "1.97850", "2015-01-31": "1.60450", "2014-10-31": "1.42140", "2014-07-31": "1.29410", "2014-04-30": "", "2014-01-31": "", "2013-10-31": "", "2013-07-31": ""}, "Days Sales In Receivables": {"2020-10-31": "52.73890", "2020-07-31": "66.56960", "2020-04-30": "66.93030", "2020-01-31": "64.19030", "2019-10-31": "61.44040", "2019-07-31": "73.67300", "2019-04-30": "76.48890", "2019-01-31": "66.44800", "2018-10-31": "68.28130", "2018-07-31": "76.53060", "2018-04-30": "60.42950", "2018-01-31": "56.25820", "2017-10-31": "56.03120", "2017-07-31": "63.76840", "2017-04-30": "74.53760", "2017-01-31": "68.31930", "2016-10-31": "70.50040", "2016-07-31": "50.23180", "2016-04-30": "49.83000", "2016-01-31": "46.09680", "2015-10-31": "49.29820", "2015-07-31": "47.68920", "2015-04-30": "45.48840", "2015-01-31": "56.09160", "2014-10-31": "63.31840", "2014-07-31": "69.54760", "2014-04-30": "", "2014-01-31": "", "2013-10-31": "", "2013-07-31": ""}, "ROE - Return On Equity": {"2020-10-31": "47.55460", "2020-07-31": "67.40490", "2020-04-30": "130.77170", "2020-01-31": "329.13320", "2019-10-31": "-360.93730", "2019-07-31": "-103.98360", "2019-04-30": "-68.69070", "2019-01-31": "-31.84260", "2018-10-31": "-21.85510", "2018-07-31": "-26.73640", "2018-04-30": "-24.16200", "2018-01-31": "-20.84370", "2017-10-31": "-28.39000", "2017-07-31": "-30.46680", "2017-04-30": "-101.67680", "2017-01-31": "-57.90660", "2016-10-31": "-81.73100", "2016-07-31": "-2.74690", "2016-04-30": "", "2016-01-31": "", "2015-10-31": "14.52630", "2015-07-31": "15.84990", "2015-04-30": "", "2015-01-31": "", "2014-10-31": "", "2014-07-31": "19.95930", "2014-04-30": "", "2014-01-31": "", "2013-10-31": "", "2013-07-31": ""}, "Return On Tangible Equity": {"2020-10-31": "33.65000", "2020-07-31": "36.36920", "2020-04-30": "56.89120", "2020-01-31": "70.30780", "2019-10-31": "124.51190", "2019-07-31": "298.70560", "2019-04-30": "-426.90080", "2019-01-31": "-98.02310", "2018-10-31": "-56.61730", "2018-07-31": "-45.11600", "2018-04-30": "-39.21600", "2018-01-31": "-24.06400", "2017-10-31": "-35.13280", "2017-07-31": "-37.92190", "2017-04-30": "-186.24610", "2017-01-31": "-86.89950", "2016-10-31": "-110.42710", "2016-07-31": "-15.67730", "2016-04-30": "214.77050", "2016-01-31": "-176.62230", "2015-10-31": "-85.59280", "2015-07-31": "-49.18370", "2015-04-30": "-30.69680", "2015-01-31": "-20.90230", "2014-10-31": "-18.34210", "2014-07-31": "-71.18650", "2014-04-30": "", "2014-01-31": "", "2013-10-31": "", "2013-07-31": ""}, "ROA - Return On Assets": {"2020-10-31": "-11.44490", "2020-07-31": "-10.48020", "2020-04-30": "-13.57160", "2020-01-31": "-11.67620", "2019-10-31": "-12.28580", "2019-07-31": "-10.88090", "2019-04-30": "-11.64450", "2019-01-31": "-6.74100", "2018-10-31": "-5.31640", "2018-07-31": "-5.46100", "2018-04-30": "-5.80680", "2018-01-31": "-4.65590", "2017-10-31": "-8.03850", "2017-07-31": "-8.95840", "2017-04-30": "-13.48100", "2017-01-31": "-11.38620", "2016-10-31": "-21.64280", "2016-07-31": "2.59020", "2016-04-30": "-13.53570", "2016-01-31": "-12.71740", "2015-10-31": "-15.12380", "2015-07-31": "-14.89210", "2015-04-30": "-13.55510", "2015-01-31": "-11.28250", "2014-10-31": "-11.33170", "2014-07-31": "-24.71420", "2014-04-30": "", "2014-01-31": "", "2013-10-31": "", "2013-07-31": ""}, "ROI - Return On Investment": {"2020-10-31": "-60.61260", "2020-07-31": "-86.11020", "2020-04-30": "-80.71870", "2020-01-31": "-53.29760", "2019-10-31": "-43.25810", "2019-07-31": "-30.09250", "2019-04-30": "-27.72210", "2019-01-31": "-14.79890", "2018-10-31": "-10.85920", "2018-07-31": "-11.55100", "2018-04-30": "-11.02420", "2018-01-31": "-8.74580", "2017-10-31": "-28.39000", "2017-07-31": "-30.46680", "2017-04-30": "-101.67690", "2017-01-31": "-57.90660", "2016-10-31": "-81.73110", "2016-07-31": "141.13860", "2016-04-30": "-91.08950", "2016-01-31": "-176.62230", "2015-10-31": "-85.59280", "2015-07-31": "-49.18370", "2015-04-30": "-30.69680", "2015-01-31": "-20.90230", "2014-10-31": "-18.34210", "2014-07-31": "-71.18640", "2014-04-30": "", "2014-01-31": "", "2013-10-31": "", "2013-07-31": ""}, "Book Value Per Share": {"2020-10-31": "-2.76810", "2020-07-31": "-1.36160", "2020-04-30": "-0.92240", "2020-01-31": "-0.33960", "2019-10-31": "0.33060", "2019-07-31": "0.99100", "2019-04-30": "1.64310", "2019-01-31": "2.11790", "2018-10-31": "2.40870", "2018-07-31": "1.89040", "2018-04-30": "2.08230", "2018-01-31": "1.83150", "2017-10-31": "1.35460", "2017-07-31": "1.40370", "2017-04-30": "0.62850", "2017-01-31": "0.92090", "2016-10-31": "1.20670", "2016-07-31": "-1.43080", "2016-04-30": "", "2016-01-31": "", "2015-10-31": "0.99080", "2015-07-31": "1.68860", "2015-04-30": "", "2015-01-31": "", "2014-10-31": "", "2014-07-31": "0.96190", "2014-04-30": "", "2014-01-31": "", "2013-10-31": "", "2013-07-31": ""}, "Operating Cash Flow Per Share": {"2020-10-31": "-0.02010", "2020-07-31": 0.0116, "2020-04-30": -0.4246, "2020-01-31": -0.2702, "2019-10-31": "-0.13790", "2019-07-31": -0.0503, "2019-04-30": -0.209, "2019-01-31": 0.2082, "2018-10-31": "0.28400", "2018-07-31": 0.1456, "2018-04-30": 0.069, "2018-01-31": 0.285, "2017-10-31": "0.06440", "2017-07-31": 0.0603, "2017-04-30": -0.1135, "2017-01-31": 0.1125, "2016-10-31": "0.05590", "2016-07-31": 0.0541, "2016-04-30": 0.0548, "2016-01-31": 0.1049, "2015-10-31": "-0.13110", "2015-07-31": -0.6343, "2015-04-30": 0, "2015-01-31": 0.1771, "2014-10-31": "-0.17710", "2014-07-31": 0, "2014-04-30": 0, "2014-01-31": 0, "2013-10-31": "", "2013-07-31": 0}, "Free Cash Flow Per Share": {"2020-10-31": "-0.08040", "2020-07-31": -0.081, "2020-04-30": -0.5869, "2020-01-31": -0.3789, "2019-10-31": "-0.23390", "2019-07-31": -0.1864, "2019-04-30": -0.3238, "2019-01-31": -0.0251, "2018-10-31": "0.11390", "2018-07-31": 0.0417, "2018-04-30": -0.0095, "2018-01-31": 0.2018, "2017-10-31": "-0.05020", "2017-07-31": -0.0684, "2017-04-30": -0.2025, "2017-01-31": 0.0993, "2016-10-31": "-0.10430", "2016-07-31": -0.1558, "2016-04-30": -0.2387, "2016-01-31": -0.1285, "2015-10-31": "-0.35620", "2015-07-31": -1.2097, "2015-04-30": 0, "2015-01-31": 0.2918, "2014-10-31": "-0.29180", "2014-07-31": 0, "2014-04-30": 0, "2014-01-31": 0, "2013-10-31": "", "2013-07-31": 0}}, "revenue": {"Nutanix Annual Revenue (Millions of US $)": {"2020": "$1,308", "2019": "$1,236", "2018": "$1,155", "2017": "$846", "2016": "$503", "2015": "$241", "2014": "$127", "2013": "$31"}, "Nutanix Quarterly Revenue (Millions of US $)": {"2020-10-31": "$313", "2020-07-31": "$328", "2020-04-30": "$318", "2020-01-31": "$347", "2019-10-31": "$315", "2019-07-31": "$300", "2019-04-30": "$288", "2019-01-31": "$335", "2018-10-31": "$313", "2018-07-31": "$304", "2018-04-30": "$289", "2018-01-31": "$287", "2017-10-31": "$276", "2017-07-31": "$252", "2017-04-30": "$206", "2017-01-31": "$199", "2016-10-31": "$189", "2016-07-31": "$198", "2016-04-30": "$115", "2016-01-31": "$103", "2015-10-31": "$88", "2015-07-31": "$74", "2015-04-30": "$65", "2015-01-31": "$57", "2014-10-31": "$46", "2014-07-31": "$39", "2014-04-30": "$36", "2014-01-31": "$32", "2013-10-31": "$20", "2013-07-31": ""}}, "gross-profit": {"Nutanix Annual Gross Profit (Millions of US $)": {"2020": "$1,021", "2019": "$932", "2018": "$769", "2017": "$519", "2016": "$333", "2015": "$140", "2014": "$66", "2013": "$4"}, "Nutanix Quarterly Gross Profit (Millions of US $)": {"2020-10-31": "$245", "2020-07-31": "$261", "2020-04-30": "$246", "2020-01-31": "$272", "2019-10-31": "$243", "2019-07-31": "$231", "2019-04-30": "$213", "2019-01-31": "$249", "2018-10-31": "$239", "2018-07-31": "$230", "2018-04-30": "$194", "2018-01-31": "$178", "2017-10-31": "$167", "2017-07-31": "$155", "2017-04-30": "$122", "2017-01-31": "$122", "2016-10-31": "$119", "2016-07-31": "$144", "2016-04-30": "$71", "2016-01-31": "$65", "2015-10-31": "$53", "2015-07-31": "$44", "2015-04-30": "$38", "2015-01-31": "$33", "2014-10-31": "$26", "2014-07-31": "$22", "2014-04-30": "$19", "2014-01-31": "$16", "2013-10-31": "$10", "2013-07-31": ""}}, "operating-income": {"Nutanix Annual Operating Income (Millions of US $)": {"2020": "$-829", "2019": "$-598", "2018": "$-280", "2017": "$-348", "2016": "$-105", "2015": "$-119", "2014": "$-78", "2013": "$-45"}, "Nutanix Quarterly Operating Income (Millions of US $)": {"2020-10-31": "$-182", "2020-07-31": "$-171", "2020-04-30": "$-230", "2020-01-31": "$-207", "2019-10-31": "$-220", "2019-07-31": "$-183", "2019-04-30": "$-204", "2019-01-31": "$-116", "2018-10-31": "$-95", "2018-07-31": "$-79", "2018-04-30": "$-82", "2018-01-31": "$-60", "2017-10-31": "$-59", "2017-07-31": "$-64", "2017-04-30": "$-94", "2017-01-31": "$-75", "2016-10-31": "$-114", "2016-07-31": "$12", "2016-04-30": "$-45", "2016-01-31": "$-35", "2015-10-31": "$-37", "2015-07-31": "$-34", "2015-04-30": "$-32", "2015-01-31": "$-26", "2014-10-31": "$-27", "2014-07-31": "$-27", "2014-04-30": "$-22", "2014-01-31": "$-15", "2013-10-31": "$-15", "2013-07-31": ""}}, "ebitda": {"Nutanix Annual EBITDA (Millions of US $)": {"2020": "$-704", "2019": "$-491", "2018": "$-215", "2017": "$-310", "2016": "$-78", "2015": "$-102", "2014": "$-67", "2013": "$-42"}, "Nutanix Quarterly EBITDA (Millions of US $)": {"2020-10-31": "$-147", "2020-07-31": "$-139", "2020-04-30": "$-198", "2020-01-31": "$-176", "2019-10-31": "$-190", "2019-07-31": "$-153", "2019-04-30": "$-176", "2019-01-31": "$-90", "2018-10-31": "$-72", "2018-07-31": "$-58", "2018-04-30": "$-62", "2018-01-31": "$-47", "2017-10-31": "$-48", "2017-07-31": "$-54", "2017-04-30": "$-85", "2017-01-31": "$-66", "2016-10-31": "$-106", "2016-07-31": "$20", "2016-04-30": "$-38", "2016-01-31": "$-29", "2015-10-31": "$-32", "2015-07-31": "$-22", "2015-04-30": "$-31", "2015-01-31": "$-26", "2014-10-31": "$-23", "2014-07-31": "$-18", "2014-04-30": "$-21", "2014-01-31": "$-14", "2013-10-31": "$-13", "2013-07-31": ""}}, "net-income": {"Nutanix Annual Net Income (Millions of US $)": {"2020": "$-873", "2019": "$-621", "2018": "$-297", "2017": "$-380", "2016": "$-108", "2015": "$-126", "2014": "$-84", "2013": "$-45"}, "Nutanix Quarterly Net Income (Millions of US $)": {"2020-10-31": "$-265", "2020-07-31": "$-185", "2020-04-30": "$-241", "2020-01-31": "$-218", "2019-10-31": "$-229", "2019-07-31": "$-194", "2019-04-30": "$-210", "2019-01-31": "$-123", "2018-10-31": "$-94", "2018-07-31": "$-87", "2018-04-30": "$-86", "2018-01-31": "$-63", "2017-10-31": "$-61", "2017-07-31": "$-66", "2017-04-30": "$-97", "2017-01-31": "$-76", "2016-10-31": "$-140", "2016-07-31": "$10", "2016-04-30": "$-47", "2016-01-31": "$-33", "2015-10-31": "$-39", "2015-07-31": "$-37", "2015-04-30": "$-33", "2015-01-31": "$-28", "2014-10-31": "$-29", "2014-07-31": "$-29", "2014-04-30": "$-24", "2014-01-31": "$-16", "2013-10-31": "$-15", "2013-07-31": ""}}, "eps-earnings-per-share-diluted": {"Nutanix Annual EPS": {"2020": "$-4.48", "2019": "$-3.43", "2018": "$-1.81", "2017": "$-2.96", "2016": "$-2.46", "2015": "$-3.11", "2014": "$-2.30", "2013": "$-1.36"}, "Nutanix Quarterly EPS": {"2020-10-31": "$-1.31", "2020-07-31": "$-0.91", "2020-04-30": "$-1.23", "2020-01-31": "$-1.13", "2019-10-31": "$-1.21", "2019-07-31": "$-1.06", "2019-04-30": "$-1.15", "2019-01-31": "$-0.68", "2018-10-31": "$-0.54", "2018-07-31": "$-0.52", "2018-04-30": "$-0.51", "2018-01-31": "$-0.39", "2017-10-31": "$-0.39", "2017-07-31": "$0.14", "2017-04-30": "$-0.67", "2017-01-31": "$-0.54", "2016-10-31": "$-1.89", "2016-07-31": "$0.25", "2016-04-30": "$-1.05", "2016-01-31": "$-0.76", "2015-10-31": "$-0.90", "2015-07-31": "$-2.38", "2015-04-30": "$0.00", "2015-01-31": "$0.00", "2014-10-31": "$-0.73", "2014-07-31": "$0.00", "2014-04-30": "$0.00", "2014-01-31": "$0.00", "2013-10-31": "$0.00", "2013-07-31": "$0.00"}}, "shares-outstanding": {"Nutanix Annual Shares Outstanding (Millions of Shares)": {"2020": "195", "2019": "181", "2018": "164", "2017": "128", "2016": "44", "2015": "41", "2014": "37", "2013": "33"}, "Nutanix Quarterly Shares Outstanding (Millions of Shares)": {"2020-10-31": "203", "2020-07-31": "195", "2020-04-30": "196", "2020-01-31": "193", "2019-10-31": "190", "2019-07-31": "181", "2019-04-30": "183", "2019-01-31": "179", "2018-10-31": "175", "2018-07-31": "164", "2018-04-30": "167", "2018-01-31": "162", "2017-10-31": "157", "2017-07-31": "128", "2017-04-30": "144", "2017-01-31": "142", "2016-10-31": "74", "2016-07-31": "44", "2016-04-30": "44", "2016-01-31": "44", "2015-10-31": "43", "2015-07-31": "41", "2015-04-30": "", "2015-01-31": "", "2014-10-31": "39", "2014-07-31": "", "2014-04-30": "", "2014-01-31": "", "2013-10-31": "", "2013-07-31": ""}}, "total-assets": {"Nutanix Annual Total Assets (Millions of US $)": {"2020": "$1,769", "2019": "$1,786", "2018": "$1,600", "2017": "$738", "2016": "$399", "2015": "$250", "2014": "$119", "2013": "$0"}, "Nutanix Quarterly Total Assets (Millions of US $)": {"2020-10-31": "$2,316", "2020-07-31": "$1,769", "2020-04-30": "$1,773", "2020-01-31": "$1,863", "2019-10-31": "$1,866", "2019-07-31": "$1,786", "2019-04-30": "$1,802", "2019-01-31": "$1,821", "2018-10-31": "$1,773", "2018-07-31": "$1,600", "2018-04-30": "$1,475", "2018-01-31": "$1,345", "2017-10-31": "$765", "2017-07-31": "$738", "2017-04-30": "$718", "2017-01-31": "$671", "2016-10-31": "$648", "2016-07-31": "$399", "2016-04-30": "$346", "2016-01-31": "$261", "2015-10-31": "$255", "2015-07-31": "$250", "2015-04-30": "$241", "2015-01-31": "$246", "2014-10-31": "$252", "2014-07-31": "$119", "2014-04-30": "$0", "2014-01-31": "$0", "2013-10-31": "$0", "2013-07-31": "$0"}}, "cash-on-hand": {"Nutanix Annual Cash on Hand (Millions of US $)": {"2020": "$720", "2019": "$909", "2018": "$934", "2017": "$349", "2016": "$185", "2015": "$151", "2014": "$57", "2013": "$"}, "Nutanix Quarterly Cash on Hand (Millions of US $)": {"2020-10-31": "$1,318", "2020-07-31": "$720", "2020-04-30": "$732", "2020-01-31": "$819", "2019-10-31": "$889", "2019-07-31": "$909", "2019-04-30": "$941", "2019-01-31": "$966", "2018-10-31": "$965", "2018-07-31": "$934", "2018-04-30": "$923", "2018-01-31": "$918", "2017-10-31": "$366", "2017-07-31": "$349", "2017-04-30": "$350", "2017-01-31": "$355", "2016-10-31": "$347", "2016-07-31": "$185", "2016-04-30": "$192", "2016-01-31": "$129", "2015-10-31": "$136", "2015-07-31": "$151", "2015-04-30": "$162", "2015-01-31": "$173", "2014-10-31": "$187", "2014-07-31": "$57", "2014-04-30": "", "2014-01-31": "", "2013-10-31": "", "2013-07-31": ""}}, "long-term-debt": {"Nutanix Annual Long Term Debt (Millions of US $)": {"2020": "$490", "2019": "$459", "2018": "$430", "2017": "$", "2016": "$73", "2015": "$", "2014": "$", "2013": "$"}, "Nutanix Quarterly Long Term Debt (Millions of US $)": {"2020-10-31": "$995", "2020-07-31": "$490", "2020-04-30": "$482", "2020-01-31": "$474", "2019-10-31": "$467", "2019-07-31": "$459", "2019-04-30": "$451", "2019-01-31": "$444", "2018-10-31": "$437", "2018-07-31": "$430", "2018-04-30": "$423", "2018-01-31": "$416", "2017-10-31": "", "2017-07-31": "", "2017-04-30": "", "2017-01-31": "", "2016-10-31": "", "2016-07-31": "$73", "2016-04-30": "$73", "2016-01-31": "", "2015-10-31": "", "2015-07-31": "", "2015-04-30": "", "2015-01-31": "", "2014-10-31": "", "2014-07-31": "", "2014-04-30": "", "2014-01-31": "", "2013-10-31": "", "2013-07-31": ""}}, "total-liabilities": {"Nutanix Annual Total Liabilities (Millions of US $)": {"2020": "$2,044", "2019": "$1,599", "2018": "$1,273", "2017": "$521", "2016": "$465", "2015": "$174", "2014": "$78", "2013": "$0"}, "Nutanix Quarterly Total Liabilities (Millions of US $)": {"2020-10-31": "$2,873", "2020-07-31": "$2,044", "2020-04-30": "$1,957", "2020-01-31": "$1,929", "2019-10-31": "$1,803", "2019-07-31": "$1,599", "2019-04-30": "$1,496", "2019-01-31": "$1,436", "2018-10-31": "$1,342", "2018-07-31": "$1,273", "2018-04-30": "$1,121", "2018-01-31": "$1,045", "2017-10-31": "$548", "2017-07-31": "$521", "2017-04-30": "$623", "2017-01-31": "$539", "2016-10-31": "$477", "2016-07-31": "$465", "2016-04-30": "$368", "2016-01-31": "$242", "2015-10-31": "$210", "2015-07-31": "$174", "2015-04-30": "$134", "2015-01-31": "$113", "2014-10-31": "$96", "2014-07-31": "$78", "2014-04-30": "$0", "2014-01-31": "$0", "2013-10-31": "$0", "2013-07-31": "$0"}}, "total-share-holder-equity": {"Nutanix Annual Share Holder Equity (Millions of US $)": {"2020": "$-275", "2019": "$187", "2018": "$327", "2017": "$217", "2016": "$-66", "2015": "$76", "2014": "$41", "2013": "$0"}, "Nutanix Quarterly Share Holder Equity (Millions of US $)": {"2020-10-31": "$-557", "2020-07-31": "$-275", "2020-04-30": "$-184", "2020-01-31": "$-66", "2019-10-31": "$64", "2019-07-31": "$187", "2019-04-30": "$305", "2019-01-31": "$386", "2018-10-31": "$431", "2018-07-31": "$327", "2018-04-30": "$355", "2018-01-31": "$300", "2017-10-31": "$217", "2017-07-31": "$217", "2017-04-30": "$95", "2017-01-31": "$132", "2016-10-31": "$172", "2016-07-31": "$-66", "2016-04-30": "$-22", "2016-01-31": "$19", "2015-10-31": "$45", "2015-07-31": "$76", "2015-04-30": "$106", "2015-01-31": "$133", "2014-10-31": "$156", "2014-07-31": "$41", "2014-04-30": "$0", "2014-01-31": "$0", "2013-10-31": "$0", "2013-07-31": "$0"}}, "profit-margins": {"current": "-69.59%"}, "gross margin": {"2020-10-31": "78.41%", "2020-07-31": "78.13%", "2020-04-30": "77.50%", "2020-01-31": "76.72%", "2019-10-31": "75.61%", "2019-07-31": "75.40%", "2019-04-30": "75.08%", "2019-01-31": "73.49%", "2018-10-31": "70.49%", "2018-07-31": "66.52%", "2018-04-30": "62.86%", "2018-01-31": "60.92%", "2017-10-31": "60.66%", "2017-07-31": "61.23%", "2017-04-30": "64.02%", "2017-01-31": "65.05%", "2016-10-31": "65.95%", "2016-07-31": "66.07%", "2016-04-30": "61.32%", "2016-01-31": "60.61%", "2015-10-31": "59.15%", "2015-07-31": "58.26%", "2015-04-30": "57.49%", "2015-01-31": "56.18%", "2014-10-31": "54.25%", "2014-07-31": "52.76%"}, "operating margin": {"2020-10-31": "-60.49%", "2020-07-31": "-63.30%", "2020-04-30": "-65.63%", "2020-01-31": "-65.12%", "2019-10-31": "-58.40%", "2019-07-31": "-48.38%", "2019-04-30": "-39.84%", "2019-01-31": "-29.98%", "2018-10-31": "-26.49%", "2018-07-31": "-24.22%", "2018-04-30": "-24.00%", "2018-01-31": "-27.13%", "2017-10-31": "-31.30%", "2017-07-31": "-41.02%", "2017-04-30": "-34.22%", "2017-01-31": "-31.67%", "2016-10-31": "-30.08%", "2016-07-31": "-20.83%", "2016-04-30": "-39.74%", "2016-01-31": "-41.82%", "2015-10-31": "-45.42%", "2015-07-31": "-49.17%", "2015-04-30": "-54.11%", "2015-01-31": "-57.30%", "2014-10-31": "-59.48%", "2014-07-31": "-62.20%"}, "ebitda margin": {"2020-10-31": "-50.54%", "2020-07-31": "-53.75%", "2020-04-30": "-56.02%", "2020-01-31": "-55.60%", "2019-10-31": "-49.19%", "2019-07-31": "-39.72%", "2019-04-30": "-31.94%", "2019-01-31": "-22.72%", "2018-10-31": "-20.03%", "2018-07-31": "-18.60%", "2018-04-30": "-19.11%", "2018-01-31": "-22.92%", "2017-10-31": "-27.12%", "2017-07-31": "-36.76%", "2017-04-30": "-29.92%", "2017-01-31": "-27.10%", "2016-10-31": "-25.29%", "2016-07-31": "-15.67%", "2016-04-30": "-31.84%", "2016-01-31": "-34.55%", "2015-10-31": "-39.08%", "2015-07-31": "-42.15%", "2015-04-30": "-47.34%", "2015-01-31": "-49.44%", "2014-10-31": "-49.67%", "2014-07-31": "-51.97%"}, "pre tax profit margin": {"2020-10-31": "-68.22%", "2020-07-31": "-65.37%", "2020-04-30": "-67.27%", "2020-01-31": "-66.56%", "2019-10-31": "-59.77%", "2019-07-31": "-49.60%", "2019-04-30": "-41.05%", "2019-01-31": "-31.35%", "2018-10-31": "-27.58%", "2018-07-31": "-25.09%", "2018-04-30": "-24.64%", "2018-01-31": "-27.33%", "2017-10-31": "-31.51%", "2017-07-31": "-44.33%", "2017-04-30": "-37.63%", "2017-01-31": "-35.81%", "2016-10-31": "-34.38%", "2016-07-31": "-21.03%", "2016-04-30": "-40.79%", "2016-01-31": "-42.42%", "2015-10-31": "-47.54%", "2015-07-31": "-51.65%", "2015-04-30": "-56.52%", "2015-01-31": "-60.67%", "2014-10-31": "-62.75%", "2014-07-31": "-65.35%"}, "net profit margin": {"2020-10-31": "-69.60%", "2020-07-31": "-66.74%", "2020-04-30": "-68.91%", "2020-01-31": "-68.08%", "2019-10-31": "-61.07%", "2019-07-31": "-50.24%", "2019-04-30": "-41.45%", "2019-01-31": "-31.43%", "2018-10-31": "-27.66%", "2018-07-31": "-25.69%", "2018-04-30": "-25.00%", "2018-01-31": "-28.11%", "2017-10-31": "-32.15%", "2017-07-31": "-44.80%", "2017-04-30": "-38.26%", "2017-01-31": "-36.09%", "2016-10-31": "-34.71%", "2016-07-31": "-21.63%", "2016-04-30": "-41.05%", "2016-01-31": "-43.03%", "2015-10-31": "-48.24%", "2015-07-31": "-52.48%", "2015-04-30": "-57.49%", "2015-01-31": "-61.80%", "2014-10-31": "-64.05%", "2014-07-31": "-66.14%"}, "pe ratio": {"current": "0.00", "2021-02-05": "0.00", "2020-10-31": "0.00", "2020-07-31": "0.00", "2020-04-30": "0.00", "2020-01-31": "0.00", "2019-10-31": "0.00", "2019-07-31": "0.00", "2019-04-30": "0.00", "2019-01-31": "0.00", "2018-10-31": "0.00", "2018-07-31": "0.00", "2018-04-30": "0.00", "2018-01-31": "0.00", "2017-10-31": "0.00", "2017-07-31": "0.00"}, "price sales": {"2021-02-05": "5.05", "2020-10-31": "3.66", "2020-07-31": "3.28", "2020-04-30": "3.04", "2020-01-31": "4.86", "2019-10-31": "4.32", "2019-07-31": "3.30", "2019-04-30": "6.10", "2019-01-31": "7.08", "2018-10-31": "5.81", "2018-07-31": "6.87", "2018-04-30": "6.99", "2018-01-31": "4.63", "2017-10-31": "4.35", "2017-07-31": "2.90"}, "price book": {"current": "0.00", "2021-02-05": "0.00", "2020-10-31": "-8.79", "2020-07-31": "-16.30", "2020-04-30": "-22.21", "2020-01-31": "-95.61", "2019-10-31": "88.38", "2019-07-31": "22.91", "2019-04-30": "26.29", "2019-01-31": "24.19", "2018-10-31": "17.23", "2018-07-31": "25.86", "2018-04-30": "24.30", "2018-01-31": "17.53", "2017-10-31": "21.04", "2017-07-31": "15.14", "2017-04-30": "24.17", "2017-01-31": "32.87", "2016-10-31": "20.30"}, "price fcf": {"2021-02-05": "", "2020-10-31": "$-1.13", "2020-07-31": "$-1.28", "2020-04-30": "$-1.39", "2020-01-31": "$-1.12", "2019-10-31": "$-0.77", "2019-07-31": "$-0.42", "2019-04-30": "$-0.19", "2019-01-31": "$0.12", "2018-10-31": "$0.35", "2018-07-31": "$0.18", "2018-04-30": "$0.07", "2018-01-31": "$-0.12", "2017-10-31": "$-0.22", "2017-07-31": "$-0.28"}, "net worth": {"value": "$6.77B"}, "current ratio": {"current": "2.10", "2020-10-31": "2.10", "2020-07-31": "1.44", "2020-04-30": "1.54", "2020-01-31": "1.64", "2019-10-31": "1.86", "2019-07-31": "2.13", "2019-04-30": "2.41", "2019-01-31": "2.55", "2018-10-31": "2.71", "2018-07-31": "2.76", "2018-04-30": "3.05", "2018-01-31": "3.10", "2017-10-31": "1.86", "2017-07-31": "1.87", "2017-04-30": "1.65", "2017-01-31": "1.85", "2016-10-31": "2.06", "2016-07-31": "1.55", "2016-04-30": "1.87", "2016-01-31": "1.61", "2015-10-31": "1.78", "2015-07-31": "1.99", "2015-04-30": "2.65", "2015-01-31": "3.30", "2014-10-31": "3.94", "2014-07-31": "1.96", "2014-04-30": "0.00", "2014-01-31": "0.00", "2013-10-31": "0.00", "2013-07-31": "0.00"}, "quick ratio": {"2020-10-31": "0.00", "2020-07-31": "0.00", "2020-04-30": "0.00", "2020-01-31": "0.00", "2019-10-31": "0.00", "2019-07-31": "0.00", "2019-04-30": "0.00", "2019-01-31": "0.00", "2018-10-31": "0.00", "2018-07-31": "0.00", "2018-04-30": "0.00", "2018-01-31": "0.00", "2017-10-31": "0.00", "2017-07-31": "0.00", "2017-04-30": "0.00", "2017-01-31": "0.00", "2016-10-31": "0.00", "2016-07-31": "0.00", "2016-04-30": "0.00", "2016-01-31": "0.00", "2015-10-31": "0.00", "2015-07-31": "0.00", "2015-04-30": "0.00", "2015-01-31": "0.00", "2014-10-31": "0.00", "2014-07-31": "0.00", "2014-04-30": "0.00", "2014-01-31": "0.00", "2013-10-31": "0.00", "2013-07-31": "0.00"}, "debt equity ratio": {"current": "0.00", "2020-10-31": "-5.16", "2020-07-31": "-7.43", "2020-04-30": "-10.64", "2020-01-31": "-29.19", "2019-10-31": "28.38", "2019-07-31": "8.56", "2019-04-30": "4.90", "2019-01-31": "3.72", "2018-10-31": "3.11", "2018-07-31": "3.90", "2018-04-30": "3.16", "2018-01-31": "3.48", "2017-10-31": "2.53", "2017-07-31": "2.40", "2017-04-30": "6.54", "2017-01-31": "4.09", "2016-10-31": "2.78", "2016-07-31": "-7.05", "2016-04-30": "-16.87", "2016-01-31": "12.89", "2015-10-31": "4.66", "2015-07-31": "2.30", "2015-04-30": "1.27", "2015-01-31": "0.85", "2014-10-31": "0.62", "2014-07-31": "1.88", "2014-04-30": "0.00", "2014-01-31": "0.00", "2013-10-31": "0.00", "2013-07-31": "0.00"}, "return on equity": {"2020-10-31": "336.04%", "2020-07-31": "757.48%", "2020-04-30": "-352800.00%", "2020-01-31": "-694.69%", "2019-10-31": "-321.02%", "2019-07-31": "-189.76%", "2019-04-30": "-141.89%", "2019-01-31": "-104.07%", "2018-10-31": "-93.42%", "2018-07-31": "-99.08%", "2018-04-30": "-101.38%", "2018-01-31": "-138.48%", "2017-10-31": "-181.54%", "2017-07-31": "-246.10%", "2017-04-30": "-363.96%", "2017-01-31": "-468.52%", "2016-10-31": "-815.53%", "2016-07-31": "1816.67%", "2016-04-30": "-528.81%", "2016-01-31": "-230.89%", "2015-10-31": "-152.22%", "2015-07-31": "-107.86%", "2015-04-30": "-109.17%", "2015-01-31": "-133.33%", "2014-10-31": "-198.98%", "2014-07-31": "-819.51%"}, "return on assets": {"2020-10-31": "-47.09%", "2020-07-31": "-48.03%", "2020-04-30": "-48.41%", "2020-01-31": "-46.52%", "2019-10-31": "-41.57%", "2019-07-31": "-34.59%", "2019-04-30": "-29.39%", "2019-01-31": "-23.39%", "2018-10-31": "-21.31%", "2018-07-31": "-22.91%", "2018-04-30": "-25.54%", "2018-01-31": "-32.19%", "2017-10-31": "-41.49%", "2017-07-31": "-54.63%", "2017-04-30": "-49.75%", "2017-01-31": "-49.03%", "2016-10-31": "-50.79%", "2016-07-31": "-34.58%", "2016-04-30": "-56.12%", "2016-01-31": "-56.41%", "2015-10-31": "-55.24%", "2015-07-31": "-51.37%", "2015-04-30": "-55.48%", "2015-01-31": "-71.31%", "2014-10-31": "-105.66%", "2014-07-31": "-282.35%"}, "return on investments": {"2020-10-31": "-232.70%", "2020-07-31": "-228.26%", "2020-04-30": "-178.53%", "2020-01-31": "-139.09%", "2019-10-31": "-104.67%", "2019-07-31": "-77.14%", "2019-04-30": "-61.54%", "2019-01-31": "-46.05%", "2018-10-31": "-40.55%", "2018-07-31": "-49.80%", "2018-04-30": "-71.00%", "2018-01-31": "-154.75%", "2017-10-31": "inf%", "2017-07-31": "inf%", "2017-04-30": "-15485.71%", "2017-01-31": "-1531.03%", "2016-10-31": "-1255.17%", "2016-07-31": "-724.14%", "2016-04-30": "-1184.31%", "2016-01-31": "inf%", "2015-10-31": "inf%", "2015-07-31": "inf%", "2015-04-30": "inf%", "2015-01-31": "inf%", "2014-10-31": "inf%", "2014-07-31": "inf%"}, "return on tangible equity": {"2020-10-31": "179.11%", "2020-07-31": "244.88%", "2020-04-30": "359.63%", "2020-01-31": "668.76%", "2019-10-31": "4032.00%", "2019-07-31": "-903.27%", "2019-04-30": "-385.02%", "2019-01-31": "-221.91%", "2018-10-31": "-157.52%", "2018-07-31": "-140.26%", "2018-04-30": "-133.49%", "2018-01-31": "-173.68%", "2017-10-31": "-245.40%", "2017-07-31": "-343.76%", "2017-04-30": "-602.99%", "2017-01-31": "-796.85%", "2016-10-31": "-1448.28%", "2016-07-31": "1816.67%", "2016-04-30": "-528.81%", "2016-01-31": "-230.89%", "2015-10-31": "-152.22%", "2015-07-31": "-107.86%", "2015-04-30": "-109.17%", "2015-01-31": "-133.33%", "2014-10-31": "-198.98%", "2014-07-31": "-819.51%"}, "dividend yield history": {"last payout": "$0.00", "last yield": "0.00%"}}