{"ticker": "NVT", "price": {"title": "NVent Electric Historical Annual Stock Price Data", "value": 23.85, "historical": {"2020": {"Average Stock Price": "20.3001", "Year Open": "25.9200", "Year High": "28.5500", "Year Low": "12.5100", "Year Close": "23.2900", "Annual % Change": "-8.95%"}, "2019": {"Average Stock Price": "24.2573", "Year Open": "22.5100", "Year High": "28.4000", "Year Low": "19.0600", "Year Close": "25.5800", "Annual % Change": "13.89%"}, "2018": {"Average Stock Price": "25.7790", "Year Open": "22.7200", "Year High": "29.4200", "Year Low": "20.3100", "Year Close": "22.4600", "Annual % Change": "0.00%"}}}, "market cap": {"value": "$4.06B"}, "income statement": {"Revenue": {"2019-12-31": "2204.00000", "2018-12-31": "2213.60000", "2017-12-31": "2097.90000", "2016-12-31": "2116.00000"}, "Cost Of Goods Sold": {"2019-12-31": "1338.20000", "2018-12-31": "1337.50000", "2017-12-31": "1256.00000", "2016-12-31": "1280.20000"}, "Gross Profit": {"2019-12-31": "865.80000", "2018-12-31": "876.10010", "2017-12-31": "841.89990", "2016-12-31": "835.80000"}, "Research And Development Expenses": {"2019-12-31": "48.20000", "2018-12-31": "45.60000", "2017-12-31": "42.50000", "2016-12-31": "40.60000"}, "SG&A Expenses": {"2019-12-31": "484.50000", "2018-12-31": "519.70000", "2017-12-31": "483.30000", "2016-12-31": "462.40000"}, "Other Operating Income Or Expenses": {"2019-12-31": "", "2018-12-31": "", "2017-12-31": "", "2016-12-31": ""}, "Operating Expenses": {"2019-12-31": "1870.90000", "2018-12-31": "1902.80000", "2017-12-31": "1781.80000", "2016-12-31": "1783.20000"}, "Operating Income": {"2019-12-31": "333.10010", "2018-12-31": "310.80000", "2017-12-31": "316.09990", "2016-12-31": "332.80000"}, "Total Non-Operating Income/Expense": {"2019-12-31": "-75.70000", "2018-12-31": "-42.10000", "2017-12-31": "-2.80000", "2016-12-31": "-17.80000"}, "Pre-Tax Income": {"2019-12-31": "257.40000", "2018-12-31": "268.70000", "2017-12-31": "313.30000", "2016-12-31": "315.00000"}, "Income Taxes": {"2019-12-31": "34.70000", "2018-12-31": "37.90000", "2017-12-31": "-48.40000", "2016-12-31": "55.90000"}, "Income After Taxes": {"2019-12-31": "222.70000", "2018-12-31": "230.80000", "2017-12-31": "361.70000", "2016-12-31": "259.10000"}, "Other Income": {"2019-12-31": "", "2018-12-31": "", "2017-12-31": "", "2016-12-31": ""}, "Income From Continuous Operations": {"2019-12-31": "222.70000", "2018-12-31": "230.80000", "2017-12-31": "361.70000", "2016-12-31": "259.10000"}, "Income From Discontinued Operations": {"2019-12-31": "", "2018-12-31": "", "2017-12-31": "", "2016-12-31": ""}, "Net Income": {"2019-12-31": "222.70000", "2018-12-31": "230.80000", "2017-12-31": "361.70000", "2016-12-31": "259.10000"}, "EBITDA": {"2019-12-31": "429.90010", "2018-12-31": "407.90010", "2017-12-31": "413.99980", "2016-12-31": "428.00010"}, "EBIT": {"2019-12-31": "333.10010", "2018-12-31": "310.80000", "2017-12-31": "316.09990", "2016-12-31": "332.80000"}, "Basic Shares Outstanding": {"2019-12-31": "171.60000", "2018-12-31": "178.60000", "2017-12-31": "179.00000", "2016-12-31": "179.00000"}, "Shares Outstanding": {"2019-12-31": "173.00000", "2018-12-31": "180.80000", "2017-12-31": "181.20000", "2016-12-31": "181.20000"}, "Basic EPS": {"2019-12-31": "1.30000", "2018-12-31": "1.29000", "2017-12-31": "2.02000", "2016-12-31": "1.45000"}, "EPS - Earnings Per Share": {"2019-12-31": "1.29000", "2018-12-31": "1.28000", "2017-12-31": "2.00000", "2016-12-31": "1.43000"}}, "income statement, quarterly": {"Revenue": {"2020-09-30": "509.30000", "2020-06-30": "447.20000", "2020-03-31": "520.90000", "2019-12-31": "566.70000", "2019-09-30": "559.80000", "2019-06-30": "539.50000", "2019-03-31": "538.00000", "2018-12-31": "568.10000", "2018-09-30": "563.90000", "2018-06-30": "542.70000", "2018-03-31": "538.90000", "2017-12-31": "541.90000", "2017-09-30": "540.60000", "2017-06-30": "513.20000", "2017-03-31": "502.20000", "2016-12-31": ""}, "Cost Of Goods Sold": {"2020-09-30": "312.50000", "2020-06-30": "286.90000", "2020-03-31": "325.60000", "2019-12-31": "347.09990", "2019-09-30": "335.70000", "2019-06-30": "327.30000", "2019-03-31": "328.10000", "2018-12-31": "349.40000", "2018-09-30": "334.80000", "2018-06-30": "323.30000", "2018-03-31": "330.00000", "2017-12-31": "328.50000", "2017-09-30": "320.50000", "2017-06-30": "303.50000", "2017-03-31": "303.50000", "2016-12-31": ""}, "Gross Profit": {"2020-09-30": "196.80000", "2020-06-30": "160.30000", "2020-03-31": "195.30000", "2019-12-31": "219.60000", "2019-09-30": "224.10000", "2019-06-30": "212.20000", "2019-03-31": "209.90000", "2018-12-31": "218.70000", "2018-09-30": "229.10000", "2018-06-30": "219.40000", "2018-03-31": "208.90000", "2017-12-31": "213.40000", "2017-09-30": "220.10000", "2017-06-30": "209.70000", "2017-03-31": "198.70000", "2016-12-31": ""}, "Research And Development Expenses": {"2020-09-30": "10.50000", "2020-06-30": "10.70000", "2020-03-31": "11.90000", "2019-12-31": "12.00000", "2019-09-30": "11.80000", "2019-06-30": "12.10000", "2019-03-31": "12.30000", "2018-12-31": "11.90000", "2018-09-30": "11.30000", "2018-06-30": "11.00000", "2018-03-31": "11.40000", "2017-12-31": "10.10000", "2017-09-30": "10.50000", "2017-06-30": "10.90000", "2017-03-31": "11.00000", "2016-12-31": ""}, "SG&A Expenses": {"2020-09-30": "107.40000", "2020-06-30": "104.30000", "2020-03-31": "123.10000", "2019-12-31": "125.10000", "2019-09-30": "126.20000", "2019-06-30": "113.10000", "2019-03-31": "120.10000", "2018-12-31": "120.60000", "2018-09-30": "124.10000", "2018-06-30": "143.10000", "2018-03-31": "131.90000", "2017-12-31": "143.90000", "2017-09-30": "110.00000", "2017-06-30": "109.30000", "2017-03-31": "120.10000", "2016-12-31": ""}, "Other Operating Income Or Expenses": {"2020-09-30": "", "2020-06-30": "", "2020-03-31": "", "2019-12-31": "", "2019-09-30": "", "2019-06-30": "", "2019-03-31": "", "2018-12-31": "", "2018-09-30": "", "2018-06-30": "", "2018-03-31": "", "2017-12-31": "", "2017-09-30": "", "2017-06-30": "", "2017-03-31": "", "2016-12-31": ""}, "Operating Expenses": {"2020-09-30": "650.90000", "2020-06-30": "401.90000", "2020-03-31": "460.60000", "2019-12-31": "484.20000", "2019-09-30": "473.70000", "2019-06-30": "452.50000", "2019-03-31": "460.50000", "2018-12-31": "481.90010", "2018-09-30": "470.20000", "2018-06-30": "477.40000", "2018-03-31": "473.30000", "2017-12-31": "482.50000", "2017-09-30": "441.00000", "2017-06-30": "423.70000", "2017-03-31": "434.60000", "2016-12-31": ""}, "Operating Income": {"2020-09-30": "-141.60000", "2020-06-30": "45.30000", "2020-03-31": "60.30000", "2019-12-31": "82.50000", "2019-09-30": "86.10000", "2019-06-30": "87.00000", "2019-03-31": "77.50000", "2018-12-31": "86.19990", "2018-09-30": "93.70000", "2018-06-30": "65.30000", "2018-03-31": "65.60000", "2017-12-31": "59.40000", "2017-09-30": "99.60000", "2017-06-30": "89.50000", "2017-03-31": "67.60000", "2016-12-31": ""}, "Total Non-Operating Income/Expense": {"2020-09-30": "-9.20000", "2020-06-30": "-10.10000", "2020-03-31": "-10.70000", "2019-12-31": "-38.90000", "2019-09-30": "-12.50000", "2019-06-30": "-12.90000", "2019-03-31": "-11.40000", "2018-12-31": "-13.30000", "2018-09-30": "-12.60000", "2018-06-30": "-14.40000", "2018-03-31": "-1.80000", "2017-12-31": "1.80000", "2017-09-30": "-1.60000", "2017-06-30": "-1.50000", "2017-03-31": "-1.50000", "2016-12-31": ""}, "Pre-Tax Income": {"2020-09-30": "-150.80000", "2020-06-30": "35.20000", "2020-03-31": "49.60000", "2019-12-31": "43.60000", "2019-09-30": "73.60000", "2019-06-30": "74.10000", "2019-03-31": "66.10000", "2018-12-31": "72.90000", "2018-09-30": "81.10000", "2018-06-30": "50.90000", "2018-03-31": "63.80000", "2017-12-31": "61.20000", "2017-09-30": "98.00000", "2017-06-30": "88.00000", "2017-03-31": "66.10000", "2016-12-31": ""}, "Income Taxes": {"2020-09-30": "-12.10000", "2020-06-30": "9.40000", "2020-03-31": "31.00000", "2019-12-31": "-1.90000", "2019-09-30": "13.70000", "2019-06-30": "13.20000", "2019-03-31": "9.70000", "2018-12-31": "5.90000", "2018-09-30": "12.90000", "2018-06-30": "7.60000", "2018-03-31": "11.50000", "2017-12-31": "-94.80000", "2017-09-30": "18.30000", "2017-06-30": "17.30000", "2017-03-31": "10.80000", "2016-12-31": ""}, "Income After Taxes": {"2020-09-30": "-138.70000", "2020-06-30": "25.80000", "2020-03-31": "18.60000", "2019-12-31": "45.50000", "2019-09-30": "59.90000", "2019-06-30": "60.90000", "2019-03-31": "56.40000", "2018-12-31": "67.00000", "2018-09-30": "68.20000", "2018-06-30": "43.30000", "2018-03-31": "52.30000", "2017-12-31": "156.00000", "2017-09-30": "79.70000", "2017-06-30": "70.70000", "2017-03-31": "55.30000", "2016-12-31": ""}, "Other Income": {"2020-09-30": "", "2020-06-30": "", "2020-03-31": "", "2019-12-31": "", "2019-09-30": "", "2019-06-30": "", "2019-03-31": "", "2018-12-31": "", "2018-09-30": "", "2018-06-30": "", "2018-03-31": "", "2017-12-31": "0.00000", "2017-09-30": "", "2017-06-30": "", "2017-03-31": "", "2016-12-31": ""}, "Income From Continuous Operations": {"2020-09-30": "-138.70000", "2020-06-30": "25.80000", "2020-03-31": "18.60000", "2019-12-31": "45.50000", "2019-09-30": "59.90000", "2019-06-30": "60.90000", "2019-03-31": "56.40000", "2018-12-31": "67.00000", "2018-09-30": "68.20000", "2018-06-30": "43.30000", "2018-03-31": "52.30000", "2017-12-31": "156.00000", "2017-09-30": "79.70000", "2017-06-30": "70.70000", "2017-03-31": "55.30000", "2016-12-31": ""}, "Income From Discontinued Operations": {"2020-09-30": "", "2020-06-30": "", "2020-03-31": "", "2019-12-31": "", "2019-09-30": "", "2019-06-30": "", "2019-03-31": "", "2018-12-31": "", "2018-09-30": "", "2018-06-30": "", "2018-03-31": "", "2017-12-31": "0.00000", "2017-09-30": "", "2017-06-30": "", "2017-03-31": "", "2016-12-31": ""}, "Net Income": {"2020-09-30": "-138.70000", "2020-06-30": "25.80000", "2020-03-31": "18.60000", "2019-12-31": "45.50000", "2019-09-30": "59.90000", "2019-06-30": "60.90000", "2019-03-31": "56.40000", "2018-12-31": "67.00000", "2018-09-30": "68.20000", "2018-06-30": "43.30000", "2018-03-31": "52.30000", "2017-12-31": "156.00000", "2017-09-30": "79.70000", "2017-06-30": "70.70000", "2017-03-31": "55.30000", "2016-12-31": ""}, "EBITDA": {"2020-09-30": "-115.70000", "2020-06-30": "70.70000", "2020-03-31": "85.90000", "2019-12-31": "107.60000", "2019-09-30": "110.40000", "2019-06-30": "110.90000", "2019-03-31": "101.00000", "2018-12-31": "109.89990", "2018-09-30": "118.20000", "2018-06-30": "89.60000", "2018-03-31": "90.20000", "2017-12-31": "84.00000", "2017-09-30": "124.40000", "2017-06-30": "114.00000", "2017-03-31": "91.60000", "2016-12-31": ""}, "EBIT": {"2020-09-30": "-141.60000", "2020-06-30": "45.30000", "2020-03-31": "60.30000", "2019-12-31": "82.50010", "2019-09-30": "86.10000", "2019-06-30": "87.00000", "2019-03-31": "77.50000", "2018-12-31": "86.20000", "2018-09-30": "93.70000", "2018-06-30": "65.30000", "2018-03-31": "65.60000", "2017-12-31": "59.40000", "2017-09-30": "99.60000", "2017-06-30": "89.50000", "2017-03-31": "67.60000", "2016-12-31": ""}, "Basic Shares Outstanding": {"2020-09-30": "170.00000", "2020-06-30": "169.90000", "2020-03-31": "169.80000", "2019-12-31": "171.60000", "2019-09-30": "169.10000", "2019-06-30": "171.50000", "2019-03-31": "176.50000", "2018-12-31": "178.60000", "2018-09-30": "179.30000", "2018-06-30": "178.50000", "2018-03-31": "179.00000", "2017-12-31": "179.00000", "2017-09-30": "179.00000", "2017-06-30": "179.00000", "2017-03-31": "179.00000", "2016-12-31": ""}, "Shares Outstanding": {"2020-09-30": "170.00000", "2020-06-30": "170.40000", "2020-03-31": "171.00000", "2019-12-31": "173.00000", "2019-09-30": "170.30000", "2019-06-30": "173.00000", "2019-03-31": "178.20000", "2018-12-31": "180.80000", "2018-09-30": "181.50000", "2018-06-30": "180.80000", "2018-03-31": "181.20000", "2017-12-31": "181.20000", "2017-09-30": "181.20000", "2017-06-30": "181.20000", "2017-03-31": "181.20000", "2016-12-31": ""}, "Basic EPS": {"2020-09-30": "-0.82000", "2020-06-30": "0.15000", "2020-03-31": "0.11000", "2019-12-31": "0.27000", "2019-09-30": "0.35000", "2019-06-30": "0.36000", "2019-03-31": "0.32000", "2018-12-31": "0.38000", "2018-09-30": "0.38000", "2018-06-30": "0.24000", "2018-03-31": "0.29000", "2017-12-31": "0.87000", "2017-09-30": "0.45000", "2017-06-30": "0.39000", "2017-03-31": "0.31000", "2016-12-31": ""}, "EPS - Earnings Per Share": {"2020-09-30": "-0.82000", "2020-06-30": "0.15000", "2020-03-31": "0.11000", "2019-12-31": "0.27000", "2019-09-30": "0.35000", "2019-06-30": "0.35000", "2019-03-31": "0.32000", "2018-12-31": "0.37000", "2018-09-30": "0.38000", "2018-06-30": "0.24000", "2018-03-31": "0.29000", "2017-12-31": "0.86000", "2017-09-30": "0.44000", "2017-06-30": "0.39000", "2017-03-31": "0.31000", "2016-12-31": "0.00000"}}, "balance sheet": {"Cash On Hand": {"2019-12-31": "106.40000", "2018-12-31": "159.00000", "2017-12-31": "26.90000", "2016-12-31": ""}, "Receivables": {"2019-12-31": "334.30000", "2018-12-31": "340.90000", "2017-12-31": "349.30000", "2016-12-31": ""}, "Inventory": {"2019-12-31": "244.70000", "2018-12-31": "228.20000", "2017-12-31": "224.10000", "2016-12-31": ""}, "Pre-Paid Expenses": {"2019-12-31": "", "2018-12-31": "", "2017-12-31": "", "2016-12-31": ""}, "Other Current Assets": {"2019-12-31": "113.30000", "2018-12-31": "118.40000", "2017-12-31": "132.30000", "2016-12-31": ""}, "Total Current Assets": {"2019-12-31": "798.70000", "2018-12-31": "846.50000", "2017-12-31": "732.60000", "2016-12-31": ""}, "Property, Plant, And Equipment": {"2019-12-31": "284.50000", "2018-12-31": "264.80000", "2017-12-31": "265.80000", "2016-12-31": ""}, "Long-Term Investments": {"2019-12-31": "", "2018-12-31": "", "2017-12-31": "", "2016-12-31": ""}, "Goodwill And Intangible Assets": {"2019-12-31": "3439.60000", "2018-12-31": "3407.60000", "2017-12-31": "3474.80000", "2016-12-31": "0.00000"}, "Other Long-Term Assets": {"2019-12-31": "117.50000", "2018-12-31": "33.80000", "2017-12-31": "251.80000", "2016-12-31": ""}, "Total Long-Term Assets": {"2019-12-31": "3841.60000", "2018-12-31": "3706.20000", "2017-12-31": "3992.40000", "2016-12-31": ""}, "Total Assets": {"2019-12-31": "4640.30000", "2018-12-31": "4552.70000", "2017-12-31": "4725.00000", "2016-12-31": "0.00000"}, "Total Current Liabilities": {"2019-12-31": "462.20000", "2018-12-31": "461.70000", "2017-12-31": "390.90000", "2016-12-31": ""}, "Long Term Debt": {"2019-12-31": "1047.10000", "2018-12-31": "929.20000", "2017-12-31": "", "2016-12-31": ""}, "Other Non-Current Liabilities": {"2019-12-31": "93.50000", "2018-12-31": "72.00000", "2017-12-31": "86.70000", "2016-12-31": ""}, "Total Long Term Liabilities": {"2019-12-31": "1585.60000", "2018-12-31": "1403.90000", "2017-12-31": "542.80000", "2016-12-31": ""}, "Total Liabilities": {"2019-12-31": "2047.80000", "2018-12-31": "1865.60000", "2017-12-31": "933.70000", "2016-12-31": "0.00000"}, "Common Stock Net": {"2019-12-31": "1.70000", "2018-12-31": "1.80000", "2017-12-31": "", "2016-12-31": "0.00000"}, "Retained Earnings (Accumulated Deficit)": {"2019-12-31": "186.70000", "2018-12-31": "83.40000", "2017-12-31": "", "2016-12-31": ""}, "Comprehensive Income": {"2019-12-31": "-98.60000", "2018-12-31": "-107.80000", "2017-12-31": "-57.10000", "2016-12-31": ""}, "Other Share Holders Equity": {"2019-12-31": "", "2018-12-31": "", "2017-12-31": "3848.40000", "2016-12-31": "0.00000"}, "Share Holder Equity": {"2019-12-31": "2592.50000", "2018-12-31": "2687.10000", "2017-12-31": "3791.30000", "2016-12-31": "0.00000"}, "Total Liabilities And Share Holders Equity": {"2019-12-31": "4640.30000", "2018-12-31": "4552.70000", "2017-12-31": "4725.00000", "2016-12-31": "0.00000"}}, "balance sheet, quarterly": {"Cash On Hand": {"2020-09-30": "159.80000", "2020-06-30": "235.00000", "2020-03-31": "187.90000", "2019-12-31": "106.40000", "2019-09-30": "49.50000", "2019-06-30": "25.30000", "2019-03-31": "32.60000", "2018-12-31": "159.00000", "2018-09-30": "106.00000", "2018-06-30": "91.50000", "2018-03-31": "836.70000", "2017-12-31": "26.90000", "2017-09-30": "", "2017-06-30": "", "2017-03-31": "", "2016-12-31": ""}, "Receivables": {"2020-09-30": "327.40000", "2020-06-30": "300.20000", "2020-03-31": "333.10000", "2019-12-31": "334.30000", "2019-09-30": "375.00000", "2019-06-30": "349.60000", "2019-03-31": "342.70000", "2018-12-31": "340.90000", "2018-09-30": "365.50000", "2018-06-30": "365.00000", "2018-03-31": "355.20000", "2017-12-31": "349.30000", "2017-09-30": "", "2017-06-30": "", "2017-03-31": "", "2016-12-31": ""}, "Inventory": {"2020-09-30": "238.90000", "2020-06-30": "247.50000", "2020-03-31": "249.00000", "2019-12-31": "244.70000", "2019-09-30": "259.10000", "2019-06-30": "248.30000", "2019-03-31": "244.40000", "2018-12-31": "228.20000", "2018-09-30": "237.10000", "2018-06-30": "226.70000", "2018-03-31": "225.40000", "2017-12-31": "224.10000", "2017-09-30": "", "2017-06-30": "", "2017-03-31": "", "2016-12-31": ""}, "Pre-Paid Expenses": {"2020-09-30": "", "2020-06-30": "", "2020-03-31": "", "2019-12-31": "", "2019-09-30": "", "2019-06-30": "", "2019-03-31": "", "2018-12-31": "", "2018-09-30": "", "2018-06-30": "", "2018-03-31": "", "2017-12-31": "", "2017-09-30": "", "2017-06-30": "", "2017-03-31": "", "2016-12-31": ""}, "Other Current Assets": {"2020-09-30": "89.90000", "2020-06-30": "100.40000", "2020-03-31": "115.80000", "2019-12-31": "113.30000", "2019-09-30": "122.80000", "2019-06-30": "125.00000", "2019-03-31": "126.50000", "2018-12-31": "118.40000", "2018-09-30": "126.70000", "2018-06-30": "136.50000", "2018-03-31": "107.40000", "2017-12-31": "132.30000", "2017-09-30": "", "2017-06-30": "", "2017-03-31": "", "2016-12-31": ""}, "Total Current Assets": {"2020-09-30": "816.00000", "2020-06-30": "883.10000", "2020-03-31": "885.80000", "2019-12-31": "798.70000", "2019-09-30": "806.40000", "2019-06-30": "748.20000", "2019-03-31": "746.20000", "2018-12-31": "846.50000", "2018-09-30": "835.30000", "2018-06-30": "819.70000", "2018-03-31": "1524.70000", "2017-12-31": "732.60000", "2017-09-30": "", "2017-06-30": "", "2017-03-31": "", "2016-12-31": ""}, "Property, Plant, And Equipment": {"2020-09-30": "278.10000", "2020-06-30": "276.80000", "2020-03-31": "278.60000", "2019-12-31": "284.50000", "2019-09-30": "280.30000", "2019-06-30": "264.50000", "2019-03-31": "264.60000", "2018-12-31": "264.80000", "2018-09-30": "264.00000", "2018-06-30": "261.10000", "2018-03-31": "265.10000", "2017-12-31": "265.80000", "2017-09-30": "", "2017-06-30": "", "2017-03-31": "", "2016-12-31": ""}, "Long-Term Investments": {"2020-09-30": "", "2020-06-30": "", "2020-03-31": "", "2019-12-31": "", "2019-09-30": "", "2019-06-30": "", "2019-03-31": "", "2018-12-31": "", "2018-09-30": "", "2018-06-30": "", "2018-03-31": "", "2017-12-31": "", "2017-09-30": "", "2017-06-30": "", "2017-03-31": "", "2016-12-31": ""}, "Goodwill And Intangible Assets": {"2020-09-30": "3208.30000", "2020-06-30": "3436.90000", "2020-03-31": "3445.20000", "2019-12-31": "3439.60000", "2019-09-30": "3460.80000", "2019-06-30": "3379.80000", "2019-03-31": "3392.60000", "2018-12-31": "3407.60000", "2018-09-30": "3427.60000", "2018-06-30": "3439.90000", "2018-03-31": "3462.00000", "2017-12-31": "3474.80000", "2017-09-30": "0.00000", "2017-06-30": "0.00000", "2017-03-31": "0.00000", "2016-12-31": "0.00000"}, "Other Long-Term Assets": {"2020-09-30": "108.20000", "2020-06-30": "115.60000", "2020-03-31": "120.60000", "2019-12-31": "117.50000", "2019-09-30": "88.60000", "2019-06-30": "72.30000", "2019-03-31": "71.30000", "2018-12-31": "33.80000", "2018-09-30": "56.20000", "2018-06-30": "56.10000", "2018-03-31": "49.30000", "2017-12-31": "251.80000", "2017-09-30": "", "2017-06-30": "", "2017-03-31": "", "2016-12-31": ""}, "Total Long-Term Assets": {"2020-09-30": "3594.60000", "2020-06-30": "3829.30000", "2020-03-31": "3844.40000", "2019-12-31": "3841.60000", "2019-09-30": "3829.70000", "2019-06-30": "3716.60000", "2019-03-31": "3728.50000", "2018-12-31": "3706.20000", "2018-09-30": "3747.80000", "2018-06-30": "3757.10000", "2018-03-31": "3776.40000", "2017-12-31": "3992.40000", "2017-09-30": "", "2017-06-30": "", "2017-03-31": "", "2016-12-31": ""}, "Total Assets": {"2020-09-30": "4410.60000", "2020-06-30": "4712.40000", "2020-03-31": "4730.20000", "2019-12-31": "4640.30000", "2019-09-30": "4636.10000", "2019-06-30": "4464.80000", "2019-03-31": "4474.70000", "2018-12-31": "4552.70000", "2018-09-30": "4583.10000", "2018-06-30": "4576.80000", "2018-03-31": "5301.10000", "2017-12-31": "4725.00000", "2017-09-30": "0.00000", "2017-06-30": "0.00000", "2017-03-31": "0.00000", "2016-12-31": "0.00000"}, "Total Current Liabilities": {"2020-09-30": "409.90000", "2020-06-30": "386.20000", "2020-03-31": "409.20000", "2019-12-31": "462.20000", "2019-09-30": "437.30000", "2019-06-30": "400.00000", "2019-03-31": "410.20000", "2018-12-31": "461.70000", "2018-09-30": "425.30000", "2018-06-30": "387.40000", "2018-03-31": "328.70000", "2017-12-31": "390.90000", "2017-09-30": "", "2017-06-30": "", "2017-03-31": "", "2016-12-31": ""}, "Long Term Debt": {"2020-09-30": "1032.80000", "2020-06-30": "1187.60000", "2020-03-31": "1192.40000", "2019-12-31": "1047.10000", "2019-09-30": "1133.80000", "2019-06-30": "1041.10000", "2019-03-31": "925.60000", "2018-12-31": "929.20000", "2018-09-30": "932.70000", "2018-06-30": "983.70000", "2018-03-31": "793.00000", "2017-12-31": "", "2017-09-30": "", "2017-06-30": "", "2017-03-31": "", "2016-12-31": ""}, "Other Non-Current Liabilities": {"2020-09-30": "99.80000", "2020-06-30": "95.60000", "2020-03-31": "89.80000", "2019-12-31": "93.50000", "2019-09-30": "90.40000", "2019-06-30": "84.20000", "2019-03-31": "105.70000", "2018-12-31": "72.00000", "2018-09-30": "74.80000", "2018-06-30": "78.50000", "2018-03-31": "85.50000", "2017-12-31": "86.70000", "2017-09-30": "", "2017-06-30": "", "2017-03-31": "", "2016-12-31": ""}, "Total Long Term Liabilities": {"2020-09-30": "1587.30000", "2020-06-30": "1748.00000", "2020-03-31": "1744.40000", "2019-12-31": "1585.60000", "2019-09-30": "1632.30000", "2019-06-30": "1527.00000", "2019-03-31": "1429.40000", "2018-12-31": "1403.90000", "2018-09-30": "1442.20000", "2018-06-30": "1493.00000", "2018-03-31": "1332.20000", "2017-12-31": "542.80000", "2017-09-30": "", "2017-06-30": "", "2017-03-31": "", "2016-12-31": ""}, "Total Liabilities": {"2020-09-30": "1997.20000", "2020-06-30": "2134.20000", "2020-03-31": "2153.60000", "2019-12-31": "2047.80000", "2019-09-30": "2069.60000", "2019-06-30": "1927.00000", "2019-03-31": "1839.60000", "2018-12-31": "1865.60000", "2018-09-30": "1867.50000", "2018-06-30": "1880.40000", "2018-03-31": "1660.90000", "2017-12-31": "933.70000", "2017-09-30": "0.00000", "2017-06-30": "0.00000", "2017-03-31": "0.00000", "2016-12-31": "0.00000"}, "Common Stock Net": {"2020-09-30": "1.70000", "2020-06-30": "1.70000", "2020-03-31": "1.70000", "2019-12-31": "1.70000", "2019-09-30": "1.70000", "2019-06-30": "1.70000", "2019-03-31": "1.70000", "2018-12-31": "1.80000", "2018-09-30": "1.80000", "2018-06-30": "1.80000", "2018-03-31": "", "2017-12-31": "", "2017-09-30": "0.00000", "2017-06-30": "0.00000", "2017-03-31": "0.00000", "2016-12-31": "0.00000"}, "Retained Earnings (Accumulated Deficit)": {"2020-09-30": "3.00000", "2020-06-30": "171.50000", "2020-03-31": "175.50000", "2019-12-31": "186.70000", "2019-09-30": "170.80000", "2019-06-30": "140.50000", "2019-03-31": "109.20000", "2018-12-31": "83.40000", "2018-09-30": "47.50000", "2018-06-30": "42.10000", "2018-03-31": "", "2017-12-31": "", "2017-09-30": "", "2017-06-30": "", "2017-03-31": "", "2016-12-31": ""}, "Comprehensive Income": {"2020-09-30": "-107.50000", "2020-06-30": "-103.30000", "2020-03-31": "-105.10000", "2019-12-31": "-98.60000", "2019-09-30": "-100.80000", "2019-06-30": "-95.10000", "2019-03-31": "-111.00000", "2018-12-31": "-107.80000", "2018-09-30": "-91.50000", "2018-06-30": "-96.30000", "2018-03-31": "-55.50000", "2017-12-31": "-57.10000", "2017-09-30": "", "2017-06-30": "", "2017-03-31": "", "2016-12-31": ""}, "Other Share Holders Equity": {"2020-09-30": "", "2020-06-30": "", "2020-03-31": "", "2019-12-31": "", "2019-09-30": "", "2019-06-30": "", "2019-03-31": "", "2018-12-31": "", "2018-09-30": "0.00000", "2018-06-30": "", "2018-03-31": "3695.70000", "2017-12-31": "3848.40000", "2017-09-30": "0.00000", "2017-06-30": "0.00000", "2017-03-31": "0.00000", "2016-12-31": "0.00000"}, "Share Holder Equity": {"2020-09-30": "2413.40000", "2020-06-30": "2578.20000", "2020-03-31": "2576.60000", "2019-12-31": "2592.50000", "2019-09-30": "2566.50000", "2019-06-30": "2537.80000", "2019-03-31": "2635.10000", "2018-12-31": "2687.10000", "2018-09-30": "2715.60000", "2018-06-30": "2696.40000", "2018-03-31": "3640.20000", "2017-12-31": "3791.30000", "2017-09-30": "0.00000", "2017-06-30": "0.00000", "2017-03-31": "0.00000", "2016-12-31": "0.00000"}, "Total Liabilities And Share Holders Equity": {"2020-09-30": "4410.60000", "2020-06-30": "4712.40000", "2020-03-31": "4730.20000", "2019-12-31": "4640.30000", "2019-09-30": "4636.10000", "2019-06-30": "4464.80000", "2019-03-31": "4474.70000", "2018-12-31": "4552.70000", "2018-09-30": "4583.10000", "2018-06-30": "4576.80000", "2018-03-31": "5301.10000", "2017-12-31": "4725.00000", "2017-09-30": "0.00000", "2017-06-30": "0.00000", "2017-03-31": "0.00000", "2016-12-31": "0.00000"}}, "cash flow statement": {"Net Income/Loss": {"2019-12-31": "222.70000", "2018-12-31": "230.80000", "2017-12-31": "361.70000", "2016-12-31": "259.10000"}, "Total Depreciation And Amortization - Cash Flow": {"2019-12-31": "96.80000", "2018-12-31": "97.10000", "2017-12-31": "97.90000", "2016-12-31": "95.20000"}, "Other Non-Cash Items": {"2019-12-31": "22.20000", "2018-12-31": "-2.60000", "2017-12-31": "-119.40000", "2016-12-31": "48.10000"}, "Total Non-Cash Items": {"2019-12-31": "119.00000", "2018-12-31": "94.50000", "2017-12-31": "-21.50000", "2016-12-31": "143.30000"}, "Change In Accounts Receivable": {"2019-12-31": "26.60000", "2018-12-31": "-1.30000", "2017-12-31": "-18.20000", "2016-12-31": "6.10000"}, "Change In Inventories": {"2019-12-31": "0.90000", "2018-12-31": "-12.00000", "2017-12-31": "-8.90000", "2016-12-31": "0.40000"}, "Change In Accounts Payable": {"2019-12-31": "-7.90000", "2018-12-31": "13.40000", "2017-12-31": "17.00000", "2016-12-31": "15.00000"}, "Change In Assets/Liabilities": {"2019-12-31": "-25.00000", "2018-12-31": "18.10000", "2017-12-31": "79.60000", "2016-12-31": "-59.90000"}, "Total Change In Assets/Liabilities": {"2019-12-31": "-5.40000", "2018-12-31": "18.20000", "2017-12-31": "69.50000", "2016-12-31": "-38.40000"}, "Cash Flow From Operating Activities": {"2019-12-31": "336.30000", "2018-12-31": "343.50000", "2017-12-31": "409.70000", "2016-12-31": "364.00000"}, "Net Change In Property, Plant, And Equipment": {"2019-12-31": "-32.50000", "2018-12-31": "-37.10000", "2017-12-31": "-27.60000", "2016-12-31": "-68.60000"}, "Net Change In Intangible Assets": {"2019-12-31": "", "2018-12-31": "", "2017-12-31": "", "2016-12-31": ""}, "Net Acquisitions/Divestitures": {"2019-12-31": "-127.80000", "2018-12-31": "-2.00000", "2017-12-31": "-13.60000", "2016-12-31": ""}, "Net Change In Short-term Investments": {"2019-12-31": "", "2018-12-31": "", "2017-12-31": "", "2016-12-31": ""}, "Net Change In Long-Term Investments": {"2019-12-31": "", "2018-12-31": "", "2017-12-31": "", "2016-12-31": ""}, "Net Change In Investments - Total": {"2019-12-31": "", "2018-12-31": "", "2017-12-31": "", "2016-12-31": ""}, "Investing Activities - Other": {"2019-12-31": "", "2018-12-31": "", "2017-12-31": "", "2016-12-31": ""}, "Cash Flow From Investing Activities": {"2019-12-31": "-160.30000", "2018-12-31": "-39.10000", "2017-12-31": "-41.20000", "2016-12-31": "-68.60000"}, "Net Long-Term Debt": {"2019-12-31": "120.50000", "2018-12-31": "947.50000", "2017-12-31": "", "2016-12-31": ""}, "Net Current Debt": {"2019-12-31": "", "2018-12-31": "-0.30000", "2017-12-31": "", "2016-12-31": ""}, "Debt Issuance/Retirement Net - Total": {"2019-12-31": "120.50000", "2018-12-31": "947.20000", "2017-12-31": "", "2016-12-31": ""}, "Net Common Equity Issued/Repurchased": {"2019-12-31": "-226.20000", "2018-12-31": "-47.40000", "2017-12-31": "", "2016-12-31": ""}, "Net Total Equity Issued/Repurchased": {"2019-12-31": "-226.20000", "2018-12-31": "-47.40000", "2017-12-31": "", "2016-12-31": ""}, "Total Common And Preferred Stock Dividends Paid": {"2019-12-31": "-120.70000", "2018-12-31": "-62.90000", "2017-12-31": "", "2016-12-31": ""}, "Financial Activities - Other": {"2019-12-31": "", "2018-12-31": "-1003.50000", "2017-12-31": "-359.50000", "2016-12-31": "-308.90000"}, "Cash Flow From Financial Activities": {"2019-12-31": "-226.40000", "2018-12-31": "-166.60000", "2017-12-31": "-359.50000", "2016-12-31": "-308.90000"}, "Net Cash Flow": {"2019-12-31": "-52.60000", "2018-12-31": "132.10000", "2017-12-31": "5.40000", "2016-12-31": "-1.20000"}, "Stock-Based Compensation": {"2019-12-31": "16.10000", "2018-12-31": "12.80000", "2017-12-31": "14.60000", "2016-12-31": "13.40000"}, "Common Stock Dividends Paid": {"2019-12-31": "-120.70000", "2018-12-31": "-62.90000", "2017-12-31": "", "2016-12-31": ""}}, "cash flow statement, quarterly": {"Net Income/Loss": {"2020-09-30": -138.7, "2020-06-30": 25.8, "2020-03-31": "18.60000", "2019-12-31": 45.5, "2019-09-30": 59.9, "2019-06-30": 60.9, "2019-03-31": "56.40000", "2018-12-31": 67, "2018-09-30": 68.2, "2018-06-30": 43.3, "2018-03-31": "52.30000", "2017-12-31": 156, "2017-09-30": 79.7, "2017-06-30": 70.7, "2017-03-31": "55.30000", "2016-12-31": 259.1}, "Total Depreciation And Amortization - Cash Flow": {"2020-09-30": 25.9, "2020-06-30": 25.4, "2020-03-31": "25.60000", "2019-12-31": 25.1, "2019-09-30": 24.3, "2019-06-30": 23.9, "2019-03-31": "23.50000", "2018-12-31": 23.7, "2018-09-30": 24.5, "2018-06-30": 24.3, "2018-03-31": "24.60000", "2017-12-31": 24.6, "2017-09-30": 24.8, "2017-06-30": 24.5, "2017-03-31": "24.00000", "2016-12-31": 95.2}, "Other Non-Cash Items": {"2020-09-30": 204.4, "2020-06-30": 4.4, "2020-03-31": "27.90000", "2019-12-31": 11.7, "2019-09-30": 4.3, "2019-06-30": 4, "2019-03-31": "2.20000", "2018-12-31": -7.6, "2018-09-30": 17.9, "2018-06-30": -14.7, "2018-03-31": "1.80000", "2017-12-31": -126.9, "2017-09-30": 7.4, "2017-06-30": -0.6, "2017-03-31": "0.70000", "2016-12-31": 0}, "Total Non-Cash Items": {"2020-09-30": 230.3, "2020-06-30": 29.8, "2020-03-31": "53.50000", "2019-12-31": 36.8, "2019-09-30": 28.6, "2019-06-30": 27.9, "2019-03-31": "25.70000", "2018-12-31": 16.1, "2018-09-30": 42.4, "2018-06-30": 9.6, "2018-03-31": "26.40000", "2017-12-31": 17.1, "2017-09-30": 32.2, "2017-06-30": 23.9, "2017-03-31": "24.70000", "2016-12-31": 95.2}, "Change In Accounts Receivable": {"2020-09-30": -24.1, "2020-06-30": 34.5, "2020-03-31": "-2.60000", "2019-12-31": 43.8, "2019-09-30": -9.6, "2019-06-30": -6.1, "2019-03-31": "-1.50000", "2018-12-31": 20.4, "2018-09-30": 0.6, "2018-06-30": -21, "2018-03-31": "-1.30000", "2017-12-31": 15.4, "2017-09-30": -13.1, "2017-06-30": -11.1, "2017-03-31": "-9.40000", "2016-12-31": 0}, "Change In Inventories": {"2020-09-30": 12.2, "2020-06-30": 3.2, "2020-03-31": "-6.10000", "2019-12-31": 19.3, "2019-09-30": 1.3, "2019-06-30": -2.9, "2019-03-31": "-16.80000", "2018-12-31": 6.5, "2018-09-30": -9.8, "2018-06-30": -10.7, "2018-03-31": "2.00000", "2017-12-31": 4.5, "2017-09-30": 4.4, "2017-06-30": -8.3, "2017-03-31": "-9.50000", "2016-12-31": 0}, "Change In Accounts Payable": {"2020-09-30": 3.2, "2020-06-30": -16, "2020-03-31": "-33.30000", "2019-12-31": 45.7, "2019-09-30": -9.6, "2019-06-30": -3.2, "2019-03-31": "-40.80000", "2018-12-31": 41.5, "2018-09-30": -9.7, "2018-06-30": 16.2, "2018-03-31": "-34.60000", "2017-12-31": 33.8, "2017-09-30": -10.3, "2017-06-30": -0.2, "2017-03-31": "-6.30000", "2016-12-31": 0}, "Change In Assets/Liabilities": {"2020-09-30": 30.3, "2020-06-30": 6.5, "2020-03-31": "-23.40000", "2019-12-31": -12.3, "2019-09-30": 29.1, "2019-06-30": -5.7, "2019-03-31": "-36.10000", "2018-12-31": 9.4, "2018-09-30": 9.3, "2018-06-30": 8.1, "2018-03-31": "-8.70000", "2017-12-31": 3.9, "2017-09-30": 80.4, "2017-06-30": -37, "2017-03-31": "32.30000", "2016-12-31": 0}, "Total Change In Assets/Liabilities": {"2020-09-30": 21.6, "2020-06-30": 28.2, "2020-03-31": "-65.40000", "2019-12-31": 96.5, "2019-09-30": 11.2, "2019-06-30": -17.9, "2019-03-31": "-95.20000", "2018-12-31": 77.8, "2018-09-30": -9.6, "2018-06-30": -7.4, "2018-03-31": "-42.60000", "2017-12-31": 57.6, "2017-09-30": 61.4, "2017-06-30": -56.6, "2017-03-31": "7.10000", "2016-12-31": -38.4}, "Cash Flow From Operating Activities": {"2020-09-30": 113.2, "2020-06-30": 83.8, "2020-03-31": "6.70000", "2019-12-31": 178.8, "2019-09-30": 99.7, "2019-06-30": 70.9, "2019-03-31": "-13.10000", "2018-12-31": 160.9, "2018-09-30": 101, "2018-06-30": 45.5, "2018-03-31": "36.10000", "2017-12-31": 111.3, "2017-09-30": 173.3, "2017-06-30": 38, "2017-03-31": "87.10000", "2016-12-31": 364}, "Net Change In Property, Plant, And Equipment": {"2020-09-30": -8.1, "2020-06-30": -6.7, "2020-03-31": "-9.10000", "2019-12-31": -9.6, "2019-09-30": -11.4, "2019-06-30": -8.3, "2019-03-31": "-3.20000", "2018-12-31": -10.9, "2018-09-30": -18.8, "2018-06-30": -4.3, "2018-03-31": "-3.10000", "2017-12-31": -6.4, "2017-09-30": -6.2, "2017-06-30": -3.7, "2017-03-31": "-11.30000", "2016-12-31": -68.6}, "Net Change In Intangible Assets": {"2020-09-30": 0, "2020-06-30": 0, "2020-03-31": "", "2019-12-31": 0, "2019-09-30": 0, "2019-06-30": 0, "2019-03-31": "", "2018-12-31": 0, "2018-09-30": 0, "2018-06-30": 0, "2018-03-31": "", "2017-12-31": 0, "2017-09-30": 0, "2017-06-30": 0, "2017-03-31": "", "2016-12-31": 0}, "Net Acquisitions/Divestitures": {"2020-09-30": 0, "2020-06-30": 0, "2020-03-31": "-27.00000", "2019-12-31": 0, "2019-09-30": -127.8, "2019-06-30": 0, "2019-03-31": "", "2018-12-31": 0, "2018-09-30": 0, "2018-06-30": 0, "2018-03-31": "-2.00000", "2017-12-31": 0, "2017-09-30": -0.1, "2017-06-30": 0, "2017-03-31": "-13.50000", "2016-12-31": 0}, "Net Change In Short-term Investments": {"2020-09-30": 0, "2020-06-30": 0, "2020-03-31": "", "2019-12-31": 0, "2019-09-30": 0, "2019-06-30": 0, "2019-03-31": "", "2018-12-31": 0, "2018-09-30": 0, "2018-06-30": 0, "2018-03-31": "", "2017-12-31": 0, "2017-09-30": 0, "2017-06-30": 0, "2017-03-31": "", "2016-12-31": 0}, "Net Change In Long-Term Investments": {"2020-09-30": 0, "2020-06-30": 0, "2020-03-31": "", "2019-12-31": 0, "2019-09-30": 0, "2019-06-30": 0, "2019-03-31": "", "2018-12-31": 0, "2018-09-30": 0, "2018-06-30": 0, "2018-03-31": "", "2017-12-31": 0, "2017-09-30": 0, "2017-06-30": 0, "2017-03-31": "", "2016-12-31": 0}, "Net Change In Investments - Total": {"2020-09-30": 0, "2020-06-30": 0, "2020-03-31": "", "2019-12-31": 0, "2019-09-30": 0, "2019-06-30": 0, "2019-03-31": "", "2018-12-31": 0, "2018-09-30": 0, "2018-06-30": 0, "2018-03-31": "", "2017-12-31": 0, "2017-09-30": 0, "2017-06-30": 0, "2017-03-31": "", "2016-12-31": 0}, "Investing Activities - Other": {"2020-09-30": 0, "2020-06-30": 0, "2020-03-31": "", "2019-12-31": 0, "2019-09-30": 0, "2019-06-30": 0, "2019-03-31": "", "2018-12-31": 0, "2018-09-30": 0, "2018-06-30": 0, "2018-03-31": "", "2017-12-31": 0, "2017-09-30": 0, "2017-06-30": 0, "2017-03-31": "", "2016-12-31": 0}, "Cash Flow From Investing Activities": {"2020-09-30": -8.1, "2020-06-30": -6.7, "2020-03-31": "-36.10000", "2019-12-31": -9.6, "2019-09-30": -139.2, "2019-06-30": -8.3, "2019-03-31": "-3.20000", "2018-12-31": -10.9, "2018-09-30": -18.8, "2018-06-30": -4.3, "2018-03-31": "-5.10000", "2017-12-31": -6.4, "2017-09-30": -6.3, "2017-06-30": -3.7, "2017-03-31": "-24.80000", "2016-12-31": -68.6}, "Net Long-Term Debt": {"2020-09-30": -155, "2020-06-30": -3.7, "2020-03-31": "146.20000", "2019-12-31": -86.3, "2019-09-30": 92.8, "2019-06-30": 116.5, "2019-03-31": "-2.50000", "2018-12-31": -2.5, "2018-09-30": -50, "2018-06-30": 200, "2018-03-31": "800.00000", "2017-12-31": 0, "2017-09-30": 0, "2017-06-30": 0, "2017-03-31": "", "2016-12-31": 0}, "Net Current Debt": {"2020-09-30": 0, "2020-06-30": 0, "2020-03-31": "", "2019-12-31": 0, "2019-09-30": 0, "2019-06-30": 0, "2019-03-31": "", "2018-12-31": 0, "2018-09-30": -0.3, "2018-06-30": 0, "2018-03-31": "", "2017-12-31": 0, "2017-09-30": 0, "2017-06-30": 0, "2017-03-31": "", "2016-12-31": 0}, "Debt Issuance/Retirement Net - Total": {"2020-09-30": -155, "2020-06-30": -3.7, "2020-03-31": "146.20000", "2019-12-31": -86.3, "2019-09-30": 92.8, "2019-06-30": 116.5, "2019-03-31": "-2.50000", "2018-12-31": -2.5, "2018-09-30": -50.3, "2018-06-30": 200, "2018-03-31": "800.00000", "2017-12-31": 0, "2017-09-30": 0, "2017-06-30": 0, "2017-03-31": "", "2016-12-31": 0}, "Net Common Equity Issued/Repurchased": {"2020-09-30": 2, "2020-06-30": -0.3, "2020-03-31": "-0.20000", "2019-12-31": 4.2, "2019-09-30": 0.1, "2019-06-30": -155.4, "2019-03-31": "-75.10000", "2018-12-31": -57.5, "2018-09-30": 5.1, "2018-06-30": 5, "2018-03-31": "", "2017-12-31": 0, "2017-09-30": 0, "2017-06-30": 0, "2017-03-31": "", "2016-12-31": 0}, "Net Total Equity Issued/Repurchased": {"2020-09-30": 2, "2020-06-30": -0.3, "2020-03-31": "-0.20000", "2019-12-31": 4.2, "2019-09-30": 0.1, "2019-06-30": -155.4, "2019-03-31": "-75.10000", "2018-12-31": -57.5, "2018-09-30": 5.1, "2018-06-30": 5, "2018-03-31": "", "2017-12-31": 0, "2017-09-30": 0, "2017-06-30": 0, "2017-03-31": "", "2016-12-31": 0}, "Total Common And Preferred Stock Dividends Paid": {"2020-09-30": -29.7, "2020-06-30": -29.8, "2020-03-31": "-29.70000", "2019-12-31": -29.6, "2019-09-30": -29.6, "2019-06-30": -30.5, "2019-03-31": "-31.00000", "2018-12-31": -31.5, "2018-09-30": -31.4, "2018-06-30": 0, "2018-03-31": "", "2017-12-31": 0, "2017-09-30": 0, "2017-06-30": 0, "2017-03-31": "", "2016-12-31": 0}, "Financial Activities - Other": {"2020-09-30": 0, "2020-06-30": 0, "2020-03-31": "", "2019-12-31": 0, "2019-09-30": 0, "2019-06-30": 0, "2019-03-31": "", "2018-12-31": 0, "2018-09-30": 0, "2018-06-30": -986, "2018-03-31": "-17.50000", "2017-12-31": -117.8, "2017-09-30": -166.8, "2017-06-30": -23.8, "2017-03-31": "-51.10000", "2016-12-31": -308.9}, "Cash Flow From Financial Activities": {"2020-09-30": -182.7, "2020-06-30": -33.8, "2020-03-31": "116.30000", "2019-12-31": -111.7, "2019-09-30": 63.3, "2019-06-30": -69.4, "2019-03-31": "-108.60000", "2018-12-31": -91.5, "2018-09-30": -76.6, "2018-06-30": -781, "2018-03-31": "782.50000", "2017-12-31": -117.8, "2017-09-30": -166.8, "2017-06-30": -23.8, "2017-03-31": "-51.10000", "2016-12-31": -308.9}, "Net Cash Flow": {"2020-09-30": -75.2, "2020-06-30": 47.1, "2020-03-31": "81.50000", "2019-12-31": 56.9, "2019-09-30": 24.2, "2019-06-30": -7.3, "2019-03-31": "-126.40000", "2018-12-31": 53, "2018-09-30": 14.5, "2018-06-30": -745.2, "2018-03-31": "809.80000", "2017-12-31": -0.3, "2017-09-30": -8.8, "2017-06-30": 8, "2017-03-31": "6.50000", "2016-12-31": -1.2}, "Stock-Based Compensation": {"2020-09-30": 3.9, "2020-06-30": 4.2, "2020-03-31": "1.90000", "2019-12-31": 3.7, "2019-09-30": 4, "2019-06-30": 4.1, "2019-03-31": "4.30000", "2018-12-31": 3.5, "2018-09-30": 3.9, "2018-06-30": 3, "2018-03-31": "2.40000", "2017-12-31": 3.2, "2017-09-30": 2.6, "2017-06-30": 2.6, "2017-03-31": "6.20000", "2016-12-31": 0}, "Common Stock Dividends Paid": {"2020-09-30": -29.7, "2020-06-30": -29.8, "2020-03-31": "-29.70000", "2019-12-31": -29.6, "2019-09-30": -29.6, "2019-06-30": -30.5, "2019-03-31": "-31.00000", "2018-12-31": -31.5, "2018-09-30": -31.4, "2018-06-30": 0, "2018-03-31": "0.00000", "2017-12-31": 0, "2017-09-30": 0, "2017-06-30": 0, "2017-03-31": "", "2016-12-31": 0}}, "financial ratios": {"Current Ratio": {"2019-12-31": "1.72800", "2018-12-31": "1.83340", "2017-12-31": "1.87410", "2016-12-31": ""}, "Long-term Debt / Capital": {"2019-12-31": "0.28770", "2018-12-31": "0.25690", "2017-12-31": "", "2016-12-31": ""}, "Debt/Equity Ratio": {"2019-12-31": "0.41060", "2018-12-31": "0.35050", "2017-12-31": "", "2016-12-31": ""}, "Gross Margin": {"2019-12-31": "39.28310", "2018-12-31": "39.57810", "2017-12-31": "40.13060", "2016-12-31": "39.49910"}, "Operating Margin": {"2019-12-31": "15.11340", "2018-12-31": "14.04050", "2017-12-31": "15.06740", "2016-12-31": "15.72780"}, "EBIT Margin": {"2019-12-31": "15.11340", "2018-12-31": "14.04050", "2017-12-31": "15.06740", "2016-12-31": "15.72780"}, "EBITDA Margin": {"2019-12-31": "19.50550", "2018-12-31": "18.42700", "2017-12-31": "19.73400", "2016-12-31": "20.22690"}, "Pre-Tax Profit Margin": {"2019-12-31": "11.67880", "2018-12-31": "12.13860", "2017-12-31": "14.93400", "2016-12-31": "14.88660"}, "Net Profit Margin": {"2019-12-31": "10.10440", "2018-12-31": "10.42650", "2017-12-31": "17.24110", "2016-12-31": "12.24480"}, "Asset Turnover": {"2019-12-31": "0.47500", "2018-12-31": "0.48620", "2017-12-31": "0.44400", "2016-12-31": ""}, "Inventory Turnover Ratio": {"2019-12-31": "5.46870", "2018-12-31": "5.86110", "2017-12-31": "5.60460", "2016-12-31": ""}, "Receiveable Turnover": {"2019-12-31": "6.59290", "2018-12-31": "6.49340", "2017-12-31": "6.00600", "2016-12-31": ""}, "Days Sales In Receivables": {"2019-12-31": "55.36280", "2018-12-31": "56.21090", "2017-12-31": "60.77240", "2016-12-31": ""}, "ROE - Return On Equity": {"2019-12-31": "8.59020", "2018-12-31": "8.58920", "2017-12-31": "9.54030", "2016-12-31": ""}, "Return On Tangible Equity": {"2019-12-31": "-26.28970", "2018-12-31": "-32.03330", "2017-12-31": "114.28110", "2016-12-31": ""}, "ROA - Return On Assets": {"2019-12-31": "4.79930", "2018-12-31": "5.06950", "2017-12-31": "7.65500", "2016-12-31": ""}, "ROI - Return On Investment": {"2019-12-31": "6.11880", "2018-12-31": "6.38220", "2017-12-31": "9.54030", "2016-12-31": ""}, "Book Value Per Share": {"2019-12-31": "15.29500", "2018-12-31": "15.16420", "2017-12-31": "", "2016-12-31": ""}, "Operating Cash Flow Per Share": {"2019-12-31": 0.044, "2018-12-31": -0.3611, "2017-12-31": 0.2522, "2016-12-31": 2.0088}, "Free Cash Flow Per Share": {"2019-12-31": 0.0614, "2018-12-31": -0.414, "2017-12-31": 0.4785, "2016-12-31": 1.6302}}, "financial ratios, quarterly": {"Current Ratio": {"2020-09-30": "1.99070", "2020-06-30": "2.28660", "2020-03-31": "2.16470", "2019-12-31": "1.72800", "2019-09-30": "1.84400", "2019-06-30": "1.87050", "2019-03-31": "1.81910", "2018-12-31": "1.83340", "2018-09-30": "1.96400", "2018-06-30": "2.11590", "2018-03-31": "4.63860", "2017-12-31": "1.87410", "2017-09-30": "", "2017-06-30": "", "2017-03-31": "", "2016-12-31": ""}, "Long-term Debt / Capital": {"2020-09-30": "0.29970", "2020-06-30": "0.31540", "2020-03-31": "0.31640", "2019-12-31": "0.28770", "2019-09-30": "0.30640", "2019-06-30": "0.29090", "2019-03-31": "0.25990", "2018-12-31": "0.25690", "2018-09-30": "0.25570", "2018-06-30": "0.26730", "2018-03-31": "0.17890", "2017-12-31": "", "2017-09-30": "", "2017-06-30": "", "2017-03-31": "", "2016-12-31": ""}, "Debt/Equity Ratio": {"2020-09-30": "0.43620", "2020-06-30": "0.46840", "2020-03-31": "0.47010", "2019-12-31": "0.41060", "2019-09-30": "0.44830", "2019-06-30": "0.41610", "2019-03-31": "0.35650", "2018-12-31": "0.35050", "2018-09-30": "0.34760", "2018-06-30": "0.36860", "2018-03-31": "0.21780", "2017-12-31": "", "2017-09-30": "", "2017-06-30": "", "2017-03-31": "", "2016-12-31": ""}, "Gross Margin": {"2020-09-30": "38.64130", "2020-06-30": "35.84530", "2020-03-31": "37.49280", "2019-12-31": "38.75070", "2019-09-30": "40.03220", "2019-06-30": "39.33270", "2019-03-31": "39.01490", "2018-12-31": "38.49680", "2018-09-30": "40.62780", "2018-06-30": "40.42750", "2018-03-31": "38.76410", "2017-12-31": "39.37810", "2017-09-30": "40.71400", "2017-06-30": "40.86130", "2017-03-31": "39.56590", "2016-12-31": ""}, "Operating Margin": {"2020-09-30": "-27.80290", "2020-06-30": "10.12970", "2020-03-31": "11.57610", "2019-12-31": "14.55800", "2019-09-30": "15.38050", "2019-06-30": "16.12600", "2019-03-31": "14.40520", "2018-12-31": "15.17340", "2018-09-30": "16.61640", "2018-06-30": "12.03240", "2018-03-31": "12.17300", "2017-12-31": "10.96140", "2017-09-30": "18.42400", "2017-06-30": "17.43960", "2017-03-31": "13.46080", "2016-12-31": ""}, "EBIT Margin": {"2020-09-30": "-27.80290", "2020-06-30": "10.12970", "2020-03-31": "11.57610", "2019-12-31": "14.55800", "2019-09-30": "15.38050", "2019-06-30": "16.12600", "2019-03-31": "14.40520", "2018-12-31": "15.17340", "2018-09-30": "16.61640", "2018-06-30": "12.03240", "2018-03-31": "12.17300", "2017-12-31": "10.96140", "2017-09-30": "18.42400", "2017-06-30": "17.43960", "2017-03-31": "13.46080", "2016-12-31": ""}, "EBITDA Margin": {"2020-09-30": "", "2020-06-30": "", "2020-03-31": "", "2019-12-31": "", "2019-09-30": "", "2019-06-30": "", "2019-03-31": "", "2018-12-31": "", "2018-09-30": "", "2018-06-30": "", "2018-03-31": "", "2017-12-31": "", "2017-09-30": "", "2017-06-30": "", "2017-03-31": "", "2016-12-31": ""}, "Pre-Tax Profit Margin": {"2020-09-30": "-29.60930", "2020-06-30": "7.87120", "2020-03-31": "9.52200", "2019-12-31": "7.69370", "2019-09-30": "13.14760", "2019-06-30": "13.73490", "2019-03-31": "12.28630", "2018-12-31": "12.83230", "2018-09-30": "14.38200", "2018-06-30": "9.37900", "2018-03-31": "11.83890", "2017-12-31": "11.29360", "2017-09-30": "18.12800", "2017-06-30": "17.14730", "2017-03-31": "13.16210", "2016-12-31": ""}, "Net Profit Margin": {"2020-09-30": "-27.23350", "2020-06-30": "5.76920", "2020-03-31": "3.57070", "2019-12-31": "8.02890", "2019-09-30": "10.70030", "2019-06-30": "11.28820", "2019-03-31": "10.48330", "2018-12-31": "11.79370", "2018-09-30": "12.09430", "2018-06-30": "7.97860", "2018-03-31": "9.70500", "2017-12-31": "28.78760", "2017-09-30": "14.74290", "2017-06-30": "13.77630", "2017-03-31": "11.01160", "2016-12-31": ""}, "Asset Turnover": {"2020-09-30": "0.11550", "2020-06-30": "0.09490", "2020-03-31": "0.11010", "2019-12-31": "0.12210", "2019-09-30": "0.12070", "2019-06-30": "0.12080", "2019-03-31": "0.12020", "2018-12-31": "0.12480", "2018-09-30": "0.12300", "2018-06-30": "0.11860", "2018-03-31": "0.10170", "2017-12-31": "0.11470", "2017-09-30": "", "2017-06-30": "", "2017-03-31": "", "2016-12-31": ""}, "Inventory Turnover Ratio": {"2020-09-30": "1.30810", "2020-06-30": "1.15920", "2020-03-31": "1.30760", "2019-12-31": "1.41850", "2019-09-30": "1.29560", "2019-06-30": "1.31820", "2019-03-31": "1.34250", "2018-12-31": "1.53110", "2018-09-30": "1.41210", "2018-06-30": "1.42610", "2018-03-31": "1.46410", "2017-12-31": "1.46590", "2017-09-30": "", "2017-06-30": "", "2017-03-31": "", "2016-12-31": ""}, "Receiveable Turnover": {"2020-09-30": "1.55560", "2020-06-30": "1.48970", "2020-03-31": "1.56380", "2019-12-31": "1.69520", "2019-09-30": "1.49280", "2019-06-30": "1.54320", "2019-03-31": "1.56990", "2018-12-31": "1.66650", "2018-09-30": "1.54280", "2018-06-30": "1.48680", "2018-03-31": "1.51720", "2017-12-31": "1.55140", "2017-09-30": "", "2017-06-30": "", "2017-03-31": "", "2016-12-31": ""}, "Days Sales In Receivables": {"2020-09-30": "57.85590", "2020-06-30": "60.41590", "2020-03-31": "57.55230", "2019-12-31": "53.09160", "2019-09-30": "60.28940", "2019-06-30": "58.32070", "2019-03-31": "57.32900", "2018-12-31": "54.00630", "2018-09-30": "58.33480", "2018-06-30": "60.53070", "2018-03-31": "59.32080", "2017-12-31": "58.01250", "2017-09-30": "", "2017-06-30": "", "2017-03-31": "", "2016-12-31": ""}, "ROE - Return On Equity": {"2020-09-30": "-5.74710", "2020-06-30": "1.00070", "2020-03-31": "0.72190", "2019-12-31": "1.75510", "2019-09-30": "2.33390", "2019-06-30": "2.39970", "2019-03-31": "2.14030", "2018-12-31": "2.49340", "2018-09-30": "2.51140", "2018-06-30": "1.60580", "2018-03-31": "1.43670", "2017-12-31": "4.11470", "2017-09-30": "", "2017-06-30": "", "2017-03-31": "", "2016-12-31": ""}, "Return On Tangible Equity": {"2020-09-30": "17.44870", "2020-06-30": "-3.00450", "2020-03-31": "-2.14140", "2019-12-31": "-5.37130", "2019-09-30": "-6.69800", "2019-06-30": "-7.23280", "2019-03-31": "-7.44550", "2018-12-31": "-9.29910", "2018-09-30": "-9.57870", "2018-06-30": "-5.82380", "2018-03-31": "29.34900", "2017-12-31": "49.28910", "2017-09-30": "", "2017-06-30": "", "2017-03-31": "", "2016-12-31": ""}, "ROA - Return On Assets": {"2020-09-30": "-3.14470", "2020-06-30": "0.54750", "2020-03-31": "0.39320", "2019-12-31": "0.98050", "2019-09-30": "1.29200", "2019-06-30": "1.36400", "2019-03-31": "1.26040", "2018-12-31": "1.47170", "2018-09-30": "1.48810", "2018-06-30": "0.94610", "2018-03-31": "0.98660", "2017-12-31": "3.30160", "2017-09-30": "", "2017-06-30": "", "2017-03-31": "", "2016-12-31": ""}, "ROI - Return On Investment": {"2020-09-30": "-4.02470", "2020-06-30": "0.68510", "2020-03-31": "0.49350", "2019-12-31": "1.25010", "2019-09-30": "1.61880", "2019-06-30": "1.70160", "2019-03-31": "1.58400", "2018-12-31": "1.85270", "2018-09-30": "1.86940", "2018-06-30": "1.17660", "2018-03-31": "1.17970", "2017-12-31": "4.11470", "2017-09-30": "", "2017-06-30": "", "2017-03-31": "", "2016-12-31": ""}, "Book Value Per Share": {"2020-09-30": "14.18810", "2020-06-30": "15.17480", "2020-03-31": "15.17430", "2019-12-31": "15.29500", "2019-09-30": "15.16840", "2019-06-30": "15.00770", "2019-03-31": "15.08360", "2018-12-31": "15.16420", "2018-09-30": "15.13710", "2018-06-30": "15.06370", "2018-03-31": "20.40300", "2017-12-31": "", "2017-09-30": "", "2017-06-30": "", "2017-03-31": "", "2016-12-31": ""}, "Operating Cash Flow Per Share": {"2020-09-30": 0.6671, "2020-06-30": 0.4919, "2020-03-31": "0.03920", "2019-12-31": 1.0191, "2019-09-30": 0.5907, "2019-06-30": 0.4076, "2019-03-31": "-0.07350", "2018-12-31": 0.8938, "2018-09-30": 0.5548, "2018-06-30": 0.2521, "2018-03-31": "0.19920", "2017-12-31": 0.6142, "2017-09-30": 0.9564, "2017-06-30": 0.2097, "2017-03-31": "0.48070", "2016-12-31": 0}, "Free Cash Flow Per Share": {"2020-09-30": 0.6192, "2020-06-30": 0.4524, "2020-03-31": "-0.01400", "2019-12-31": 0.9657, "2019-09-30": 0.5228, "2019-06-30": 0.3591, "2019-03-31": "-0.09150", "2018-12-31": 0.833, "2018-09-30": 0.4513, "2018-06-30": 0.2283, "2018-03-31": "0.18210", "2017-12-31": 0.5789, "2017-09-30": 0.9222, "2017-06-30": 0.1893, "2017-03-31": "0.41830", "2016-12-31": 0}}, "revenue": {"NVent Electric Annual Revenue (Millions of US $)": {"2019": "$2,204", "2018": "$2,214", "2017": "$2,098", "2016": "$2,116"}, "NVent Electric Quarterly Revenue (Millions of US $)": {"2020-09-30": "$509", "2020-06-30": "$447", "2020-03-31": "$521", "2019-12-31": "$567", "2019-09-30": "$560", "2019-06-30": "$540", "2019-03-31": "$538", "2018-12-31": "$568", "2018-09-30": "$564", "2018-06-30": "$543", "2018-03-31": "$539", "2017-12-31": "$542", "2017-09-30": "$541", "2017-06-30": "$513", "2017-03-31": "$502", "2016-12-31": ""}}, "gross-profit": {"NVent Electric Annual Gross Profit (Millions of US $)": {"2019": "$866", "2018": "$876", "2017": "$842", "2016": "$836"}, "NVent Electric Quarterly Gross Profit (Millions of US $)": {"2020-09-30": "$197", "2020-06-30": "$160", "2020-03-31": "$195", "2019-12-31": "$220", "2019-09-30": "$224", "2019-06-30": "$212", "2019-03-31": "$210", "2018-12-31": "$219", "2018-09-30": "$229", "2018-06-30": "$219", "2018-03-31": "$209", "2017-12-31": "$213", "2017-09-30": "$220", "2017-06-30": "$210", "2017-03-31": "$199", "2016-12-31": ""}}, "operating-income": {"NVent Electric Annual Operating Income (Millions of US $)": {"2019": "$333", "2018": "$311", "2017": "$316", "2016": "$333"}, "NVent Electric Quarterly Operating Income (Millions of US $)": {"2020-09-30": "$-142", "2020-06-30": "$45", "2020-03-31": "$60", "2019-12-31": "$83", "2019-09-30": "$86", "2019-06-30": "$87", "2019-03-31": "$78", "2018-12-31": "$86", "2018-09-30": "$94", "2018-06-30": "$65", "2018-03-31": "$66", "2017-12-31": "$59", "2017-09-30": "$100", "2017-06-30": "$90", "2017-03-31": "$68", "2016-12-31": ""}}, "ebitda": {"NVent Electric Annual EBITDA (Millions of US $)": {"2019": "$430", "2018": "$408", "2017": "$414", "2016": "$428"}, "NVent Electric Quarterly EBITDA (Millions of US $)": {"2020-09-30": "$-116", "2020-06-30": "$71", "2020-03-31": "$86", "2019-12-31": "$108", "2019-09-30": "$110", "2019-06-30": "$111", "2019-03-31": "$101", "2018-12-31": "$110", "2018-09-30": "$118", "2018-06-30": "$90", "2018-03-31": "$90", "2017-12-31": "$84", "2017-09-30": "$124", "2017-06-30": "$114", "2017-03-31": "$92", "2016-12-31": ""}}, "net-income": {"NVent Electric Annual Net Income (Millions of US $)": {"2019": "$223", "2018": "$231", "2017": "$362", "2016": "$259"}, "NVent Electric Quarterly Net Income (Millions of US $)": {"2020-09-30": "$-139", "2020-06-30": "$26", "2020-03-31": "$19", "2019-12-31": "$46", "2019-09-30": "$60", "2019-06-30": "$61", "2019-03-31": "$56", "2018-12-31": "$67", "2018-09-30": "$68", "2018-06-30": "$43", "2018-03-31": "$52", "2017-12-31": "$156", "2017-09-30": "$80", "2017-06-30": "$71", "2017-03-31": "$55", "2016-12-31": ""}}, "eps-earnings-per-share-diluted": {"NVent Electric Annual EPS": {"2019": "$1.29", "2018": "$1.28", "2017": "$2.00", "2016": "$1.43"}, "NVent Electric Quarterly EPS": {"2020-09-30": "$-0.82", "2020-06-30": "$0.15", "2020-03-31": "$0.11", "2019-12-31": "$0.27", "2019-09-30": "$0.35", "2019-06-30": "$0.35", "2019-03-31": "$0.32", "2018-12-31": "$0.37", "2018-09-30": "$0.38", "2018-06-30": "$0.24", "2018-03-31": "$0.29", "2017-12-31": "$0.86", "2017-09-30": "$0.44", "2017-06-30": "$0.39", "2017-03-31": "$0.31", "2016-12-31": "$0.00"}}, "shares-outstanding": {"NVent Electric Annual Shares Outstanding (Millions of Shares)": {"2019": "173", "2018": "181", "2017": "181", "2016": "181"}, "NVent Electric Quarterly Shares Outstanding (Millions of Shares)": {"2020-09-30": "170", "2020-06-30": "170", "2020-03-31": "171", "2019-12-31": "173", "2019-09-30": "170", "2019-06-30": "173", "2019-03-31": "178", "2018-12-31": "181", "2018-09-30": "182", "2018-06-30": "181", "2018-03-31": "181", "2017-12-31": "181", "2017-09-30": "181", "2017-06-30": "181", "2017-03-31": "181", "2016-12-31": ""}}, "total-assets": {"NVent Electric Annual Total Assets (Millions of US $)": {"2019": "$4,640", "2018": "$4,553", "2017": "$4,725", "2016": "$0"}, "NVent Electric Quarterly Total Assets (Millions of US $)": {"2020-09-30": "$4,411", "2020-06-30": "$4,712", "2020-03-31": "$4,730", "2019-12-31": "$4,640", "2019-09-30": "$4,636", "2019-06-30": "$4,465", "2019-03-31": "$4,475", "2018-12-31": "$4,553", "2018-09-30": "$4,583", "2018-06-30": "$4,577", "2018-03-31": "$5,301", "2017-12-31": "$4,725", "2017-09-30": "$0", "2017-06-30": "$0", "2017-03-31": "$0", "2016-12-31": "$0"}}, "cash-on-hand": {"NVent Electric Annual Cash on Hand (Millions of US $)": {"2019": "$106", "2018": "$159", "2017": "$27", "2016": "$"}, "NVent Electric Quarterly Cash on Hand (Millions of US $)": {"2020-09-30": "$160", "2020-06-30": "$235", "2020-03-31": "$188", "2019-12-31": "$106", "2019-09-30": "$50", "2019-06-30": "$25", "2019-03-31": "$33", "2018-12-31": "$159", "2018-09-30": "$106", "2018-06-30": "$92", "2018-03-31": "$837", "2017-12-31": "$27", "2017-09-30": "", "2017-06-30": "", "2017-03-31": "", "2016-12-31": ""}}, "long-term-debt": {"NVent Electric Annual Long Term Debt (Millions of US $)": {"2019": "$1,047", "2018": "$929", "2017": "$", "2016": "$"}, "NVent Electric Quarterly Long Term Debt (Millions of US $)": {"2020-09-30": "$1,033", "2020-06-30": "$1,188", "2020-03-31": "$1,192", "2019-12-31": "$1,047", "2019-09-30": "$1,134", "2019-06-30": "$1,041", "2019-03-31": "$926", "2018-12-31": "$929", "2018-09-30": "$933", "2018-06-30": "$984", "2018-03-31": "$793", "2017-12-31": "", "2017-09-30": "", "2017-06-30": "", "2017-03-31": "", "2016-12-31": ""}}, "total-liabilities": {"NVent Electric Annual Total Liabilities (Millions of US $)": {"2019": "$2,048", "2018": "$1,866", "2017": "$934", "2016": "$0"}, "NVent Electric Quarterly Total Liabilities (Millions of US $)": {"2020-09-30": "$1,997", "2020-06-30": "$2,134", "2020-03-31": "$2,154", "2019-12-31": "$2,048", "2019-09-30": "$2,070", "2019-06-30": "$1,927", "2019-03-31": "$1,840", "2018-12-31": "$1,866", "2018-09-30": "$1,868", "2018-06-30": "$1,880", "2018-03-31": "$1,661", "2017-12-31": "$934", "2017-09-30": "$0", "2017-06-30": "$0", "2017-03-31": "$0", "2016-12-31": "$0"}}, "total-share-holder-equity": {"NVent Electric Annual Share Holder Equity (Millions of US $)": {"2019": "$2,593", "2018": "$2,687", "2017": "$3,791", "2016": "$0"}, "NVent Electric Quarterly Share Holder Equity (Millions of US $)": {"2020-09-30": "$2,413", "2020-06-30": "$2,578", "2020-03-31": "$2,577", "2019-12-31": "$2,593", "2019-09-30": "$2,567", "2019-06-30": "$2,538", "2019-03-31": "$2,635", "2018-12-31": "$2,687", "2018-09-30": "$2,716", "2018-06-30": "$2,696", "2018-03-31": "$3,640", "2017-12-31": "$3,791", "2017-09-30": "$0", "2017-06-30": "$0", "2017-03-31": "$0", "2016-12-31": "$0"}}, "profit-margins": {"current": "-2.39%"}, "gross margin": {"2020-09-30": "37.77%", "2020-06-30": "38.14%", "2020-03-31": "38.89%", "2019-12-31": "39.27%", "2019-09-30": "39.21%", "2019-06-30": "39.37%", "2019-03-31": "39.63%", "2018-12-31": "39.57%", "2018-09-30": "39.76%", "2018-06-30": "39.77%", "2018-03-31": "39.91%", "2017-12-31": "40.13%"}, "operating margin": {"2020-09-30": "2.25%", "2020-06-30": "13.08%", "2020-03-31": "14.44%", "2019-12-31": "15.15%", "2019-09-30": "15.28%", "2019-06-30": "15.61%", "2019-03-31": "14.60%", "2018-12-31": "14.05%", "2018-09-30": "12.98%", "2018-06-30": "13.39%", "2018-03-31": "14.75%", "2017-12-31": "15.11%"}, "ebitda margin": {"2020-09-30": "7.29%", "2020-06-30": "17.90%", "2020-03-31": "18.97%", "2019-12-31": "19.50%", "2019-09-30": "19.58%", "2019-06-30": "19.91%", "2019-03-31": "18.93%", "2018-12-31": "18.43%", "2018-09-30": "17.46%", "2018-06-30": "17.92%", "2018-03-31": "19.30%", "2017-12-31": "19.73%"}, "pre tax profit margin": {"2020-09-30": "-1.08%", "2020-06-30": "9.69%", "2020-03-31": "11.06%", "2019-12-31": "11.70%", "2019-09-30": "13.01%", "2019-06-30": "13.30%", "2019-03-31": "12.25%", "2018-12-31": "12.15%", "2018-09-30": "11.75%", "2018-06-30": "12.66%", "2018-03-31": "14.57%", "2017-12-31": "14.92%"}, "net profit margin": {"2020-09-30": "-2.35%", "2020-06-30": "7.21%", "2020-03-31": "8.50%", "2019-12-31": "10.11%", "2019-09-30": "11.06%", "2019-06-30": "11.40%", "2019-03-31": "10.57%", "2018-12-31": "10.39%", "2018-09-30": "14.58%", "2018-06-30": "15.29%", "2018-03-31": "16.81%", "2017-12-31": "17.25%"}, "pe ratio": {"current": "15.39", "2021-02-05": "0.00", "2020-09-30": "0.00", "2020-06-30": "20.75", "2020-03-31": "15.08", "2019-12-31": "19.01", "2019-09-30": "15.08", "2019-06-30": "16.48", "2019-03-31": "19.32"}, "price sales": {"2021-02-05": "2.00", "2020-09-30": "1.46", "2020-06-30": "1.49", "2020-03-31": "1.28", "2019-12-31": "1.93", "2019-09-30": "1.67", "2019-06-30": "1.89", "2019-03-31": "2.06"}, "price book": {"current": "1.68", "2021-02-05": "1.68", "2020-09-30": "1.23", "2020-06-30": "1.20", "2020-03-31": "1.07", "2019-12-31": "1.60", "2019-09-30": "1.38", "2019-06-30": "1.56", "2019-03-31": "1.68", "2018-12-31": "1.38", "2018-09-30": "1.66", "2018-06-30": "1.53"}, "price fcf": {"2021-02-05": "", "2020-09-30": "$2.02", "2020-06-30": "$1.93", "2020-03-31": "$1.83", "2019-12-31": "$1.76", "2019-09-30": "$1.62", "2019-06-30": "$1.55", "2019-03-31": "$1.60"}, "net worth": {"value": "$4.06B"}, "current ratio": {"2020-09-30": "1.99", "2020-06-30": "2.29", "2020-03-31": "2.17", "2019-12-31": "1.73", "2019-09-30": "1.84", "2019-06-30": "1.87", "2019-03-31": "1.82", "2018-12-31": "1.83", "2018-09-30": "1.96", "2018-06-30": "2.12", "2018-03-31": "4.64", "2017-12-31": "1.87", "2017-09-30": "0.00", "2017-06-30": "0.00", "2017-03-31": "0.00", "2016-12-31": "0.00"}, "quick ratio": {"2020-09-30": "1.41", "2020-06-30": "1.65", "2020-03-31": "1.56", "2019-12-31": "1.20", "2019-09-30": "1.25", "2019-06-30": "1.25", "2019-03-31": "1.22", "2018-12-31": "1.34", "2018-09-30": "1.41", "2018-06-30": "1.53", "2018-03-31": "3.95", "2017-12-31": "1.30", "2017-09-30": "0.00", "2017-06-30": "0.00", "2017-03-31": "0.00", "2016-12-31": "0.00"}, "debt equity ratio": {"current": "0.43", "2020-09-30": "0.83", "2020-06-30": "0.83", "2020-03-31": "0.84", "2019-12-31": "0.79", "2019-09-30": "0.81", "2019-06-30": "0.76", "2019-03-31": "0.70", "2018-12-31": "0.69", "2018-09-30": "0.69", "2018-06-30": "0.70", "2018-03-31": "0.46", "2017-12-31": "0.25", "2017-09-30": "0.00", "2017-06-30": "0.00", "2017-03-31": "0.00", "2016-12-31": "0.00"}, "return on equity": {"2020-09-30": "-1.89%", "2020-06-30": "5.86%", "2020-03-31": "7.24%", "2019-12-31": "8.63%", "2019-09-30": "9.36%", "2019-06-30": "9.53%", "2019-03-31": "8.72%", "2018-12-31": "7.84%", "2018-09-30": "9.94%", "2018-06-30": "13.07%", "2018-03-31": "19.32%", "2017-12-31": "38.20%"}, "return on assets": {"2020-09-30": "-1.04%", "2020-06-30": "3.23%", "2020-03-31": "4.03%", "2019-12-31": "4.90%", "2019-09-30": "5.38%", "2019-06-30": "5.58%", "2019-03-31": "5.15%", "2018-12-31": "4.84%", "2018-09-30": "6.65%", "2018-06-30": "9.07%", "2018-03-31": "14.32%", "2017-12-31": "30.65%"}, "return on investments": {"2020-09-30": "1.26%", "2020-06-30": "7.37%", "2020-03-31": "8.61%", "2019-12-31": "9.23%", "2019-09-30": "9.32%", "2019-06-30": "9.58%", "2019-03-31": "8.91%", "2018-12-31": "8.09%", "2018-09-30": "9.66%", "2018-06-30": "14.30%", "2018-03-31": "28.42%", "2017-12-31": "inf%"}, "return on tangible equity": {"2020-09-30": "5.70%", "2020-06-30": "-17.41%", "2020-03-31": "-21.55%", "2019-12-31": "-26.71%", "2019-09-30": "-30.37%", "2019-06-30": "-33.25%", "2019-03-31": "-31.90%", "2018-12-31": "-46.02%", "2018-09-30": "-132.78%", "2018-06-30": "-531.73%", "2018-03-31": "290.10%", "2017-12-31": "456.78%"}, "dividend yield history": {"last payout": "$0.70", "last yield": "2.94%"}}