{"ticker": "NVR", "price": {"title": "NVR Historical Annual Stock Price Data", "value": 4668.41, "historical": {"2021": {"Average Stock Price": "4275.0063", "Year Open": "4040.6500", "Year High": "4668.4100", "Year Low": "3930.0000", "Year Close": "4668.4100", "Annual % Change": "14.43%"}, "2020": {"Average Stock Price": "3670.3515", "Year Open": "3735.5000", "Year High": "4446.8800", "Year Low": "2175.0000", "Year Close": "4079.8600", "Annual % Change": "7.13%"}, "2019": {"Average Stock Price": "3273.2874", "Year Open": "2420.8200", "Year High": "3892.8900", "Year Low": "2381.9400", "Year Close": "3808.4100", "Annual % Change": "56.28%"}, "2018": {"Average Stock Price": "2839.3506", "Year Open": "3529.6100", "Year High": "3700.0000", "Year Low": "2101.3800", "Year Close": "2436.9900", "Annual % Change": "-30.53%"}, "2017": {"Average Stock Price": "2523.2107", "Year Open": "1649.9900", "Year High": "3525.7300", "Year Low": "1649.9900", "Year Close": "3508.2200", "Annual % Change": "110.20%"}, "2016": {"Average Stock Price": "1657.5373", "Year Open": "1555.6600", "Year High": "1830.0000", "Year Low": "1497.1900", "Year Close": "1669.0000", "Annual % Change": "1.58%"}, "2015": {"Average Stock Price": "1449.0418", "Year Open": "1251.9900", "Year High": "1720.0000", "Year Low": "1224.1300", "Year Close": "1643.0000", "Annual % Change": "28.83%"}, "2014": {"Average Stock Price": "1150.0881", "Year Open": "1017.1000", "Year High": "1276.6800", "Year Low": "997.4900", "Year Close": "1275.3300", "Annual % Change": "24.30%"}, "2013": {"Average Stock Price": "964.9795", "Year Open": "930.1300", "Year High": "1080.1100", "Year Low": "835.7400", "Year Close": "1026.0100", "Annual % Change": "11.52%"}, "2012": {"Average Stock Price": "807.4689", "Year Open": "703.1600", "Year High": "959.2500", "Year Low": "671.0000", "Year Close": "920.0000", "Annual % Change": "34.11%"}, "2011": {"Average Stock Price": "695.6445", "Year Open": "685.0000", "Year High": "804.3200", "Year Low": "575.2800", "Year Close": "686.0000", "Annual % Change": "-0.73%"}, "2010": {"Average Stock Price": "671.5186", "Year Open": "712.6700", "Year High": "753.0000", "Year Low": "604.1600", "Year Close": "691.0200", "Annual % Change": "-2.77%"}, "2009": {"Average Stock Price": "548.0708", "Year Open": "450.9400", "Year High": "731.0000", "Year Low": "319.5600", "Year Close": "710.7100", "Annual % Change": "55.77%"}, "2008": {"Average Stock Price": "541.8032", "Year Open": "515.0500", "Year High": "676.0100", "Year Low": "338.4500", "Year Close": "456.2500", "Annual % Change": "-12.93%"}, "2007": {"Average Stock Price": "619.9495", "Year Open": "606.5000", "Year High": "842.0000", "Year Low": "413.5000", "Year Close": "524.0000", "Annual % Change": "-18.76%"}, "2006": {"Average Stock Price": "625.4774", "Year Open": "721.0000", "Year High": "842.9800", "Year Low": "394.0000", "Year Close": "645.0000", "Annual % Change": "-8.12%"}, "2005": {"Average Stock Price": "782.6614", "Year Open": "741.5200", "Year High": "938.0000", "Year Low": "660.0000", "Year Close": "702.0000", "Annual % Change": "-8.76%"}, "2004": {"Average Stock Price": "515.7458", "Year Open": "432.7500", "Year High": "769.4000", "Year Low": "410.0000", "Year Close": "769.4000", "Annual % Change": "65.11%"}, "2003": {"Average Stock Price": "409.9869", "Year Open": "337.0000", "Year High": "539.0000", "Year Low": "302.8000", "Year Close": "466.0000", "Annual % Change": "42.73%"}, "2002": {"Average Stock Price": "307.7723", "Year Open": "195.3000", "Year High": "388.3000", "Year Low": "194.0000", "Year Close": "326.5000", "Annual % Change": "60.05%"}, "2001": {"Average Stock Price": "160.2028", "Year Open": "116.6000", "Year High": "205.8000", "Year Low": "109.4000", "Year Close": "204.0000", "Annual % Change": "65.05%"}, "2000": {"Average Stock Price": "66.9988", "Year Open": "46.5600", "Year High": "124.6000", "Year Low": "42.2500", "Year Close": "123.6000", "Annual % Change": "158.85%"}, "1999": {"Average Stock Price": "48.3930", "Year Open": "46.8800", "Year High": "57.8100", "Year Low": "38.0000", "Year Close": "47.7500", "Annual % Change": "0.13%"}, "1998": {"Average Stock Price": "34.9494", "Year Open": "22.3100", "Year High": "47.6900", "Year Low": "22.3100", "Year Close": "47.6900", "Annual % Change": "117.96%"}, "1997": {"Average Stock Price": "17.6411", "Year Open": "12.6300", "Year High": "27.7500", "Year Low": "12.2500", "Year Close": "21.8800", "Annual % Change": "68.31%"}, "1996": {"Average Stock Price": "10.1138", "Year Open": "10.1200", "Year High": "13.0000", "Year Low": "9.0000", "Year Close": "13.0000", "Annual % Change": "30.00%"}, "1995": {"Average Stock Price": "7.8312", "Year Open": "5.5000", "Year High": "11.1300", "Year Low": "5.3750", "Year Close": "10.0000", "Annual % Change": "81.82%"}, "1994": {"Average Stock Price": "7.0658", "Year Open": "9.6250", "Year High": "11.0000", "Year Low": "5.1250", "Year Close": "5.5000", "Annual % Change": "-43.59%"}, "1993": {"Average Stock Price": "1.6155", "Year Open": "0.5000", "Year High": "10.0000", "Year Low": "0.3100", "Year Close": "9.7500", "Annual % Change": "1850.00%"}, "1992": {"Average Stock Price": "0.7771", "Year Open": "0.8800", "Year High": "2.0000", "Year Low": "0.4400", "Year Close": "0.5000", "Annual % Change": "-43.18%"}, "1991": {"Average Stock Price": "0.9643", "Year Open": "0.3800", "Year High": "1.6200", "Year Low": "0.3100", "Year Close": "0.8800", "Annual % Change": "183.87%"}, "1990": {"Average Stock Price": "2.3247", "Year Open": "5.1200", "Year High": "5.3800", "Year Low": "0.2500", "Year Close": "0.3100", "Annual % Change": "-93.80%"}, "1989": {"Average Stock Price": "6.8980", "Year Open": "6.0000", "Year High": "8.1200", "Year Low": "5.0000", "Year Close": "5.0000", "Annual % Change": "-14.97%"}, "1988": {"Average Stock Price": "5.9271", "Year Open": "4.3800", "Year High": "7.3800", "Year Low": "4.3800", "Year Close": "5.8800", "Annual % Change": "56.80%"}, "1987": {"Average Stock Price": "25.5287", "Year Open": "45.8800", "Year High": "47.6200", "Year Low": "3.6200", "Year Close": "3.7500", "Annual % Change": "-91.78%"}, "1986": {"Average Stock Price": "38.7111", "Year Open": "27.2500", "Year High": "50.0000", "Year Low": "26.2500", "Year Close": "45.6200", "Annual % Change": "68.96%"}}}, "market cap": {"value": "$17.37B"}, "income statement": {"Revenue": {"2020-12-31": "7536.92300", "2019-12-31": "7388.66400", "2018-12-31": "7163.67400", "2017-12-31": "6305.84000", "2016-12-31": "5822.54400", "2015-12-31": "5159.00800", "2014-12-31": "4444.56800", "2013-12-31": "4211.26700", "2012-12-31": "3184.65000", "2011-12-31": "2659.14900", "2010-12-31": "3041.89200", "2009-12-31": "2743.84800", "2008-12-31": "3693.03900", "2007-12-31": "5129.34200", "2006-12-31": "6134.12400", "2005-12-31": "5262.34700"}, "Cost Of Goods Sold": {"2020-12-31": "5937.40100", "2019-12-31": "5849.86200", "2018-12-31": "5692.12700", "2017-12-31": "4990.37800", "2016-12-31": "4707.86100", "2015-12-31": "4118.78200", "2014-12-31": "3568.58600", "2013-12-31": "3424.20400", "2012-12-31": "2575.63900", "2011-12-31": "2165.62500", "2010-12-31": "2438.29200", "2009-12-31": "2185.73300", "2008-12-31": "3181.01000", "2007-12-31": "4227.05900", "2006-12-31": "4701.26500", "2005-12-31": "3738.03000"}, "Gross Profit": {"2020-12-31": "1599.52200", "2019-12-31": "1538.80200", "2018-12-31": "1471.54700", "2017-12-31": "1315.46200", "2016-12-31": "1114.68300", "2015-12-31": "1040.22600", "2014-12-31": "875.98190", "2013-12-31": "787.06300", "2012-12-31": "609.01100", "2011-12-31": "493.52390", "2010-12-31": "603.60010", "2009-12-31": "558.11500", "2008-12-31": "512.02910", "2007-12-31": "902.28270", "2006-12-31": "1432.85900", "2005-12-31": "1524.31700"}, "Research And Development Expenses": {"2020-12-31": "", "2019-12-31": "", "2018-12-31": "", "2017-12-31": "", "2016-12-31": "", "2015-12-31": "", "2014-12-31": "", "2013-12-31": "", "2012-12-31": "", "2011-12-31": "", "2010-12-31": "", "2009-12-31": "", "2008-12-31": "", "2007-12-31": "", "2006-12-31": "", "2005-12-31": ""}, "SG&A Expenses": {"2020-12-31": "509.73400", "2019-12-31": "527.40500", "2018-12-31": "512.71200", "2017-12-31": "460.80000", "2016-12-31": "443.32000", "2015-12-31": "424.00900", "2014-12-31": "407.86700", "2013-12-31": "355.62300", "2012-12-31": "334.95900", "2011-12-31": "294.51500", "2010-12-31": "290.65500", "2009-12-31": "260.62600", "2008-12-31": "340.31800", "2007-12-31": "376.02500", "2006-12-31": "471.30700", "2005-12-31": "377.08000"}, "Other Operating Income Or Expenses": {"2020-12-31": "20.18700", "2019-12-31": "27.63600", "2018-12-31": "14.38500", "2017-12-31": "8.58400", "2016-12-31": "4.47200", "2015-12-31": "4.06900", "2014-12-31": "3.63100", "2013-12-31": "4.65800", "2012-12-31": "4.05000", "2011-12-31": "4.75700", "2010-12-31": "10.06600", "2009-12-31": "9.32600", "2008-12-31": "17.13100", "2007-12-31": "22.17800", "2006-12-31": "14.94300", "2005-12-31": "7.73600"}, "Operating Expenses": {"2020-12-31": "6418.01800", "2019-12-31": "6337.48800", "2018-12-31": "6178.86100", "2017-12-31": "5434.74400", "2016-12-31": "5139.14000", "2015-12-31": "4532.23700", "2014-12-31": "3967.88200", "2013-12-31": "3770.18600", "2012-12-31": "2902.04400", "2011-12-31": "2449.68100", "2010-12-31": "2713.47000", "2009-12-31": "2434.05400", "2008-12-31": "3511.92800", "2007-12-31": "4576.00600", "2006-12-31": "5149.92500", "2005-12-31": "4102.36000"}, "Operating Income": {"2020-12-31": "1118.90500", "2019-12-31": "1051.17600", "2018-12-31": "984.81250", "2017-12-31": "871.09620", "2016-12-31": "683.40430", "2015-12-31": "626.77050", "2014-12-31": "476.68600", "2013-12-31": "441.08080", "2012-12-31": "282.60600", "2011-12-31": "209.46800", "2010-12-31": "328.42190", "2009-12-31": "309.79390", "2008-12-31": "181.11110", "2007-12-31": "553.33590", "2006-12-31": "984.19870", "2005-12-31": "1159.98700"}, "Total Non-Operating Income/Expense": {"2020-12-31": "-40.87200", "2019-12-31": "-25.38000", "2018-12-31": "-25.08100", "2017-12-31": "-24.18500", "2016-12-31": "-21.70700", "2015-12-31": "-23.55900", "2014-12-31": "-23.14000", "2013-12-31": "-22.38500", "2012-12-31": "-7.52900", "2011-12-31": "-1.89200", "2010-12-31": "-6.02900", "2009-12-31": "-11.38000", "2008-12-31": "-13.65600", "2007-12-31": "-13.83100", "2006-12-31": "-21.22800", "2005-12-31": "-15.56800"}, "Pre-Tax Income": {"2020-12-31": "1078.03300", "2019-12-31": "1025.79500", "2018-12-31": "959.73200", "2017-12-31": "846.91100", "2016-12-31": "661.69700", "2015-12-31": "603.21200", "2014-12-31": "453.54600", "2013-12-31": "418.69600", "2012-12-31": "275.07700", "2011-12-31": "207.57600", "2010-12-31": "322.39300", "2009-12-31": "298.41400", "2008-12-31": "167.45500", "2007-12-31": "539.50500", "2006-12-31": "962.97100", "2005-12-31": "1144.41900"}, "Income Taxes": {"2020-12-31": "176.78500", "2019-12-31": "147.25600", "2018-12-31": "162.53500", "2017-12-31": "309.39000", "2016-12-31": "236.43500", "2015-12-31": "220.28500", "2014-12-31": "171.91600", "2013-12-31": "152.21900", "2012-12-31": "94.48900", "2011-12-31": "78.15600", "2010-12-31": "116.38800", "2009-12-31": "106.23400", "2008-12-31": "66.56300", "2007-12-31": "205.55000", "2006-12-31": "375.55900", "2005-12-31": "446.86000"}, "Income After Taxes": {"2020-12-31": "901.24790", "2019-12-31": "878.53910", "2018-12-31": "797.19700", "2017-12-31": "537.52100", "2016-12-31": "425.26200", "2015-12-31": "382.92700", "2014-12-31": "281.63000", "2013-12-31": "266.47700", "2012-12-31": "180.58800", "2011-12-31": "129.42000", "2010-12-31": "206.00500", "2009-12-31": "192.18000", "2008-12-31": "100.89200", "2007-12-31": "333.95500", "2006-12-31": "587.41200", "2005-12-31": "697.55900"}, "Other Income": {"2020-12-31": "", "2019-12-31": "", "2018-12-31": "", "2017-12-31": "", "2016-12-31": "", "2015-12-31": "", "2014-12-31": "", "2013-12-31": "", "2012-12-31": "", "2011-12-31": "", "2010-12-31": "", "2009-12-31": "", "2008-12-31": "", "2007-12-31": "", "2006-12-31": "", "2005-12-31": ""}, "Income From Continuous Operations": {"2020-12-31": "901.24790", "2019-12-31": "878.53910", "2018-12-31": "797.19700", "2017-12-31": "537.52100", "2016-12-31": "425.26200", "2015-12-31": "382.92700", "2014-12-31": "281.63000", "2013-12-31": "266.47700", "2012-12-31": "180.58800", "2011-12-31": "129.42000", "2010-12-31": "206.00500", "2009-12-31": "192.18000", "2008-12-31": "100.89200", "2007-12-31": "333.95500", "2006-12-31": "587.41200", "2005-12-31": "697.55900"}, "Income From Discontinued Operations": {"2020-12-31": "", "2019-12-31": "", "2018-12-31": "", "2017-12-31": "", "2016-12-31": "", "2015-12-31": "", "2014-12-31": "", "2013-12-31": "", "2012-12-31": "", "2011-12-31": "", "2010-12-31": "", "2009-12-31": "", "2008-12-31": "", "2007-12-31": "", "2006-12-31": "", "2005-12-31": ""}, "Net Income": {"2020-12-31": "901.24800", "2019-12-31": "878.53900", "2018-12-31": "797.19700", "2017-12-31": "537.52100", "2016-12-31": "425.26200", "2015-12-31": "382.92700", "2014-12-31": "281.63000", "2013-12-31": "266.47700", "2012-12-31": "180.58800", "2011-12-31": "129.42000", "2010-12-31": "206.00500", "2009-12-31": "192.18000", "2008-12-31": "100.89200", "2007-12-31": "333.95500", "2006-12-31": "587.41200", "2005-12-31": "697.55900"}, "EBITDA": {"2020-12-31": "1127.83500", "2019-12-31": "1084.13600", "2018-12-31": "1016.57300", "2017-12-31": "901.61320", "2016-12-31": "713.24220", "2015-12-31": "654.78950", "2014-12-31": "499.24010", "2013-12-31": "459.45480", "2012-12-31": "295.21000", "2011-12-31": "221.84200", "2010-12-31": "341.09590", "2009-12-31": "322.48600", "2008-12-31": "210.39310", "2007-12-31": "575.27200", "2006-12-31": "1006.06100", "2005-12-31": "1175.69100"}, "EBIT": {"2020-12-31": "1127.83500", "2019-12-31": "1063.31800", "2018-12-31": "996.40550", "2017-12-31": "878.94620", "2016-12-31": "690.97330", "2015-12-31": "633.25550", "2014-12-31": "481.62600", "2013-12-31": "446.06380", "2012-12-31": "287.11000", "2011-12-31": "215.17000", "2010-12-31": "333.83290", "2009-12-31": "312.77290", "2008-12-31": "185.06610", "2007-12-31": "558.23600", "2006-12-31": "991.90270", "2005-12-31": "1165.00100"}, "Basic Shares Outstanding": {"2020-12-31": "3.69200", "2019-12-31": "3.64100", "2018-12-31": "3.63100", "2017-12-31": "3.73300", "2016-12-31": "3.84700", "2015-12-31": "4.02200", "2014-12-31": "4.27800", "2013-12-31": "4.73700", "2012-12-31": "5.01100", "2011-12-31": "5.46900", "2010-12-31": "5.89300", "2009-12-31": "5.80700", "2008-12-31": "5.37900", "2007-12-31": "5.42000", "2006-12-31": "5.64400", "2005-12-31": "6.32100"}, "Shares Outstanding": {"2020-12-31": "3.91700", "2019-12-31": "3.97300", "2018-12-31": "4.09200", "2017-12-31": "4.24000", "2016-12-31": "4.10400", "2015-12-31": "4.25500", "2014-12-31": "4.43500", "2013-12-31": "4.86200", "2012-12-31": "5.14200", "2011-12-31": "5.62400", "2010-12-31": "6.16500", "2009-12-31": "6.14900", "2008-12-31": "5.92000", "2007-12-31": "6.16800", "2006-12-31": "6.67200", "2005-12-31": "7.78400"}, "Basic EPS": {"2020-12-31": "244.11000", "2019-12-31": "241.31000", "2018-12-31": "219.58000", "2017-12-31": "144.00000", "2016-12-31": "110.53000", "2015-12-31": "95.21000", "2014-12-31": "65.83000", "2013-12-31": "56.25000", "2012-12-31": "36.04000", "2011-12-31": "23.66000", "2010-12-31": "34.96000", "2009-12-31": "33.10000", "2008-12-31": "18.76000", "2007-12-31": "61.61000", "2006-12-31": "104.08000", "2005-12-31": "110.36000"}, "EPS - Earnings Per Share": {"2020-12-31": "230.11000", "2019-12-31": "221.13000", "2018-12-31": "194.80000", "2017-12-31": "126.77000", "2016-12-31": "103.61000", "2015-12-31": "89.99000", "2014-12-31": "63.50000", "2013-12-31": "54.81000", "2012-12-31": "35.12000", "2011-12-31": "23.01000", "2010-12-31": "33.42000", "2009-12-31": "31.26000", "2008-12-31": "17.04000", "2007-12-31": "54.14000", "2006-12-31": "88.05000", "2005-12-31": "89.61000"}}, "income statement, quarterly": {"Revenue": {"2020-12-31": "2344.01500", "2020-09-30": "1990.01200", "2020-06-30": "1620.36800", "2020-03-31": "1582.52700", "2019-12-31": "1990.19500", "2019-09-30": "1911.26400", "2019-06-30": "1800.19400", "2019-03-31": "1687.01100", "2018-12-31": "1994.54700", "2018-09-30": "1852.40700", "2018-06-30": "1787.30500", "2018-03-31": "1529.41400", "2017-12-31": "1816.33600", "2017-09-30": "1667.92000", "2017-06-30": "1544.49200", "2017-03-31": "1277.09200", "2016-12-31": "1752.76600", "2016-09-30": "1537.56900", "2016-06-30": "1388.18300", "2016-03-31": "1144.02600", "2015-12-31": "1555.27500", "2015-09-30": "1402.35100", "2015-06-30": "1243.63300", "2015-03-31": "957.74900", "2014-12-31": "1328.03800", "2014-09-30": "1203.16600", "2014-06-30": "1102.05400", "2014-03-31": "811.31000", "2013-12-31": "1242.15200", "2013-09-30": "1188.96700", "2013-06-30": "1009.89200", "2013-03-31": "770.25600", "2012-12-31": "943.73800", "2012-09-30": "870.63700", "2012-06-30": "769.78300", "2012-03-31": "600.49200", "2011-12-31": "741.28780", "2011-09-30": "707.47600", "2011-06-30": "695.88100", "2011-03-31": "514.50400", "2010-12-31": "811.00510", "2010-09-30": "676.16900", "2010-06-30": "964.50400", "2010-03-31": "590.21400", "2009-12-31": "745.80190", "2009-09-30": "814.01600", "2009-06-30": "625.43100", "2009-03-31": "558.59900", "2008-12-31": "910.17410", "2008-09-30": "939.21100", "2008-06-30": "955.72300", "2008-03-31": "887.93100", "2007-12-31": "1427.39700", "2007-09-30": "1292.08800", "2007-06-30": "1316.66800", "2007-03-31": "1093.18900", "2006-12-31": "1627.13000", "2006-09-30": "1553.41100", "2006-06-30": "1748.92800", "2006-03-31": "1204.65500", "2005-12-31": "1658.20400", "2005-09-30": "1373.02200", "2005-06-30": "1277.68900", "2005-03-31": "953.43200"}, "Cost Of Goods Sold": {"2020-12-31": "1822.12100", "2020-09-30": "1536.04400", "2020-06-30": "1284.49300", "2020-03-31": "1294.74300", "2019-12-31": "1567.39200", "2019-09-30": "1518.27600", "2019-06-30": "1425.38800", "2019-03-31": "1338.80600", "2018-12-31": "1590.73500", "2018-09-30": "1472.64900", "2018-06-30": "1416.79700", "2018-03-31": "1211.94600", "2017-12-31": "1438.30700", "2017-09-30": "1307.97100", "2017-06-30": "1218.08300", "2017-03-31": "1026.01700", "2016-12-31": "1413.44000", "2016-09-30": "1242.29200", "2016-06-30": "1126.36900", "2016-03-31": "925.76000", "2015-12-31": "1238.58800", "2015-09-30": "1111.67200", "2015-06-30": "986.85400", "2015-03-31": "781.66800", "2014-12-31": "1070.60100", "2014-09-30": "960.05500", "2014-06-30": "882.77800", "2014-03-31": "655.15200", "2013-12-31": "1001.41500", "2013-09-30": "964.41600", "2013-06-30": "834.28800", "2013-03-31": "624.08500", "2012-12-31": "756.39590", "2012-09-30": "702.43600", "2012-06-30": "624.97800", "2012-03-31": "491.82900", "2011-12-31": "616.72180", "2011-09-30": "572.38200", "2011-06-30": "558.60100", "2011-03-31": "417.92000", "2010-12-31": "654.96510", "2010-09-30": "540.78300", "2010-06-30": "771.47500", "2010-03-31": "471.06900", "2009-12-31": "592.22080", "2009-09-30": "636.64200", "2009-06-30": "494.24000", "2009-03-31": "462.63000", "2008-12-31": "875.77910", "2008-09-30": "805.93100", "2008-06-30": "772.36900", "2008-03-31": "726.93100", "2007-12-31": "1224.31300", "2007-09-30": "1087.39900", "2007-06-30": "1061.93700", "2007-03-31": "853.41000", "2006-12-31": "1297.37200", "2006-09-30": "1238.67100", "2006-06-30": "1304.18300", "2006-03-31": "861.03900", "2005-12-31": "1180.76200", "2005-09-30": "970.43700", "2005-06-30": "907.28400", "2005-03-31": "679.54700"}, "Gross Profit": {"2020-12-31": "521.89390", "2020-09-30": "453.96800", "2020-06-30": "335.87500", "2020-03-31": "287.78390", "2019-12-31": "422.80310", "2019-09-30": "392.98800", "2019-06-30": "374.80600", "2019-03-31": "348.20500", "2018-12-31": "403.81240", "2018-09-30": "379.75790", "2018-06-30": "370.50810", "2018-03-31": "317.46790", "2017-12-31": "378.02890", "2017-09-30": "359.94910", "2017-06-30": "326.40890", "2017-03-31": "251.07510", "2016-12-31": "339.32630", "2016-09-30": "295.27700", "2016-06-30": "261.81400", "2016-03-31": "218.26600", "2015-12-31": "316.68630", "2015-09-30": "290.67900", "2015-06-30": "256.77910", "2015-03-31": "176.08100", "2014-12-31": "257.43690", "2014-09-30": "243.11100", "2014-06-30": "219.27590", "2014-03-31": "156.15800", "2013-12-31": "240.73700", "2013-09-30": "224.55100", "2013-06-30": "175.60400", "2013-03-31": "146.17100", "2012-12-31": "187.34210", "2012-09-30": "168.20100", "2012-06-30": "144.80500", "2012-03-31": "108.66300", "2011-12-31": "124.56600", "2011-09-30": "135.09400", "2011-06-30": "137.28000", "2011-03-31": "96.58400", "2010-12-31": "156.04000", "2010-09-30": "135.38600", "2010-06-30": "193.02910", "2010-03-31": "119.14500", "2009-12-31": "153.58110", "2009-09-30": "177.37400", "2009-06-30": "131.19100", "2009-03-31": "95.96900", "2008-12-31": "34.39500", "2008-09-30": "133.28000", "2008-06-30": "183.35400", "2008-03-31": "161.00000", "2007-12-31": "203.08370", "2007-09-30": "204.68900", "2007-06-30": "254.73100", "2007-03-31": "239.77900", "2006-12-31": "329.75780", "2006-09-30": "314.74000", "2006-06-30": "444.74500", "2006-03-31": "343.61600", "2005-12-31": "477.44210", "2005-09-30": "402.58500", "2005-06-30": "370.40500", "2005-03-31": "273.88500"}, "Research And Development Expenses": {"2020-12-31": "", "2020-09-30": "", "2020-06-30": "", "2020-03-31": "", "2019-12-31": "", "2019-09-30": "", "2019-06-30": "", "2019-03-31": "", "2018-12-31": "", "2018-09-30": "", "2018-06-30": "", "2018-03-31": "", "2017-12-31": "", "2017-09-30": "", "2017-06-30": "", "2017-03-31": "", "2016-12-31": "", "2016-09-30": "", "2016-06-30": "", "2016-03-31": "", "2015-12-31": "", "2015-09-30": "", "2015-06-30": "", "2015-03-31": "", "2014-12-31": "", "2014-09-30": "", "2014-06-30": "", "2014-03-31": "", "2013-12-31": "", "2013-09-30": "", "2013-06-30": "", "2013-03-31": "", "2012-12-31": "", "2012-09-30": "", "2012-06-30": "", "2012-03-31": "", "2011-12-31": "", "2011-09-30": "", "2011-06-30": "", "2011-03-31": "", "2010-12-31": "", "2010-09-30": "", "2010-06-30": "", "2010-03-31": "", "2009-12-31": "", "2009-09-30": "", "2009-06-30": "", "2009-03-31": "", "2008-12-31": "", "2008-09-30": "", "2008-06-30": "", "2008-03-31": "", "2007-12-31": "", "2007-09-30": "", "2007-06-30": "", "2007-03-31": "", "2006-12-31": "", "2006-09-30": "", "2006-06-30": "", "2006-03-31": "", "2005-12-31": "", "2005-09-30": "", "2005-06-30": "", "2005-03-31": ""}, "SG&A Expenses": {"2020-12-31": "133.97500", "2020-09-30": "125.92100", "2020-06-30": "121.46000", "2020-03-31": "128.37800", "2019-12-31": "131.49300", "2019-09-30": "130.37600", "2019-06-30": "133.04400", "2019-03-31": "132.49200", "2018-12-31": "128.90500", "2018-09-30": "130.71200", "2018-06-30": "128.31300", "2018-03-31": "124.78200", "2017-12-31": "116.00000", "2017-09-30": "113.61600", "2017-06-30": "115.03400", "2017-03-31": "116.15000", "2016-12-31": "108.05000", "2016-09-30": "107.82600", "2016-06-30": "114.87900", "2016-03-31": "112.56500", "2015-12-31": "106.91400", "2015-09-30": "102.58000", "2015-06-30": "104.80700", "2015-03-31": "109.70800", "2014-12-31": "102.70700", "2014-09-30": "96.06300", "2014-06-30": "106.20000", "2014-03-31": "102.89700", "2013-12-31": "85.73400", "2013-09-30": "89.92300", "2013-06-30": "92.37200", "2013-03-31": "87.59400", "2012-12-31": "88.44700", "2012-09-30": "84.34200", "2012-06-30": "82.08100", "2012-03-31": "80.08900", "2011-12-31": "76.44900", "2011-09-30": "68.25800", "2011-06-30": "75.94300", "2011-03-31": "73.86500", "2010-12-31": "72.23600", "2010-09-30": "74.73700", "2010-06-30": "76.41200", "2010-03-31": "67.27000", "2009-12-31": "69.88700", "2009-09-30": "64.14800", "2009-06-30": "61.13900", "2009-03-31": "65.45200", "2008-12-31": "75.66200", "2008-09-30": "74.55700", "2008-06-30": "98.27900", "2008-03-31": "91.82000", "2007-12-31": "98.23700", "2007-09-30": "60.90700", "2007-06-30": "110.15200", "2007-03-31": "106.72900", "2006-12-31": "114.30900", "2006-09-30": "104.42100", "2006-06-30": "129.40300", "2006-03-31": "123.17400", "2005-12-31": "111.31800", "2005-09-30": "94.58300", "2005-06-30": "92.12800", "2005-03-31": "79.05100"}, "Other Operating Income Or Expenses": {"2020-12-31": "8.24000", "2020-09-30": "2.87500", "2020-06-30": "3.08700", "2020-03-31": "5.98500", "2019-12-31": "7.33100", "2019-09-30": "7.51500", "2019-06-30": "6.51400", "2019-03-31": "6.27600", "2018-12-31": "5.58000", "2018-09-30": "3.49900", "2018-06-30": "2.80500", "2018-03-31": "2.50100", "2017-12-31": "2.92200", "2017-09-30": "2.29800", "2017-06-30": "1.95300", "2017-03-31": "1.41100", "2016-12-31": "1.10900", "2016-09-30": "1.17600", "2016-06-30": "1.16200", "2016-03-31": "1.02500", "2015-12-31": "0.86800", "2015-09-30": "1.00600", "2015-06-30": "1.36500", "2015-03-31": "0.83000", "2014-12-31": "0.78400", "2014-09-30": "1.14500", "2014-06-30": "0.64600", "2014-03-31": "1.05600", "2013-12-31": "0.99500", "2013-09-30": "1.24800", "2013-06-30": "1.27600", "2013-03-31": "1.13900", "2012-12-31": "1.63200", "2012-09-30": "0.76000", "2012-06-30": "0.67400", "2012-03-31": "0.98400", "2011-12-31": "0.78400", "2011-09-30": "0.99300", "2011-06-30": "1.48300", "2011-03-31": "1.49700", "2010-12-31": "1.72400", "2010-09-30": "3.46400", "2010-06-30": "2.34300", "2010-03-31": "2.53500", "2009-12-31": "2.35700", "2009-09-30": "2.43700", "2009-06-30": "1.90400", "2009-03-31": "2.62800", "2008-12-31": "2.24400", "2008-09-30": "4.44400", "2008-06-30": "3.88500", "2008-03-31": "6.55800", "2007-12-31": "4.97300", "2007-09-30": "4.52900", "2007-06-30": "5.52700", "2007-03-31": "7.14900", "2006-12-31": "5.67800", "2006-09-30": "3.64100", "2006-06-30": "3.01700", "2006-03-31": "2.60700", "2005-12-31": "2.55700", "2005-09-30": "1.65900", "2005-06-30": "1.24600", "2005-03-31": "2.27400"}, "Operating Expenses": {"2020-12-31": "1945.47100", "2020-09-30": "1656.86800", "2020-06-30": "1401.01200", "2020-03-31": "1414.66700", "2019-12-31": "1688.32200", "2019-09-30": "1637.79700", "2019-06-30": "1549.18100", "2019-03-31": "1462.18900", "2018-12-31": "1710.83700", "2018-09-30": "1596.50000", "2018-06-30": "1539.39000", "2018-03-31": "1332.13400", "2017-12-31": "1548.70300", "2017-09-30": "1417.33600", "2017-06-30": "1329.61000", "2017-03-31": "1139.09500", "2016-12-31": "1517.92300", "2016-09-30": "1346.94200", "2016-06-30": "1238.64900", "2016-03-31": "1035.62600", "2015-12-31": "1342.50200", "2015-09-30": "1211.27400", "2015-06-30": "1088.99300", "2015-03-31": "889.46800", "2014-12-31": "1170.96600", "2014-09-30": "1053.60000", "2014-06-30": "987.50700", "2014-03-31": "755.80900", "2013-12-31": "1084.56900", "2013-09-30": "1051.69500", "2013-06-30": "924.33700", "2013-03-31": "709.58500", "2012-12-31": "842.21200", "2012-09-30": "784.99290", "2012-06-30": "705.57000", "2012-03-31": "569.26900", "2011-12-31": "690.47370", "2011-09-30": "638.05800", "2011-06-30": "631.97600", "2011-03-31": "489.17300", "2010-12-31": "723.86920", "2010-09-30": "610.50100", "2010-06-30": "844.05190", "2010-03-31": "535.04800", "2009-12-31": "658.85390", "2009-09-30": "697.46600", "2009-06-30": "552.86400", "2009-03-31": "524.87000", "2008-12-31": "959.53590", "2008-09-30": "875.11500", "2008-06-30": "865.89400", "2008-03-31": "811.38310", "2007-12-31": "1316.09200", "2007-09-30": "1142.69900", "2007-06-30": "1165.53200", "2007-03-31": "951.68300", "2006-12-31": "1403.53500", "2006-09-30": "1337.46500", "2006-06-30": "1428.77800", "2006-03-31": "980.14700", "2005-12-31": "1287.78500", "2005-09-30": "1061.86900", "2005-06-30": "997.29800", "2005-03-31": "755.40800"}, "Operating Income": {"2020-12-31": "398.54390", "2020-09-30": "333.14400", "2020-06-30": "219.35610", "2020-03-31": "167.85990", "2019-12-31": "301.87340", "2019-09-30": "273.46700", "2019-06-30": "251.01320", "2019-03-31": "224.82190", "2018-12-31": "283.71010", "2018-09-30": "255.90700", "2018-06-30": "247.91520", "2018-03-31": "197.27990", "2017-12-31": "267.63310", "2017-09-30": "250.58410", "2017-06-30": "214.88200", "2017-03-31": "137.99710", "2016-12-31": "234.84310", "2016-09-30": "190.62700", "2016-06-30": "149.53390", "2016-03-31": "108.40000", "2015-12-31": "212.77250", "2015-09-30": "191.07700", "2015-06-30": "154.64000", "2015-03-31": "68.28100", "2014-12-31": "157.07210", "2014-09-30": "149.56600", "2014-06-30": "114.54690", "2014-03-31": "55.50100", "2013-12-31": "157.58290", "2013-09-30": "137.27210", "2013-06-30": "85.55500", "2013-03-31": "60.67100", "2012-12-31": "101.52600", "2012-09-30": "85.64410", "2012-06-30": "64.21300", "2012-03-31": "31.22300", "2011-12-31": "50.81420", "2011-09-30": "69.41800", "2011-06-30": "63.90500", "2011-03-31": "25.33100", "2010-12-31": "87.13590", "2010-09-30": "65.66800", "2010-06-30": "120.45210", "2010-03-31": "55.16600", "2009-12-31": "86.94800", "2009-09-30": "116.55000", "2009-06-30": "72.56700", "2009-03-31": "33.72900", "2008-12-31": "-49.36180", "2008-09-30": "64.09600", "2008-06-30": "89.82900", "2008-03-31": "76.54800", "2007-12-31": "111.30510", "2007-09-30": "149.38900", "2007-06-30": "151.13600", "2007-03-31": "141.50600", "2006-12-31": "223.59470", "2006-09-30": "215.94590", "2006-06-30": "320.15000", "2006-03-31": "224.50800", "2005-12-31": "370.41880", "2005-09-30": "311.15310", "2005-06-30": "280.39090", "2005-03-31": "198.02400"}, "Total Non-Operating Income/Expense": {"2020-12-31": "-13.17400", "2020-09-30": "-11.68700", "2020-06-30": "-9.52500", "2020-03-31": "-6.48600", "2019-12-31": "-6.57100", "2019-09-30": "-6.29300", "2019-06-30": "-6.30100", "2019-03-31": "-6.21500", "2018-12-31": "-6.27300", "2018-09-30": "-6.19700", "2018-06-30": "-6.32900", "2018-03-31": "-6.28200", "2017-12-31": "-6.31500", "2017-09-30": "-6.12000", "2017-06-30": "-5.91400", "2017-03-31": "-5.83600", "2016-12-31": "-6.18100", "2016-09-30": "-5.62400", "2016-06-30": "-4.81400", "2016-03-31": "-5.08800", "2015-12-31": "-5.60400", "2015-09-30": "-6.08100", "2015-06-30": "-5.95600", "2015-03-31": "-5.91800", "2014-12-31": "-5.84800", "2014-09-30": "-5.77500", "2014-06-30": "-5.72300", "2014-03-31": "-5.79400", "2013-12-31": "-5.76300", "2013-09-30": "-5.68200", "2013-06-30": "-5.37400", "2013-03-31": "-5.56600", "2012-12-31": "-5.49500", "2012-09-30": "-1.51100", "2012-06-30": "-0.25800", "2012-03-31": "-0.26500", "2011-12-31": "-0.36900", "2011-09-30": "-0.47600", "2011-06-30": "-0.55100", "2011-03-31": "-0.49600", "2010-12-31": "-0.62300", "2010-09-30": "-0.77800", "2010-06-30": "-2.19300", "2010-03-31": "-2.43500", "2009-12-31": "-2.42100", "2009-09-30": "-3.11000", "2009-06-30": "-2.73800", "2009-03-31": "-3.11100", "2008-12-31": "-3.38200", "2008-09-30": "-3.48900", "2008-06-30": "-3.41200", "2008-03-31": "-3.37300", "2007-12-31": "-3.32300", "2007-09-30": "-3.57500", "2007-06-30": "-3.45900", "2007-03-31": "-3.47400", "2006-12-31": "-3.83600", "2006-09-30": "-3.83900", "2006-06-30": "-7.07200", "2006-03-31": "-6.48100", "2005-12-31": "-6.00300", "2005-09-30": "-3.18200", "2005-06-30": "-3.28400", "2005-03-31": "-3.09900"}, "Pre-Tax Income": {"2020-12-31": "385.37000", "2020-09-30": "321.45700", "2020-06-30": "209.83100", "2020-03-31": "161.37500", "2019-12-31": "295.30210", "2019-09-30": "267.17400", "2019-06-30": "244.71200", "2019-03-31": "218.60700", "2018-12-31": "277.43800", "2018-09-30": "249.71000", "2018-06-30": "241.58600", "2018-03-31": "190.99800", "2017-12-31": "261.31800", "2017-09-30": "244.46400", "2017-06-30": "208.96800", "2017-03-31": "132.16100", "2016-12-31": "228.66200", "2016-09-30": "185.00300", "2016-06-30": "144.72000", "2016-03-31": "103.31200", "2015-12-31": "207.16900", "2015-09-30": "184.99600", "2015-06-30": "148.68400", "2015-03-31": "62.36300", "2014-12-31": "151.22400", "2014-09-30": "143.79100", "2014-06-30": "108.82400", "2014-03-31": "49.70700", "2013-12-31": "151.82000", "2013-09-30": "131.59000", "2013-06-30": "80.18100", "2013-03-31": "55.10500", "2012-12-31": "96.03100", "2012-09-30": "84.13300", "2012-06-30": "63.95500", "2012-03-31": "30.95800", "2011-12-31": "50.44500", "2011-09-30": "68.94200", "2011-06-30": "63.35400", "2011-03-31": "24.83500", "2010-12-31": "86.51300", "2010-09-30": "64.89000", "2010-06-30": "118.25900", "2010-03-31": "52.73100", "2009-12-31": "84.52700", "2009-09-30": "113.44000", "2009-06-30": "69.82900", "2009-03-31": "30.61800", "2008-12-31": "-52.74400", "2008-09-30": "60.60700", "2008-06-30": "86.41700", "2008-03-31": "73.17500", "2007-12-31": "107.98200", "2007-09-30": "145.81400", "2007-06-30": "147.67700", "2007-03-31": "138.03200", "2006-12-31": "219.75900", "2006-09-30": "212.10700", "2006-06-30": "313.07800", "2006-03-31": "218.02700", "2005-12-31": "364.41600", "2005-09-30": "307.97100", "2005-06-30": "277.10700", "2005-03-31": "194.92500"}, "Income Taxes": {"2020-12-31": "80.36600", "2020-09-30": "64.99100", "2020-06-30": "45.75600", "2020-03-31": "-14.32800", "2019-12-31": "39.16500", "2019-09-30": "43.38700", "2019-06-30": "34.50300", "2019-03-31": "30.20100", "2018-12-31": "45.28000", "2018-09-30": "53.89400", "2018-06-30": "38.41200", "2018-03-31": "24.94900", "2017-12-31": "136.69900", "2017-09-30": "82.36200", "2017-06-30": "61.09100", "2017-03-31": "29.23800", "2016-12-31": "77.77100", "2016-09-30": "67.61100", "2016-06-30": "53.04400", "2016-03-31": "38.00900", "2015-12-31": "73.16500", "2015-09-30": "68.52600", "2015-06-30": "55.28900", "2015-03-31": "23.30500", "2014-12-31": "51.77300", "2014-09-30": "53.63900", "2014-06-30": "40.64600", "2014-03-31": "25.85800", "2013-12-31": "54.00900", "2013-09-30": "48.65500", "2013-06-30": "29.49100", "2013-03-31": "20.06400", "2012-12-31": "35.40400", "2012-09-30": "31.13300", "2012-06-30": "17.11700", "2012-03-31": "10.83500", "2011-12-31": "18.05300", "2011-09-30": "25.53300", "2011-06-30": "24.90900", "2011-03-31": "9.66100", "2010-12-31": "27.81500", "2010-09-30": "20.94600", "2010-06-30": "46.98300", "2010-03-31": "20.64400", "2009-12-31": "23.88800", "2009-09-30": "41.31300", "2009-06-30": "28.40300", "2009-03-31": "12.63000", "2008-12-31": "-22.28700", "2008-09-30": "24.05600", "2008-06-30": "35.08500", "2008-03-31": "29.70900", "2007-12-31": "40.70800", "2007-09-30": "54.70100", "2007-06-30": "56.93000", "2007-03-31": "53.21100", "2006-12-31": "84.59200", "2006-09-30": "82.77400", "2006-06-30": "122.72600", "2006-03-31": "85.46700", "2005-12-31": "141.87900", "2005-09-30": "118.52800", "2005-06-30": "109.45800", "2005-03-31": "76.99500"}, "Income After Taxes": {"2020-12-31": "305.00400", "2020-09-30": "256.46600", "2020-06-30": "164.07500", "2020-03-31": "175.70300", "2019-12-31": "256.13710", "2019-09-30": "223.78700", "2019-06-30": "210.20900", "2019-03-31": "188.40600", "2018-12-31": "232.15800", "2018-09-30": "195.81600", "2018-06-30": "203.17400", "2018-03-31": "166.04900", "2017-12-31": "124.61900", "2017-09-30": "162.10200", "2017-06-30": "147.87700", "2017-03-31": "102.92300", "2016-12-31": "150.89100", "2016-09-30": "117.39200", "2016-06-30": "91.67600", "2016-03-31": "65.30300", "2015-12-31": "134.00400", "2015-09-30": "116.47000", "2015-06-30": "93.39500", "2015-03-31": "39.05800", "2014-12-31": "99.45100", "2014-09-30": "90.15200", "2014-06-30": "68.17800", "2014-03-31": "23.84900", "2013-12-31": "97.81100", "2013-09-30": "82.93500", "2013-06-30": "50.69000", "2013-03-31": "35.04100", "2012-12-31": "60.62700", "2012-09-30": "53.00000", "2012-06-30": "46.83800", "2012-03-31": "20.12300", "2011-12-31": "32.39200", "2011-09-30": "43.40900", "2011-06-30": "38.44500", "2011-03-31": "15.17400", "2010-12-31": "58.69800", "2010-09-30": "43.94400", "2010-06-30": "71.27600", "2010-03-31": "32.08700", "2009-12-31": "60.63900", "2009-09-30": "72.12700", "2009-06-30": "41.42600", "2009-03-31": "17.98800", "2008-12-31": "-30.45700", "2008-09-30": "36.55100", "2008-06-30": "51.33200", "2008-03-31": "43.46600", "2007-12-31": "67.27400", "2007-09-30": "91.11300", "2007-06-30": "90.74700", "2007-03-31": "84.82100", "2006-12-31": "135.16700", "2006-09-30": "129.33300", "2006-06-30": "190.35200", "2006-03-31": "132.56000", "2005-12-31": "222.53700", "2005-09-30": "189.44300", "2005-06-30": "167.64900", "2005-03-31": "117.93000"}, "Other Income": {"2020-12-31": "", "2020-09-30": "", "2020-06-30": "", "2020-03-31": "", "2019-12-31": "", "2019-09-30": "", "2019-06-30": "", "2019-03-31": "", "2018-12-31": "", "2018-09-30": "", "2018-06-30": "", "2018-03-31": "", "2017-12-31": "", "2017-09-30": "", "2017-06-30": "", "2017-03-31": "", "2016-12-31": "", "2016-09-30": "", "2016-06-30": "", "2016-03-31": "", "2015-12-31": "", "2015-09-30": "", "2015-06-30": "", "2015-03-31": "", "2014-12-31": "", "2014-09-30": "", "2014-06-30": "", "2014-03-31": "", "2013-12-31": "", "2013-09-30": "", "2013-06-30": "", "2013-03-31": "", "2012-12-31": "", "2012-09-30": "", "2012-06-30": "", "2012-03-31": "", "2011-12-31": "", "2011-09-30": "", "2011-06-30": "", "2011-03-31": "", "2010-12-31": "", "2010-09-30": "", "2010-06-30": "", "2010-03-31": "", "2009-12-31": "", "2009-09-30": "", "2009-06-30": "", "2009-03-31": "", "2008-12-31": "", "2008-09-30": "", "2008-06-30": "", "2008-03-31": "", "2007-12-31": "", "2007-09-30": "", "2007-06-30": "", "2007-03-31": "", "2006-12-31": "", "2006-09-30": "", "2006-06-30": "", "2006-03-31": "", "2005-12-31": "", "2005-09-30": "", "2005-06-30": "", "2005-03-31": ""}, "Income From Continuous Operations": {"2020-12-31": "305.00400", "2020-09-30": "256.46600", "2020-06-30": "164.07500", "2020-03-31": "175.70300", "2019-12-31": "256.13710", "2019-09-30": "223.78700", "2019-06-30": "210.20900", "2019-03-31": "188.40600", "2018-12-31": "232.15800", "2018-09-30": "195.81600", "2018-06-30": "203.17400", "2018-03-31": "166.04900", "2017-12-31": "124.61900", "2017-09-30": "162.10200", "2017-06-30": "147.87700", "2017-03-31": "102.92300", "2016-12-31": "150.89100", "2016-09-30": "117.39200", "2016-06-30": "91.67600", "2016-03-31": "65.30300", "2015-12-31": "134.00400", "2015-09-30": "116.47000", "2015-06-30": "93.39500", "2015-03-31": "39.05800", "2014-12-31": "99.45100", "2014-09-30": "90.15200", "2014-06-30": "68.17800", "2014-03-31": "23.84900", "2013-12-31": "97.81100", "2013-09-30": "82.93500", "2013-06-30": "50.69000", "2013-03-31": "35.04100", "2012-12-31": "60.62700", "2012-09-30": "53.00000", "2012-06-30": "46.83800", "2012-03-31": "20.12300", "2011-12-31": "32.39200", "2011-09-30": "43.40900", "2011-06-30": "38.44500", "2011-03-31": "15.17400", "2010-12-31": "58.69800", "2010-09-30": "43.94400", "2010-06-30": "71.27600", "2010-03-31": "32.08700", "2009-12-31": "60.63900", "2009-09-30": "72.12700", "2009-06-30": "41.42600", "2009-03-31": "17.98800", "2008-12-31": "-30.45700", "2008-09-30": "36.55100", "2008-06-30": "51.33200", "2008-03-31": "43.46600", "2007-12-31": "67.27400", "2007-09-30": "91.11300", "2007-06-30": "90.74700", "2007-03-31": "84.82100", "2006-12-31": "135.16700", "2006-09-30": "129.33300", "2006-06-30": "190.35200", "2006-03-31": "132.56000", "2005-12-31": "222.53700", "2005-09-30": "189.44300", "2005-06-30": "167.64900", "2005-03-31": "117.93000"}, "Income From Discontinued Operations": {"2020-12-31": "", "2020-09-30": "", "2020-06-30": "", "2020-03-31": "", "2019-12-31": "", "2019-09-30": "", "2019-06-30": "", "2019-03-31": "", "2018-12-31": "", "2018-09-30": "", "2018-06-30": "", "2018-03-31": "", "2017-12-31": "", "2017-09-30": "", "2017-06-30": "", "2017-03-31": "", "2016-12-31": "", "2016-09-30": "", "2016-06-30": "", "2016-03-31": "", "2015-12-31": "", "2015-09-30": "", "2015-06-30": "", "2015-03-31": "", "2014-12-31": "", "2014-09-30": "", "2014-06-30": "", "2014-03-31": "", "2013-12-31": "", "2013-09-30": "", "2013-06-30": "", "2013-03-31": "", "2012-12-31": "", "2012-09-30": "", "2012-06-30": "", "2012-03-31": "", "2011-12-31": "", "2011-09-30": "", "2011-06-30": "", "2011-03-31": "", "2010-12-31": "", "2010-09-30": "", "2010-06-30": "", "2010-03-31": "", "2009-12-31": "", "2009-09-30": "", "2009-06-30": "", "2009-03-31": "", "2008-12-31": "", "2008-09-30": "", "2008-06-30": "", "2008-03-31": "", "2007-12-31": "", "2007-09-30": "", "2007-06-30": "", "2007-03-31": "", "2006-12-31": "", "2006-09-30": "", "2006-06-30": "", "2006-03-31": "", "2005-12-31": "", "2005-09-30": "", "2005-06-30": "", "2005-03-31": ""}, "Net Income": {"2020-12-31": "305.00400", "2020-09-30": "256.46600", "2020-06-30": "164.07500", "2020-03-31": "175.70300", "2019-12-31": "256.13700", "2019-09-30": "223.78700", "2019-06-30": "210.20900", "2019-03-31": "188.40600", "2018-12-31": "232.15800", "2018-09-30": "195.81600", "2018-06-30": "203.17400", "2018-03-31": "166.04900", "2017-12-31": "124.61900", "2017-09-30": "162.10200", "2017-06-30": "147.87700", "2017-03-31": "102.92300", "2016-12-31": "150.89100", "2016-09-30": "117.39200", "2016-06-30": "91.67600", "2016-03-31": "65.30300", "2015-12-31": "134.00400", "2015-09-30": "116.47000", "2015-06-30": "93.39500", "2015-03-31": "39.05800", "2014-12-31": "99.45100", "2014-09-30": "90.15200", "2014-06-30": "68.17800", "2014-03-31": "23.84900", "2013-12-31": "97.81100", "2013-09-30": "82.93500", "2013-06-30": "50.69000", "2013-03-31": "35.04100", "2012-12-31": "60.62700", "2012-09-30": "53.00000", "2012-06-30": "46.83800", "2012-03-31": "20.12300", "2011-12-31": "32.39200", "2011-09-30": "43.40900", "2011-06-30": "38.44500", "2011-03-31": "15.17400", "2010-12-31": "58.69800", "2010-09-30": "43.94400", "2010-06-30": "71.27600", "2010-03-31": "32.08700", "2009-12-31": "60.63900", "2009-09-30": "72.12700", "2009-06-30": "41.42600", "2009-03-31": "17.98800", "2008-12-31": "-30.45700", "2008-09-30": "36.55100", "2008-06-30": "51.33200", "2008-03-31": "43.46600", "2007-12-31": "67.27400", "2007-09-30": "91.11300", "2007-06-30": "90.74700", "2007-03-31": "84.82100", "2006-12-31": "135.16700", "2006-09-30": "129.33300", "2006-06-30": "190.35200", "2006-03-31": "132.56000", "2005-12-31": "222.53700", "2005-09-30": "189.44300", "2005-06-30": "167.64900", "2005-03-31": "117.93000"}, "EBITDA": {"2020-12-31": "", "2020-09-30": "340.91300", "2020-06-30": "226.84210", "2020-03-31": "175.95090", "2019-12-31": "310.55440", "2019-09-30": "282.03000", "2019-06-30": "258.83420", "2019-03-31": "232.71690", "2018-12-31": "292.04810", "2018-09-30": "264.29800", "2018-06-30": "255.81820", "2018-03-31": "204.40890", "2017-12-31": "275.89510", "2017-09-30": "258.13010", "2017-06-30": "222.23100", "2017-03-31": "145.35710", "2016-12-31": "242.97910", "2016-09-30": "198.28400", "2016-06-30": "156.45790", "2016-03-31": "115.52100", "2015-12-31": "220.25650", "2015-09-30": "198.49000", "2015-06-30": "161.40300", "2015-03-31": "74.64000", "2014-12-31": "163.66110", "2014-09-30": "155.59600", "2014-06-30": "119.58790", "2014-03-31": "60.39500", "2013-12-31": "163.18390", "2013-09-30": "142.19510", "2013-06-30": "89.67800", "2013-03-31": "64.39800", "2012-12-31": "104.80300", "2012-09-30": "88.76110", "2012-06-30": "66.95300", "2012-03-31": "34.69300", "2011-12-31": "54.45120", "2011-09-30": "72.71900", "2011-06-30": "66.62800", "2011-03-31": "28.04400", "2010-12-31": "90.45890", "2010-09-30": "69.04300", "2010-06-30": "123.79110", "2010-03-31": "57.80300", "2009-12-31": "89.86200", "2009-09-30": "120.15600", "2009-06-30": "75.57400", "2009-03-31": "36.89400", "2008-12-31": "-33.39980", "2008-09-30": "68.27400", "2008-06-30": "94.32400", "2008-03-31": "81.19500", "2007-12-31": "116.93010", "2007-09-30": "154.73100", "2007-06-30": "156.46100", "2007-03-31": "147.15000", "2006-12-31": "230.13170", "2006-09-30": "221.69890", "2006-06-30": "325.25200", "2006-03-31": "228.97800", "2005-12-31": "375.42880", "2005-09-30": "315.26610", "2005-06-30": "283.64990", "2005-03-31": "201.34600"}, "EBIT": {"2020-12-31": "400.92900", "2020-09-30": "335.36600", "2020-06-30": "221.21010", "2020-03-31": "170.32890", "2019-12-31": "305.10570", "2019-09-30": "276.80700", "2019-06-30": "253.75020", "2019-03-31": "227.65490", "2018-12-31": "286.93350", "2018-09-30": "259.26900", "2018-06-30": "250.83020", "2018-03-31": "199.37290", "2017-12-31": "270.31500", "2017-09-30": "252.53710", "2017-06-30": "216.43600", "2017-03-31": "139.65810", "2016-12-31": "237.30130", "2016-09-30": "192.62700", "2016-06-30": "150.97090", "2016-03-31": "110.07400", "2015-12-31": "214.90450", "2015-09-30": "193.04900", "2015-06-30": "155.94300", "2015-03-31": "69.35900", "2014-12-31": "158.63000", "2014-09-30": "150.93900", "2014-06-30": "115.37190", "2014-03-31": "56.68500", "2013-12-31": "159.16780", "2013-09-30": "138.66810", "2013-06-30": "86.60200", "2013-03-31": "61.62600", "2012-12-31": "102.52480", "2012-09-30": "86.66910", "2012-06-30": "65.02800", "2012-03-31": "32.88800", "2011-12-31": "52.72710", "2011-09-30": "71.00700", "2011-06-30": "64.99000", "2011-03-31": "26.44600", "2010-12-31": "88.74390", "2010-09-30": "67.22300", "2010-06-30": "121.94410", "2010-03-31": "55.92200", "2009-12-31": "87.84500", "2009-09-30": "117.43700", "2009-06-30": "73.17800", "2009-03-31": "34.31300", "2008-12-31": "-48.01490", "2008-09-30": "65.02500", "2008-06-30": "90.69800", "2008-03-31": "77.35800", "2007-12-31": "112.78990", "2007-09-30": "150.46700", "2007-06-30": "152.16600", "2007-03-31": "142.81300", "2006-12-31": "226.06280", "2006-09-30": "217.93190", "2006-06-30": "321.94100", "2006-03-31": "225.96700", "2005-12-31": "372.15680", "2005-09-30": "312.64510", "2005-06-30": "281.25890", "2005-03-31": "198.94000"}, "Basic Shares Outstanding": {"2020-12-31": "3.71600", "2020-09-30": "3.70600", "2020-06-30": "3.68200", "2020-03-31": "3.66300", "2019-12-31": "3.64100", "2019-09-30": "3.67200", "2019-06-30": "3.61200", "2019-03-31": "3.60700", "2018-12-31": "3.63100", "2018-09-30": "3.61200", "2018-06-30": "3.63500", "2018-03-31": "3.67500", "2017-12-31": "3.73300", "2017-09-30": "3.74700", "2017-06-30": "3.74800", "2017-03-31": "3.70500", "2016-12-31": "3.84700", "2016-09-30": "3.85800", "2016-06-30": "3.90000", "2016-03-31": "3.88400", "2015-12-31": "4.02200", "2015-09-30": "4.05000", "2015-06-30": "4.06600", "2015-03-31": "4.05700", "2014-12-31": "4.27800", "2014-09-30": "4.19600", "2014-06-30": "4.34900", "2014-03-31": "4.46700", "2013-12-31": "4.73700", "2013-09-30": "4.58800", "2013-06-30": "4.88900", "2013-03-31": "4.97900", "2012-12-31": "5.01100", "2012-09-30": "4.99900", "2012-06-30": "5.10600", "2012-03-31": "5.04400", "2011-12-31": "5.46900", "2011-09-30": "5.30100", "2011-06-30": "5.78500", "2011-03-31": "5.82300", "2010-12-31": "5.89300", "2010-09-30": "5.74800", "2010-06-30": "6.12300", "2010-03-31": "6.06600", "2009-12-31": "5.80700", "2009-09-30": "5.86600", "2009-06-30": "5.77700", "2009-03-31": "5.64200", "2008-12-31": "5.37900", "2008-09-30": "5.43800", "2008-06-30": "5.35700", "2008-03-31": "5.22400", "2007-12-31": "5.42000", "2007-09-30": "5.28300", "2007-06-30": "5.60600", "2007-03-31": "5.66300", "2006-12-31": "5.64400", "2006-09-30": "5.72500", "2006-06-30": "5.72200", "2006-03-31": "5.59600", "2005-12-31": "6.32100", "2005-09-30": "6.29800", "2005-06-30": "6.37200", "2005-03-31": "6.65900"}, "Shares Outstanding": {"2020-12-31": "3.96500", "2020-09-30": "3.93900", "2020-06-30": "3.86100", "2020-03-31": "3.90800", "2019-12-31": "3.97300", "2019-09-30": "3.98800", "2019-06-30": "3.95900", "2019-03-31": "3.95500", "2018-12-31": "4.09200", "2018-09-30": "4.05600", "2018-06-30": "4.14200", "2018-03-31": "4.22000", "2017-12-31": "4.24000", "2017-09-30": "4.26300", "2017-06-30": "4.20200", "2017-03-31": "4.09700", "2016-12-31": "4.10400", "2016-09-30": "4.12500", "2016-06-30": "4.16500", "2016-03-31": "4.13500", "2015-12-31": "4.25500", "2015-09-30": "4.29600", "2015-06-30": "4.26200", "2015-03-31": "4.23500", "2014-12-31": "4.43500", "2014-09-30": "4.35400", "2014-06-30": "4.49500", "2014-03-31": "4.62000", "2013-12-31": "4.86200", "2013-09-30": "4.69500", "2013-06-30": "5.01300", "2013-03-31": "5.12200", "2012-12-31": "5.14200", "2012-09-30": "5.13200", "2012-06-30": "5.22100", "2012-03-31": "5.15900", "2011-12-31": "5.62400", "2011-09-30": "5.43700", "2011-06-30": "5.92900", "2011-03-31": "6.02000", "2010-12-31": "6.16500", "2010-09-30": "6.01100", "2010-06-30": "6.40500", "2010-03-31": "6.39900", "2009-12-31": "6.14900", "2009-09-30": "6.22300", "2009-06-30": "6.10100", "2009-03-31": "5.95800", "2008-12-31": "5.92000", "2008-09-30": "5.96800", "2008-06-30": "5.93800", "2008-03-31": "5.85900", "2007-12-31": "6.16800", "2007-09-30": "5.96900", "2007-06-30": "6.42000", "2007-03-31": "6.54500", "2006-12-31": "6.67200", "2006-09-30": "6.58800", "2006-06-30": "6.77900", "2006-03-31": "6.80500", "2005-12-31": "7.78400", "2005-09-30": "7.78700", "2005-06-30": "7.82500", "2005-03-31": "8.20000"}, "Basic EPS": {"2020-12-31": "82.08000", "2020-09-30": "69.19000", "2020-06-30": "44.56000", "2020-03-31": "47.97000", "2019-12-31": "69.94000", "2019-09-30": "60.94000", "2019-06-30": "58.20000", "2019-03-31": "52.23000", "2018-12-31": "64.28000", "2018-09-30": "54.21000", "2018-06-30": "55.90000", "2018-03-31": "45.19000", "2017-12-31": "33.50000", "2017-09-30": "43.26000", "2017-06-30": "39.46000", "2017-03-31": "27.78000", "2016-12-31": "39.78000", "2016-09-30": "30.43000", "2016-06-30": "23.51000", "2016-03-31": "16.81000", "2015-12-31": "33.86000", "2015-09-30": "28.75000", "2015-06-30": "22.97000", "2015-03-31": "9.63000", "2014-12-31": "23.32000", "2014-09-30": "21.49000", "2014-06-30": "15.68000", "2014-03-31": "5.34000", "2013-12-31": "20.76000", "2013-09-30": "18.08000", "2013-06-30": "10.37000", "2013-03-31": "7.04000", "2012-12-31": "12.28000", "2012-09-30": "10.60000", "2012-06-30": "9.17000", "2012-03-31": "3.99000", "2011-12-31": "6.21000", "2011-09-30": "8.19000", "2011-06-30": "6.65000", "2011-03-31": "2.61000", "2010-12-31": "10.38000", "2010-09-30": "7.65000", "2010-06-30": "11.64000", "2010-03-31": "5.29000", "2009-12-31": "10.45000", "2009-09-30": "12.29000", "2009-06-30": "7.17000", "2009-03-31": "3.19000", "2008-12-31": "-5.86000", "2008-09-30": "6.72000", "2008-06-30": "9.58000", "2008-03-31": "8.32000", "2007-12-31": "13.19000", "2007-09-30": "17.25000", "2007-06-30": "16.19000", "2007-03-31": "14.98000", "2006-12-31": "24.53000", "2006-09-30": "22.59000", "2006-06-30": "33.27000", "2006-03-31": "23.69000", "2005-12-31": "36.26000", "2005-09-30": "30.08000", "2005-06-30": "26.31000", "2005-03-31": "17.71000"}, "EPS - Earnings Per Share": {"2020-12-31": "76.93000", "2020-09-30": "65.11000", "2020-06-30": "42.50000", "2020-03-31": "44.96000", "2019-12-31": "64.29000", "2019-09-30": "56.11000", "2019-06-30": "53.09000", "2019-03-31": "47.64000", "2018-12-31": "58.13000", "2018-09-30": "48.28000", "2018-06-30": "49.05000", "2018-03-31": "39.34000", "2017-12-31": "28.44000", "2017-09-30": "38.02000", "2017-06-30": "35.19000", "2017-03-31": "25.12000", "2016-12-31": "37.35000", "2016-09-30": "28.46000", "2016-06-30": "22.01000", "2016-03-31": "15.79000", "2015-12-31": "31.75000", "2015-09-30": "27.11000", "2015-06-30": "21.91000", "2015-03-31": "9.22000", "2014-12-31": "22.47000", "2014-09-30": "20.70000", "2014-06-30": "15.17000", "2014-03-31": "5.16000", "2013-12-31": "20.19000", "2013-09-30": "17.67000", "2013-06-30": "10.11000", "2013-03-31": "6.84000", "2012-12-31": "11.92000", "2012-09-30": "10.33000", "2012-06-30": "8.97000", "2012-03-31": "3.90000", "2011-12-31": "6.03000", "2011-09-30": "7.98000", "2011-06-30": "6.48000", "2011-03-31": "2.52000", "2010-12-31": "9.97000", "2010-09-30": "7.31000", "2010-06-30": "11.13000", "2010-03-31": "5.01000", "2009-12-31": "9.86000", "2009-09-30": "11.59000", "2009-06-30": "6.79000", "2009-03-31": "3.02000", "2008-12-31": "-5.14000", "2008-09-30": "6.12000", "2008-06-30": "8.64000", "2008-03-31": "7.42000", "2007-12-31": "11.78000", "2007-09-30": "15.26000", "2007-06-30": "14.14000", "2007-03-31": "12.96000", "2006-12-31": "20.86000", "2006-09-30": "19.63000", "2006-06-30": "28.08000", "2006-03-31": "19.48000", "2005-12-31": "29.48000", "2005-09-30": "24.33000", "2005-06-30": "21.42000", "2005-03-31": "14.38000"}}, "balance sheet": {"Cash On Hand": {"2020-12-31": "3259.27300", "2019-12-31": "1652.64800", "2018-12-31": "1190.25200", "2017-12-31": "1040.97700", "2016-12-31": "766.78100", "2015-12-31": "769.35700", "2014-12-31": "750.60210", "2013-12-31": "1076.22600", "2012-12-31": "1341.53000", "2011-12-31": "732.68400", "2010-12-31": "1370.63600", "2009-12-31": "1509.78200", "2008-12-31": "1220.13100", "2007-12-31": "771.54700", "2006-12-31": "734.56300", "2005-12-31": "371.45800"}, "Receivables": {"2020-12-31": "18.29900", "2019-12-31": "18.27800", "2018-12-31": "18.64100", "2017-12-31": "20.02600", "2016-12-31": "18.93700", "2015-12-31": "11.48200", "2014-12-31": "10.02100", "2013-12-31": "9.52900", "2012-12-31": "9.42100", "2011-12-31": "6.78900", "2010-12-31": "6.94800", "2009-12-31": "7.99500", "2008-12-31": "11.59400", "2007-12-31": "10.85500", "2006-12-31": "12.21300", "2005-12-31": "40.56200"}, "Inventory": {"2020-12-31": "1709.08200", "2019-12-31": "1347.28800", "2018-12-31": "1253.11000", "2017-12-31": "1246.19900", "2016-12-31": "1092.10000", "2015-12-31": "1006.52600", "2014-12-31": "869.48600", "2013-12-31": "738.56500", "2012-12-31": "678.13100", "2011-12-31": "533.15000", "2010-12-31": "431.32900", "2009-12-31": "418.71800", "2008-12-31": "400.57000", "2007-12-31": "688.85400", "2006-12-31": "733.61600", "2005-12-31": "793.97500"}, "Pre-Paid Expenses": {"2020-12-31": "", "2019-12-31": "", "2018-12-31": "", "2017-12-31": "", "2016-12-31": "", "2015-12-31": "", "2014-12-31": "", "2013-12-31": "", "2012-12-31": "", "2011-12-31": "", "2010-12-31": "", "2009-12-31": "", "2008-12-31": "", "2007-12-31": "", "2006-12-31": "", "2005-12-31": ""}, "Other Current Assets": {"2020-12-31": "", "2019-12-31": "", "2018-12-31": "", "2017-12-31": "", "2016-12-31": "", "2015-12-31": "", "2014-12-31": "", "2013-12-31": "", "2012-12-31": "", "2011-12-31": "", "2010-12-31": "", "2009-12-31": "", "2008-12-31": "", "2007-12-31": "", "2006-12-31": "", "2005-12-31": ""}, "Total Current Assets": {"2020-12-31": "4986.65400", "2019-12-31": "3018.21400", "2018-12-31": "2462.00300", "2017-12-31": "2307.20200", "2016-12-31": "1877.81800", "2015-12-31": "1787.36500", "2014-12-31": "1630.10900", "2013-12-31": "1824.32000", "2012-12-31": "2029.08200", "2011-12-31": "1272.62300", "2010-12-31": "1808.91300", "2009-12-31": "1936.49500", "2008-12-31": "1632.29500", "2007-12-31": "1471.25600", "2006-12-31": "1480.39200", "2005-12-31": "1205.99500"}, "Property, Plant, And Equipment": {"2020-12-31": "62.33000", "2019-12-31": "58.08800", "2018-12-31": "48.74400", "2017-12-31": "49.51800", "2016-12-31": "50.81800", "2015-12-31": "49.96400", "2014-12-31": "52.43100", "2013-12-31": "37.29800", "2012-12-31": "29.48100", "2011-12-31": "24.93700", "2010-12-31": "20.47300", "2009-12-31": "20.66100", "2008-12-31": "26.41700", "2007-12-31": "33.79200", "2006-12-31": "41.59800", "2005-12-31": "32.09900"}, "Long-Term Investments": {"2020-12-31": "", "2019-12-31": "", "2018-12-31": "", "2017-12-31": "", "2016-12-31": "", "2015-12-31": "", "2014-12-31": "", "2013-12-31": "", "2012-12-31": "", "2011-12-31": "", "2010-12-31": "", "2009-12-31": "", "2008-12-31": "", "2007-12-31": "", "2006-12-31": "", "2005-12-31": ""}, "Goodwill And Intangible Assets": {"2020-12-31": "48.92700", "2019-12-31": "48.92700", "2018-12-31": "48.92700", "2017-12-31": "48.92700", "2016-12-31": "48.92700", "2015-12-31": "52.90900", "2014-12-31": "54.29100", "2013-12-31": "55.67400", "2012-12-31": "58.14600", "2011-12-31": "48.92700", "2010-12-31": "48.92700", "2009-12-31": "48.92700", "2008-12-31": "48.92700", "2007-12-31": "60.70900", "2006-12-31": "60.86300", "2005-12-31": "60.98800"}, "Other Long-Term Assets": {"2020-12-31": "480.70100", "2019-12-31": "491.68500", "2018-12-31": "493.92600", "2017-12-31": "471.67900", "2016-12-31": "495.72800", "2015-12-31": "457.92600", "2014-12-31": "445.72500", "2013-12-31": "399.21000", "2012-12-31": "326.88900", "2011-12-31": "256.93500", "2010-12-31": "174.44700", "2009-12-31": "118.91700", "2008-12-31": "57.27400", "2007-12-31": "236.64500", "2006-12-31": "444.63500", "2005-12-31": "565.77000"}, "Total Long-Term Assets": {"2020-12-31": "790.48700", "2019-12-31": "791.60100", "2018-12-31": "703.93000", "2017-12-31": "682.07700", "2016-12-31": "766.12500", "2015-12-31": "724.35300", "2014-12-31": "721.22600", "2013-12-31": "661.82800", "2012-12-31": "575.76000", "2011-12-31": "506.86200", "2010-12-31": "451.14800", "2009-12-31": "459.27500", "2008-12-31": "470.94100", "2007-12-31": "723.16000", "2006-12-31": "993.41600", "2005-12-31": "1031.67400"}, "Total Assets": {"2020-12-31": "5777.14100", "2019-12-31": "3809.81500", "2018-12-31": "3165.93300", "2017-12-31": "2989.27900", "2016-12-31": "2643.94300", "2015-12-31": "2511.71800", "2014-12-31": "2351.33500", "2013-12-31": "2486.14800", "2012-12-31": "2604.84200", "2011-12-31": "1779.48500", "2010-12-31": "2260.06100", "2009-12-31": "2395.77000", "2008-12-31": "2103.23600", "2007-12-31": "2194.41600", "2006-12-31": "2473.80800", "2005-12-31": "2237.66900"}, "Total Current Liabilities": {"2020-12-31": "843.25800", "2019-12-31": "653.00700", "2018-12-31": "621.44400", "2017-12-31": "636.68800", "2016-12-31": "620.81100", "2015-12-31": "564.65000", "2014-12-31": "519.47700", "2013-12-31": "519.68800", "2012-12-31": "418.93600", "2011-12-31": "337.46700", "2010-12-31": "457.89000", "2009-12-31": "375.63200", "2008-12-31": "397.06500", "2007-12-31": "575.35700", "2006-12-31": "711.57500", "2005-12-31": "827.83100"}, "Long Term Debt": {"2020-12-31": "1517.39500", "2019-12-31": "598.30100", "2018-12-31": "597.68100", "2017-12-31": "597.06600", "2016-12-31": "596.45500", "2015-12-31": "595.84700", "2014-12-31": "599.16600", "2013-12-31": "599.07500", "2012-12-31": "598.98800", "2011-12-31": "", "2010-12-31": "", "2009-12-31": "133.37000", "2008-12-31": "163.32000", "2007-12-31": "200.00000", "2006-12-31": "200.00000", "2005-12-31": "200.00000"}, "Other Non-Current Liabilities": {"2020-12-31": "240.75800", "2019-12-31": "131.88600", "2018-12-31": "138.24600", "2017-12-31": "150.03300", "2016-12-31": "122.23600", "2015-12-31": "112.05600", "2014-12-31": "108.43700", "2013-12-31": "106.03300", "2012-12-31": "106.44100", "2011-12-31": "67.21900", "2010-12-31": "61.79700", "2009-12-31": "129.50600", "2008-12-31": "169.06200", "2007-12-31": "289.68400", "2006-12-31": "410.15900", "2005-12-31": "532.67600"}, "Total Long Term Liabilities": {"2020-12-31": "1830.80900", "2019-12-31": "815.56400", "2018-12-31": "735.92700", "2017-12-31": "747.09900", "2016-12-31": "718.69100", "2015-12-31": "707.90300", "2014-12-31": "707.60300", "2013-12-31": "705.10800", "2012-12-31": "705.42900", "2011-12-31": "67.21900", "2010-12-31": "61.79700", "2009-12-31": "262.87600", "2008-12-31": "332.38200", "2007-12-31": "489.68400", "2006-12-31": "610.15900", "2005-12-31": "732.67600"}, "Total Liabilities": {"2020-12-31": "2674.06700", "2019-12-31": "1468.57100", "2018-12-31": "1357.37100", "2017-12-31": "1383.78700", "2016-12-31": "1339.50200", "2015-12-31": "1272.55300", "2014-12-31": "1227.08000", "2013-12-31": "1224.79600", "2012-12-31": "1124.36500", "2011-12-31": "404.68600", "2010-12-31": "519.68700", "2009-12-31": "638.50800", "2008-12-31": "729.44700", "2007-12-31": "1065.04100", "2006-12-31": "1321.73400", "2005-12-31": "1560.50700"}, "Common Stock Net": {"2020-12-31": "0.20600", "2019-12-31": "0.20600", "2018-12-31": "0.20600", "2017-12-31": "0.20600", "2016-12-31": "0.20600", "2015-12-31": "0.20600", "2014-12-31": "0.20600", "2013-12-31": "0.20600", "2012-12-31": "0.20600", "2011-12-31": "0.20600", "2010-12-31": "0.20600", "2009-12-31": "0.20600", "2008-12-31": "0.20600", "2007-12-31": "0.20600", "2006-12-31": "0.20600", "2005-12-31": "0.20600"}, "Retained Earnings (Accumulated Deficit)": {"2020-12-31": "8811.12000", "2019-12-31": "7909.87200", "2018-12-31": "7031.33300", "2017-12-31": "6231.94000", "2016-12-31": "5695.37600", "2015-12-31": "5270.11400", "2014-12-31": "4887.18700", "2013-12-31": "4605.55700", "2012-12-31": "4339.08000", "2011-12-31": "4158.49200", "2010-12-31": "4029.07200", "2009-12-31": "3823.06700", "2008-12-31": "3630.88700", "2007-12-31": "3529.99500", "2006-12-31": "3196.04000", "2005-12-31": "2608.62800"}, "Comprehensive Income": {"2020-12-31": "", "2019-12-31": "", "2018-12-31": "", "2017-12-31": "", "2016-12-31": "", "2015-12-31": "", "2014-12-31": "", "2013-12-31": "", "2012-12-31": "", "2011-12-31": "", "2010-12-31": "", "2009-12-31": "", "2008-12-31": "", "2007-12-31": "", "2006-12-31": "", "2005-12-31": ""}, "Other Share Holders Equity": {"2020-12-31": "", "2019-12-31": "", "2018-12-31": "", "2017-12-31": "", "2016-12-31": "", "2015-12-31": "", "2014-12-31": "", "2013-12-31": "", "2012-12-31": "", "2011-12-31": "", "2010-12-31": "", "2009-12-31": "", "2008-12-31": "", "2007-12-31": "", "2006-12-31": "", "2005-12-31": ""}, "Share Holder Equity": {"2020-12-31": "3103.07400", "2019-12-31": "2341.24400", "2018-12-31": "1808.56200", "2017-12-31": "1605.49200", "2016-12-31": "1304.44100", "2015-12-31": "1239.16500", "2014-12-31": "1124.25500", "2013-12-31": "1261.35200", "2012-12-31": "1480.47700", "2011-12-31": "1374.79900", "2010-12-31": "1740.37400", "2009-12-31": "1757.26200", "2008-12-31": "1373.78900", "2007-12-31": "1129.37500", "2006-12-31": "1152.07400", "2005-12-31": "677.16200"}, "Total Liabilities And Share Holders Equity": {"2020-12-31": "5777.14100", "2019-12-31": "3809.81500", "2018-12-31": "3165.93300", "2017-12-31": "2989.27900", "2016-12-31": "2643.94300", "2015-12-31": "2511.71800", "2014-12-31": "2351.33500", "2013-12-31": "2486.14800", "2012-12-31": "2604.84200", "2011-12-31": "1779.48500", "2010-12-31": "2260.06100", "2009-12-31": "2395.77000", "2008-12-31": "2103.23600", "2007-12-31": "2194.41600", "2006-12-31": "2473.80800", "2005-12-31": "2237.66900"}}, "balance sheet, quarterly": {"Cash On Hand": {"2020-12-31": "3259.27300", "2020-09-30": "2933.13100", "2020-06-30": "2352.93300", "2020-03-31": "1548.93500", "2019-12-31": "1652.64800", "2019-09-30": "1526.99000", "2019-06-30": "1368.80800", "2019-03-31": "1262.95600", "2018-12-31": "1190.25200", "2018-09-30": "955.15890", "2018-06-30": "857.15800", "2018-03-31": "793.58610", "2017-12-31": "1040.97700", "2017-09-30": "901.30990", "2017-06-30": "788.37510", "2017-03-31": "722.96300", "2016-12-31": "766.78100", "2016-09-30": "552.52100", "2016-06-30": "638.34700", "2016-03-31": "317.98700", "2015-12-31": "769.35700", "2015-09-30": "646.36700", "2015-06-30": "761.14900", "2015-03-31": "685.75290", "2014-12-31": "750.60210", "2014-09-30": "662.29200", "2014-06-30": "722.32900", "2014-03-31": "1002.37200", "2013-12-31": "1076.22600", "2013-09-30": "965.51700", "2013-06-30": "953.55000", "2013-03-31": "1215.23800", "2012-12-31": "1341.53000", "2012-09-30": "1205.99500", "2012-06-30": "743.03000", "2012-03-31": "688.10600", "2011-12-31": "732.68400", "2011-09-30": "688.65100", "2011-06-30": "1110.97000", "2011-03-31": "1325.83600", "2010-12-31": "1370.63600", "2010-09-30": "1251.07000", "2010-06-30": "1510.19500", "2010-03-31": "1550.67700", "2009-12-31": "1509.78200", "2009-09-30": "1485.17200", "2009-06-30": "1364.80700", "2009-03-31": "1351.67400", "2008-12-31": "1220.13100", "2008-09-30": "1078.88000", "2008-06-30": "1002.85300", "2008-03-31": "859.77290", "2007-12-31": "771.54700", "2007-09-30": "454.94000", "2007-06-30": "732.96400", "2007-03-31": "658.79000", "2006-12-31": "734.56300", "2006-09-30": "442.04800", "2006-06-30": "376.21900", "2006-03-31": "236.78900", "2005-12-31": "371.45800", "2005-09-30": "389.30000", "2005-06-30": "418.69300", "2005-03-31": "367.69000"}, "Receivables": {"2020-12-31": "18.29900", "2020-09-30": "21.46100", "2020-06-30": "20.80100", "2020-03-31": "27.08900", "2019-12-31": "18.27800", "2019-09-30": "29.27600", "2019-06-30": "28.94300", "2019-03-31": "30.48800", "2018-12-31": "18.64100", "2018-09-30": "26.36300", "2018-06-30": "30.17900", "2018-03-31": "22.37400", "2017-12-31": "20.02600", "2017-09-30": "20.44800", "2017-06-30": "22.11000", "2017-03-31": "19.87600", "2016-12-31": "18.93700", "2016-09-30": "13.92100", "2016-06-30": "17.46400", "2016-03-31": "13.82900", "2015-12-31": "11.48200", "2015-09-30": "9.85000", "2015-06-30": "15.98700", "2015-03-31": "10.02400", "2014-12-31": "10.02100", "2014-09-30": "11.46500", "2014-06-30": "15.19600", "2014-03-31": "10.05500", "2013-12-31": "9.52900", "2013-09-30": "13.13700", "2013-06-30": "14.82200", "2013-03-31": "14.53600", "2012-12-31": "9.42100", "2012-09-30": "9.97300", "2012-06-30": "9.61200", "2012-03-31": "6.02800", "2011-12-31": "6.78900", "2011-09-30": "7.28100", "2011-06-30": "7.87100", "2011-03-31": "7.37800", "2010-12-31": "6.94800", "2010-09-30": "10.71400", "2010-06-30": "15.01100", "2010-03-31": "8.09100", "2009-12-31": "7.99500", "2009-09-30": "9.01500", "2009-06-30": "9.22700", "2009-03-31": "9.25100", "2008-12-31": "11.59400", "2008-09-30": "10.44400", "2008-06-30": "16.18900", "2008-03-31": "8.62200", "2007-12-31": "10.85500", "2007-09-30": "17.66600", "2007-06-30": "13.47400", "2007-03-31": "12.17900", "2006-12-31": "12.21300", "2006-09-30": "16.76200", "2006-06-30": "19.17200", "2006-03-31": "12.57300", "2005-12-31": "40.56200", "2005-09-30": "19.21200", "2005-06-30": "36.34600", "2005-03-31": "17.11900"}, "Inventory": {"2020-12-31": "1709.08200", "2020-09-30": "1763.18600", "2020-06-30": "1602.54000", "2020-03-31": "1515.64000", "2019-12-31": "1347.28800", "2019-09-30": "1496.44900", "2019-06-30": "1397.72800", "2019-03-31": "1281.16900", "2018-12-31": "1253.11000", "2018-09-30": "1421.07000", "2018-06-30": "1433.61500", "2018-03-31": "1344.39200", "2017-12-31": "1246.19900", "2017-09-30": "1376.55900", "2017-06-30": "1364.95100", "2017-03-31": "1232.43400", "2016-12-31": "1092.10000", "2016-09-30": "1316.73000", "2016-06-30": "1247.61400", "2016-03-31": "1261.13500", "2015-12-31": "1006.52600", "2015-09-30": "1161.45500", "2015-06-30": "1085.09100", "2015-03-31": "954.58100", "2014-12-31": "869.48600", "2014-09-30": "1013.73300", "2014-06-30": "952.50500", "2014-03-31": "841.99800", "2013-12-31": "738.56500", "2013-09-30": "917.07000", "2013-06-30": "940.28000", "2013-03-31": "841.85000", "2012-12-31": "678.13100", "2012-09-30": "700.17600", "2012-06-30": "701.16300", "2012-03-31": "635.74600", "2011-12-31": "533.15000", "2011-09-30": "581.21300", "2011-06-30": "535.17900", "2011-03-31": "492.24400", "2010-12-31": "431.32900", "2010-09-30": "562.31400", "2010-06-30": "420.70100", "2010-03-31": "499.90900", "2009-12-31": "418.71800", "2009-09-30": "478.83900", "2009-06-30": "460.57000", "2009-03-31": "370.52900", "2008-12-31": "400.57000", "2008-09-30": "738.09400", "2008-06-30": "625.63700", "2008-03-31": "631.07700", "2007-12-31": "688.85400", "2007-09-30": "979.39700", "2007-06-30": "886.56200", "2007-03-31": "802.36000", "2006-12-31": "733.61600", "2006-09-30": "1011.13900", "2006-06-30": "1018.02900", "2006-03-31": "1022.31000", "2005-12-31": "793.97500", "2005-09-30": "916.58100", "2005-06-30": "809.39300", "2005-03-31": "692.38000"}, "Pre-Paid Expenses": {"2020-12-31": "", "2020-09-30": "", "2020-06-30": "", "2020-03-31": "", "2019-12-31": "", "2019-09-30": "", "2019-06-30": "", "2019-03-31": "", "2018-12-31": "", "2018-09-30": "", "2018-06-30": "", "2018-03-31": "", "2017-12-31": "", "2017-09-30": "", "2017-06-30": "", "2017-03-31": "", "2016-12-31": "", "2016-09-30": "", "2016-06-30": "", "2016-03-31": "", "2015-12-31": "", "2015-09-30": "", "2015-06-30": "", "2015-03-31": "", "2014-12-31": "", "2014-09-30": "", "2014-06-30": "", "2014-03-31": "", "2013-12-31": "", "2013-09-30": "", "2013-06-30": "", "2013-03-31": "", "2012-12-31": "", "2012-09-30": "", "2012-06-30": "", "2012-03-31": "", "2011-12-31": "", "2011-09-30": "", "2011-06-30": "", "2011-03-31": "", "2010-12-31": "", "2010-09-30": "", "2010-06-30": "", "2010-03-31": "", "2009-12-31": "", "2009-09-30": "", "2009-06-30": "", "2009-03-31": "", "2008-12-31": "", "2008-09-30": "", "2008-06-30": "", "2008-03-31": "", "2007-12-31": "", "2007-09-30": "", "2007-06-30": "", "2007-03-31": "", "2006-12-31": "", "2006-09-30": "", "2006-06-30": "", "2006-03-31": "", "2005-12-31": "", "2005-09-30": "", "2005-06-30": "", "2005-03-31": ""}, "Other Current Assets": {"2020-12-31": "", "2020-09-30": "", "2020-06-30": "", "2020-03-31": "", "2019-12-31": "", "2019-09-30": "", "2019-06-30": "", "2019-03-31": "", "2018-12-31": "", "2018-09-30": "", "2018-06-30": "", "2018-03-31": "", "2017-12-31": "", "2017-09-30": "", "2017-06-30": "", "2017-03-31": "", "2016-12-31": "", "2016-09-30": "", "2016-06-30": "", "2016-03-31": "", "2015-12-31": "", "2015-09-30": "", "2015-06-30": "", "2015-03-31": "", "2014-12-31": "", "2014-09-30": "", "2014-06-30": "", "2014-03-31": "", "2013-12-31": "", "2013-09-30": "", "2013-06-30": "", "2013-03-31": "", "2012-12-31": "", "2012-09-30": "", "2012-06-30": "", "2012-03-31": "", "2011-12-31": "", "2011-09-30": "", "2011-06-30": "", "2011-03-31": "", "2010-12-31": "", "2010-09-30": "", "2010-06-30": "", "2010-03-31": "", "2009-12-31": "", "2009-09-30": "", "2009-06-30": "", "2009-03-31": "", "2008-12-31": "", "2008-09-30": "", "2008-06-30": "", "2008-03-31": "", "2007-12-31": "", "2007-09-30": "", "2007-06-30": "", "2007-03-31": "", "2006-12-31": "", "2006-09-30": "", "2006-06-30": "", "2006-03-31": "", "2005-12-31": "", "2005-09-30": "", "2005-06-30": "", "2005-03-31": ""}, "Total Current Assets": {"2020-12-31": "4986.65400", "2020-09-30": "4717.77800", "2020-06-30": "3976.27400", "2020-03-31": "3091.66400", "2019-12-31": "3018.21400", "2019-09-30": "3052.71500", "2019-06-30": "2795.47900", "2019-03-31": "2574.61300", "2018-12-31": "2462.00300", "2018-09-30": "2402.59200", "2018-06-30": "2320.95200", "2018-03-31": "2160.35200", "2017-12-31": "2307.20200", "2017-09-30": "2298.31700", "2017-06-30": "2175.43600", "2017-03-31": "1975.27300", "2016-12-31": "1877.81800", "2016-09-30": "1883.17200", "2016-06-30": "1903.42500", "2016-03-31": "1592.95100", "2015-12-31": "1787.36500", "2015-09-30": "1817.67200", "2015-06-30": "1862.22700", "2015-03-31": "1650.35800", "2014-12-31": "1630.10900", "2014-09-30": "1687.49000", "2014-06-30": "1690.03000", "2014-03-31": "1854.42500", "2013-12-31": "1824.32000", "2013-09-30": "1895.72400", "2013-06-30": "1908.65200", "2013-03-31": "2071.62400", "2012-12-31": "2029.08200", "2012-09-30": "1916.14400", "2012-06-30": "1453.80500", "2012-03-31": "1329.88000", "2011-12-31": "1272.62300", "2011-09-30": "1277.14500", "2011-06-30": "1654.02000", "2011-03-31": "1825.45800", "2010-12-31": "1808.91300", "2010-09-30": "1824.09800", "2010-06-30": "1945.90700", "2010-03-31": "2058.67700", "2009-12-31": "1936.49500", "2009-09-30": "1973.02600", "2009-06-30": "1834.60400", "2009-03-31": "1731.45400", "2008-12-31": "1632.29500", "2008-09-30": "1827.41800", "2008-06-30": "1644.67900", "2008-03-31": "1499.47200", "2007-12-31": "1471.25600", "2007-09-30": "1452.00300", "2007-06-30": "1633.00000", "2007-03-31": "1473.32900", "2006-12-31": "1480.39200", "2006-09-30": "1469.94900", "2006-06-30": "1413.42000", "2006-03-31": "1271.67200", "2005-12-31": "1205.99500", "2005-09-30": "1325.09300", "2005-06-30": "1264.43200", "2005-03-31": "1077.18900"}, "Property, Plant, And Equipment": {"2020-12-31": "62.33000", "2020-09-30": "63.46600", "2020-06-30": "55.71700", "2020-03-31": "56.48400", "2019-12-31": "58.08800", "2019-09-30": "56.52100", "2019-06-30": "54.51900", "2019-03-31": "49.54300", "2018-12-31": "48.74400", "2018-09-30": "49.16200", "2018-06-30": "48.63000", "2018-03-31": "47.56300", "2017-12-31": "49.51800", "2017-09-30": "50.13000", "2017-06-30": "49.52500", "2017-03-31": "50.55000", "2016-12-31": "50.81800", "2016-09-30": "50.40600", "2016-06-30": "51.14600", "2016-03-31": "50.02600", "2015-12-31": "49.96400", "2015-09-30": "50.41300", "2015-06-30": "50.74600", "2015-03-31": "52.30000", "2014-12-31": "52.43100", "2014-09-30": "52.82400", "2014-06-30": "50.68500", "2014-03-31": "39.32000", "2013-12-31": "37.29800", "2013-09-30": "35.78700", "2013-06-30": "32.70100", "2013-03-31": "30.56900", "2012-12-31": "29.48100", "2012-09-30": "29.31300", "2012-06-30": "27.06100", "2012-03-31": "25.96600", "2011-12-31": "24.93700", "2011-09-30": "24.05200", "2011-06-30": "24.61100", "2011-03-31": "19.85000", "2010-12-31": "20.47300", "2010-09-30": "19.60000", "2010-06-30": "19.89600", "2010-03-31": "19.80400", "2009-12-31": "20.66100", "2009-09-30": "21.16800", "2009-06-30": "22.24600", "2009-03-31": "24.20800", "2008-12-31": "26.41700", "2008-09-30": "27.73700", "2008-06-30": "30.09700", "2008-03-31": "31.97000", "2007-12-31": "33.79200", "2007-09-30": "35.52300", "2007-06-30": "36.78500", "2007-03-31": "38.60900", "2006-12-31": "41.59800", "2006-09-30": "38.24500", "2006-06-30": "36.10400", "2006-03-31": "34.10900", "2005-12-31": "32.09900", "2005-09-30": "26.15700", "2005-06-30": "26.48100", "2005-03-31": "26.22900"}, "Long-Term Investments": {"2020-12-31": "", "2020-09-30": "", "2020-06-30": "", "2020-03-31": "", "2019-12-31": "", "2019-09-30": "", "2019-06-30": "", "2019-03-31": "", "2018-12-31": "", "2018-09-30": "", "2018-06-30": "", "2018-03-31": "", "2017-12-31": "", "2017-09-30": "", "2017-06-30": "", "2017-03-31": "", "2016-12-31": "", "2016-09-30": "", "2016-06-30": "", "2016-03-31": "", "2015-12-31": "", "2015-09-30": "", "2015-06-30": "", "2015-03-31": "", "2014-12-31": "", "2014-09-30": "", "2014-06-30": "", "2014-03-31": "", "2013-12-31": "", "2013-09-30": "", "2013-06-30": "", "2013-03-31": "", "2012-12-31": "", "2012-09-30": "", "2012-06-30": "", "2012-03-31": "", "2011-12-31": "", "2011-09-30": "", "2011-06-30": "", "2011-03-31": "", "2010-12-31": "", "2010-09-30": "", "2010-06-30": "", "2010-03-31": "", "2009-12-31": "", "2009-09-30": "", "2009-06-30": "", "2009-03-31": "", "2008-12-31": "", "2008-09-30": "", "2008-06-30": "", "2008-03-31": "", "2007-12-31": "", "2007-09-30": "", "2007-06-30": "", "2007-03-31": "", "2006-12-31": "", "2006-09-30": "", "2006-06-30": "", "2006-03-31": "", "2005-12-31": "", "2005-09-30": "", "2005-06-30": "", "2005-03-31": ""}, "Goodwill And Intangible Assets": {"2020-12-31": "48.92700", "2020-09-30": "48.92700", "2020-06-30": "48.92700", "2020-03-31": "48.92700", "2019-12-31": "48.92700", "2019-09-30": "48.92700", "2019-06-30": "48.92700", "2019-03-31": "48.92700", "2018-12-31": "48.92700", "2018-09-30": "48.92700", "2018-06-30": "48.92700", "2018-03-31": "48.92700", "2017-12-31": "48.92700", "2017-09-30": "50.49000", "2017-06-30": "409.24000", "2017-03-31": "51.18100", "2016-12-31": "48.92700", "2016-09-30": "51.87200", "2016-06-30": "52.21800", "2016-03-31": "241.75400", "2015-12-31": "52.90900", "2015-09-30": "53.25400", "2015-06-30": "53.60000", "2015-03-31": "53.94600", "2014-12-31": "54.29100", "2014-09-30": "54.63700", "2014-06-30": "54.98200", "2014-03-31": "55.32800", "2013-12-31": "55.67400", "2013-09-30": "56.44700", "2013-06-30": "57.22100", "2013-03-31": "57.74600", "2012-12-31": "58.14600", "2012-09-30": "48.92700", "2012-06-30": "48.92700", "2012-03-31": "48.92700", "2011-12-31": "48.92700", "2011-09-30": "48.92700", "2011-06-30": "48.92700", "2011-03-31": "48.92700", "2010-12-31": "48.92700", "2010-09-30": "48.92700", "2010-06-30": "48.92700", "2010-03-31": "48.92700", "2009-12-31": "48.92700", "2009-09-30": "48.92700", "2009-06-30": "48.92700", "2009-03-31": "48.92700", "2008-12-31": "48.92700", "2008-09-30": "60.63400", "2008-06-30": "60.65500", "2008-03-31": "60.67500", "2007-12-31": "60.70900", "2007-09-30": "60.74300", "2007-06-30": "60.77600", "2007-03-31": "60.83200", "2006-12-31": "60.86300", "2006-09-30": "60.89400", "2006-06-30": "60.92500", "2006-03-31": "60.95700", "2005-12-31": "60.98800", "2005-09-30": "60.00600", "2005-06-30": "60.04800", "2005-03-31": "60.08900"}, "Other Long-Term Assets": {"2020-12-31": "480.70100", "2020-09-30": "601.40900", "2020-06-30": "577.17500", "2020-03-31": "614.83200", "2019-12-31": "607.41600", "2019-09-30": "607.83400", "2019-06-30": "625.21000", "2019-03-31": "611.79900", "2018-12-31": "493.92600", "2018-09-30": "589.14200", "2018-06-30": "590.88600", "2018-03-31": "589.22300", "2017-12-31": "471.67900", "2017-09-30": "649.35200", "2017-06-30": "282.64300", "2017-03-31": "664.04700", "2016-12-31": "495.72800", "2016-09-30": "676.51900", "2016-06-30": "690.32400", "2016-03-31": "655.18900", "2015-12-31": "457.92600", "2015-09-30": "647.54400", "2015-06-30": "626.76000", "2015-03-31": "615.98500", "2014-12-31": "445.72500", "2014-09-30": "611.89300", "2014-06-30": "579.56400", "2014-03-31": "569.09200", "2013-12-31": "399.21000", "2013-09-30": "521.13100", "2013-06-30": "522.38400", "2013-03-31": "493.68000", "2012-12-31": "326.88900", "2012-09-30": "470.13200", "2012-06-30": "444.51900", "2012-03-31": "428.59300", "2011-12-31": "256.93500", "2011-09-30": "427.69000", "2011-06-30": "425.09500", "2011-03-31": "358.69200", "2010-12-31": "174.44700", "2010-09-30": "334.42300", "2010-06-30": "321.72500", "2010-03-31": "325.16000", "2009-12-31": "118.91700", "2009-09-30": "274.19800", "2009-06-30": "265.31800", "2009-03-31": "257.25600", "2008-12-31": "57.27400", "2008-09-30": "392.36300", "2008-06-30": "433.28300", "2008-03-31": "455.08800", "2007-12-31": "236.64500", "2007-09-30": "494.62300", "2007-06-30": "573.47400", "2007-03-31": "615.44100", "2006-12-31": "444.63500", "2006-09-30": "641.12300", "2006-06-30": "755.19300", "2006-03-31": "706.78600", "2005-12-31": "565.77000", "2005-09-30": "637.67400", "2005-06-30": "600.53600", "2005-03-31": "536.76400"}, "Total Long-Term Assets": {"2020-12-31": "790.48700", "2020-09-30": "782.14200", "2020-06-30": "753.74600", "2020-03-31": "795.85900", "2019-12-31": "791.60100", "2019-09-30": "790.64400", "2019-06-30": "807.76100", "2019-03-31": "788.15800", "2018-12-31": "703.93000", "2018-09-30": "687.23100", "2018-06-30": "688.44300", "2018-03-31": "685.71300", "2017-12-31": "682.07700", "2017-09-30": "751.19400", "2017-06-30": "742.65100", "2017-03-31": "767.02600", "2016-12-31": "766.12500", "2016-09-30": "780.04400", "2016-06-30": "794.99900", "2016-03-31": "948.70000", "2015-12-31": "724.35300", "2015-09-30": "753.01000", "2015-06-30": "734.00800", "2015-03-31": "725.77600", "2014-12-31": "721.22600", "2014-09-30": "725.58600", "2014-06-30": "692.03300", "2014-03-31": "670.32800", "2013-12-31": "661.82800", "2013-09-30": "623.17300", "2013-06-30": "622.51500", "2013-03-31": "593.43100", "2012-12-31": "575.76000", "2012-09-30": "564.58200", "2012-06-30": "537.15500", "2012-03-31": "521.03200", "2011-12-31": "506.86200", "2011-09-30": "522.47100", "2011-06-30": "521.65500", "2011-03-31": "450.27000", "2010-12-31": "451.14800", "2010-09-30": "425.72100", "2010-06-30": "413.52800", "2010-03-31": "417.72000", "2009-12-31": "459.27500", "2009-09-30": "401.75400", "2009-06-30": "402.48100", "2009-03-31": "399.69600", "2008-12-31": "470.94100", "2008-09-30": "480.73400", "2008-06-30": "669.17600", "2008-03-31": "710.10400", "2007-12-31": "723.16000", "2007-09-30": "794.67100", "2007-06-30": "870.28100", "2007-03-31": "994.61800", "2006-12-31": "993.41600", "2006-09-30": "1002.79600", "2006-06-30": "1114.40600", "2006-03-31": "1076.03100", "2005-12-31": "1031.67400", "2005-09-30": "891.02100", "2005-06-30": "850.17900", "2005-03-31": "767.33700"}, "Total Assets": {"2020-12-31": "5777.14100", "2020-09-30": "5499.92000", "2020-06-30": "4730.02000", "2020-03-31": "3887.52300", "2019-12-31": "3809.81500", "2019-09-30": "3843.35900", "2019-06-30": "3603.24000", "2019-03-31": "3362.77100", "2018-12-31": "3165.93300", "2018-09-30": "3089.82300", "2018-06-30": "3009.39500", "2018-03-31": "2846.06500", "2017-12-31": "2989.27900", "2017-09-30": "3049.51100", "2017-06-30": "2918.08700", "2017-03-31": "2742.29900", "2016-12-31": "2643.94300", "2016-09-30": "2663.21600", "2016-06-30": "2698.42400", "2016-03-31": "2541.65100", "2015-12-31": "2511.71800", "2015-09-30": "2570.68200", "2015-06-30": "2596.23500", "2015-03-31": "2376.13400", "2014-12-31": "2351.33500", "2014-09-30": "2413.07600", "2014-06-30": "2382.06300", "2014-03-31": "2524.75300", "2013-12-31": "2486.14800", "2013-09-30": "2518.89700", "2013-06-30": "2531.16700", "2013-03-31": "2665.05500", "2012-12-31": "2604.84200", "2012-09-30": "2480.72600", "2012-06-30": "1990.96000", "2012-03-31": "1850.91200", "2011-12-31": "1779.48500", "2011-09-30": "1799.61600", "2011-06-30": "2175.67500", "2011-03-31": "2275.72800", "2010-12-31": "2260.06100", "2010-09-30": "2249.81900", "2010-06-30": "2359.43500", "2010-03-31": "2476.39700", "2009-12-31": "2395.77000", "2009-09-30": "2374.78000", "2009-06-30": "2237.08500", "2009-03-31": "2131.15000", "2008-12-31": "2103.23600", "2008-09-30": "2308.15200", "2008-06-30": "2313.85500", "2008-03-31": "2209.57600", "2007-12-31": "2194.41600", "2007-09-30": "2246.67400", "2007-06-30": "2503.28100", "2007-03-31": "2467.94700", "2006-12-31": "2473.80800", "2006-09-30": "2472.74500", "2006-06-30": "2527.82600", "2006-03-31": "2347.70300", "2005-12-31": "2237.66900", "2005-09-30": "2216.11400", "2005-06-30": "2114.61100", "2005-03-31": "1844.52600"}, "Total Current Liabilities": {"2020-12-31": "843.25800", "2020-09-30": "776.07500", "2020-06-30": "685.86700", "2020-03-31": "641.35500", "2019-12-31": "653.00700", "2019-09-30": "645.14500", "2019-06-30": "652.27200", "2019-03-31": "637.32600", "2018-12-31": "621.44400", "2018-09-30": "642.30400", "2018-06-30": "632.41800", "2018-03-31": "614.55100", "2017-12-31": "636.68800", "2017-09-30": "638.78400", "2017-06-30": "618.99190", "2017-03-31": "588.18000", "2016-12-31": "620.81100", "2016-09-30": "622.20000", "2016-06-30": "601.97500", "2016-03-31": "561.40700", "2015-12-31": "564.65000", "2015-09-30": "597.26400", "2015-06-30": "582.10600", "2015-03-31": "484.16500", "2014-12-31": "519.47700", "2014-09-30": "540.13500", "2014-06-30": "551.87300", "2014-03-31": "476.63000", "2013-12-31": "519.68800", "2013-09-30": "519.48800", "2013-06-30": "470.18800", "2013-03-31": "384.37700", "2012-12-31": "418.93600", "2012-09-30": "405.29000", "2012-06-30": "376.08800", "2012-03-31": "349.82100", "2011-12-31": "337.46700", "2011-09-30": "380.22000", "2011-06-30": "449.50900", "2011-03-31": "386.05100", "2010-12-31": "457.89000", "2010-09-30": "484.73500", "2010-06-30": "474.62500", "2010-03-31": "402.04200", "2009-12-31": "375.63200", "2009-09-30": "450.10800", "2009-06-30": "422.26300", "2009-03-31": "370.45800", "2008-12-31": "397.06500", "2008-09-30": "524.23700", "2008-06-30": "554.83700", "2008-03-31": "517.88000", "2007-12-31": "575.35700", "2007-09-30": "614.18300", "2007-06-30": "625.85690", "2007-03-31": "550.92900", "2006-12-31": "711.57500", "2006-09-30": "725.60190", "2006-06-30": "843.25600", "2006-03-31": "867.29000", "2005-12-31": "827.83100", "2005-09-30": "645.25600", "2005-06-30": "649.27000", "2005-03-31": "500.75800"}, "Long Term Debt": {"2020-12-31": "1517.39500", "2020-09-30": "1517.98200", "2020-06-30": "1193.96200", "2020-03-31": "598.45590", "2019-12-31": "598.30100", "2019-09-30": "598.14600", "2019-06-30": "597.99100", "2019-03-31": "597.83600", "2018-12-31": "597.68100", "2018-09-30": "597.52700", "2018-06-30": "597.37300", "2018-03-31": "597.22000", "2017-12-31": "597.06600", "2017-09-30": "596.91300", "2017-06-30": "596.76000", "2017-03-31": "596.60700", "2016-12-31": "596.45500", "2016-09-30": "596.30300", "2016-06-30": "596.15100", "2016-03-31": "595.99900", "2015-12-31": "595.84700", "2015-09-30": "599.23700", "2015-06-30": "599.21300", "2015-03-31": "599.18900", "2014-12-31": "599.16600", "2014-09-30": "599.14300", "2014-06-30": "599.12000", "2014-03-31": "599.09800", "2013-12-31": "599.07500", "2013-09-30": "599.05300", "2013-06-30": "599.03100", "2013-03-31": "599.01000", "2012-12-31": "598.98800", "2012-09-30": "598.96700", "2012-06-30": "", "2012-03-31": "", "2011-12-31": "", "2011-09-30": "", "2011-06-30": "", "2011-03-31": "", "2010-12-31": "", "2010-09-30": "", "2010-06-30": "", "2010-03-31": "133.37000", "2009-12-31": "133.37000", "2009-09-30": "133.37000", "2009-06-30": "135.37000", "2009-03-31": "163.32000", "2008-12-31": "163.32000", "2008-09-30": "200.00000", "2008-06-30": "200.00000", "2008-03-31": "200.00000", "2007-12-31": "200.00000", "2007-09-30": "200.00000", "2007-06-30": "200.00000", "2007-03-31": "200.00000", "2006-12-31": "200.00000", "2006-09-30": "200.00000", "2006-06-30": "200.00000", "2006-03-31": "200.00000", "2005-12-31": "200.00000", "2005-09-30": "200.00000", "2005-06-30": "200.00000", "2005-03-31": "200.00000"}, "Other Non-Current Liabilities": {"2020-12-31": "240.75800", "2020-09-30": "211.12200", "2020-06-30": "158.01600", "2020-03-31": "147.16100", "2019-12-31": "131.88600", "2019-09-30": "142.93700", "2019-06-30": "146.20700", "2019-03-31": "142.63400", "2018-12-31": "138.24600", "2018-09-30": "167.67600", "2018-06-30": "172.03300", "2018-03-31": "167.48600", "2017-12-31": "150.03300", "2017-09-30": "163.13800", "2017-06-30": "166.55800", "2017-03-31": "149.23200", "2016-12-31": "122.23600", "2016-09-30": "145.57400", "2016-06-30": "142.69700", "2016-03-31": "127.78200", "2015-12-31": "112.05600", "2015-09-30": "133.69100", "2015-06-30": "140.03500", "2015-03-31": "127.54300", "2014-12-31": "108.43700", "2014-09-30": "122.40400", "2014-06-30": "131.85500", "2014-03-31": "122.94300", "2013-12-31": "106.03300", "2013-09-30": "125.26200", "2013-06-30": "141.66900", "2013-03-31": "129.57600", "2012-12-31": "106.44100", "2012-09-30": "97.16100", "2012-06-30": "93.04800", "2012-03-31": "82.85000", "2011-12-31": "67.21900", "2011-09-30": "73.37700", "2011-06-30": "75.37000", "2011-03-31": "71.47600", "2010-12-31": "61.79700", "2010-09-30": "78.40600", "2010-06-30": "69.34400", "2010-03-31": "72.26100", "2009-12-31": "129.50600", "2009-09-30": "119.71500", "2009-06-30": "130.85000", "2009-03-31": "122.40100", "2008-12-31": "169.06200", "2008-09-30": "211.44000", "2008-06-30": "243.06500", "2008-03-31": "267.31800", "2007-12-31": "289.68400", "2007-09-30": "380.41300", "2007-06-30": "397.80400", "2007-03-31": "461.89000", "2006-12-31": "410.15900", "2006-09-30": "460.62700", "2006-06-30": "484.36300", "2006-03-31": "506.51900", "2005-12-31": "532.67600", "2005-09-30": "465.45900", "2005-06-30": "448.95100", "2005-03-31": "357.79700"}, "Total Long Term Liabilities": {"2020-12-31": "1830.80900", "2020-09-30": "1804.85200", "2020-06-30": "1431.74100", "2020-03-31": "829.24900", "2019-12-31": "815.56400", "2019-09-30": "826.75700", "2019-06-30": "831.52910", "2019-03-31": "826.66890", "2018-12-31": "735.92700", "2018-09-30": "765.20300", "2018-06-30": "769.40600", "2018-03-31": "764.70590", "2017-12-31": "747.09900", "2017-09-30": "760.05100", "2017-06-30": "763.31800", "2017-03-31": "745.83900", "2016-12-31": "718.69100", "2016-09-30": "741.87700", "2016-06-30": "738.84800", "2016-03-31": "723.78100", "2015-12-31": "707.90300", "2015-09-30": "732.92800", "2015-06-30": "739.24800", "2015-03-31": "726.73210", "2014-12-31": "707.60300", "2014-09-30": "721.54700", "2014-06-30": "730.97500", "2014-03-31": "722.04100", "2013-12-31": "705.10800", "2013-09-30": "724.31500", "2013-06-30": "740.70000", "2013-03-31": "728.58600", "2012-12-31": "705.42900", "2012-09-30": "696.12800", "2012-06-30": "93.04800", "2012-03-31": "82.85000", "2011-12-31": "67.21900", "2011-09-30": "73.37700", "2011-06-30": "75.37000", "2011-03-31": "71.47600", "2010-12-31": "61.79700", "2010-09-30": "78.40600", "2010-06-30": "69.34400", "2010-03-31": "205.63100", "2009-12-31": "262.87600", "2009-09-30": "253.08500", "2009-06-30": "266.22000", "2009-03-31": "285.72100", "2008-12-31": "332.38200", "2008-09-30": "411.44000", "2008-06-30": "443.06500", "2008-03-31": "467.31800", "2007-12-31": "489.68400", "2007-09-30": "580.41300", "2007-06-30": "597.80400", "2007-03-31": "661.89000", "2006-12-31": "610.15900", "2006-09-30": "660.62700", "2006-06-30": "684.36300", "2006-03-31": "706.51900", "2005-12-31": "732.67600", "2005-09-30": "665.45900", "2005-06-30": "648.95100", "2005-03-31": "557.79700"}, "Total Liabilities": {"2020-12-31": "2674.06700", "2020-09-30": "2580.92700", "2020-06-30": "2117.60800", "2020-03-31": "1470.60400", "2019-12-31": "1468.57100", "2019-09-30": "1471.90200", "2019-06-30": "1483.80100", "2019-03-31": "1463.99500", "2018-12-31": "1357.37100", "2018-09-30": "1407.50700", "2018-06-30": "1401.82400", "2018-03-31": "1379.25700", "2017-12-31": "1383.78700", "2017-09-30": "1398.83500", "2017-06-30": "1382.31000", "2017-03-31": "1334.01900", "2016-12-31": "1339.50200", "2016-09-30": "1364.07700", "2016-06-30": "1340.82300", "2016-03-31": "1285.18800", "2015-12-31": "1272.55300", "2015-09-30": "1330.19200", "2015-06-30": "1321.35400", "2015-03-31": "1210.89700", "2014-12-31": "1227.08000", "2014-09-30": "1261.68200", "2014-06-30": "1282.84800", "2014-03-31": "1198.67100", "2013-12-31": "1224.79600", "2013-09-30": "1243.80300", "2013-06-30": "1210.88800", "2013-03-31": "1112.96300", "2012-12-31": "1124.36500", "2012-09-30": "1101.41800", "2012-06-30": "469.13600", "2012-03-31": "432.67100", "2011-12-31": "404.68600", "2011-09-30": "453.59700", "2011-06-30": "524.87900", "2011-03-31": "457.52700", "2010-12-31": "519.68700", "2010-09-30": "563.14100", "2010-06-30": "543.96900", "2010-03-31": "607.67300", "2009-12-31": "638.50800", "2009-09-30": "703.19300", "2009-06-30": "688.48300", "2009-03-31": "656.17900", "2008-12-31": "729.44700", "2008-09-30": "935.67700", "2008-06-30": "997.90200", "2008-03-31": "985.19800", "2007-12-31": "1065.04100", "2007-09-30": "1194.59600", "2007-06-30": "1223.66100", "2007-03-31": "1212.81900", "2006-12-31": "1321.73400", "2006-09-30": "1386.22900", "2006-06-30": "1527.61900", "2006-03-31": "1573.80900", "2005-12-31": "1560.50700", "2005-09-30": "1310.71500", "2005-06-30": "1298.22100", "2005-03-31": "1058.55500"}, "Common Stock Net": {"2020-12-31": "0.20600", "2020-09-30": "0.20600", "2020-06-30": "0.20600", "2020-03-31": "0.20600", "2019-12-31": "0.20600", "2019-09-30": "0.20600", "2019-06-30": "0.20600", "2019-03-31": "0.20600", "2018-12-31": "0.20600", "2018-09-30": "0.20600", "2018-06-30": "0.20600", "2018-03-31": "0.20600", "2017-12-31": "0.20600", "2017-09-30": "0.20600", "2017-06-30": "0.20600", "2017-03-31": "0.20600", "2016-12-31": "0.20600", "2016-09-30": "0.20600", "2016-06-30": "0.20600", "2016-03-31": "0.20600", "2015-12-31": "0.20600", "2015-09-30": "0.20600", "2015-06-30": "0.20600", "2015-03-31": "0.20600", "2014-12-31": "0.20600", "2014-09-30": "0.20600", "2014-06-30": "0.20600", "2014-03-31": "0.20600", "2013-12-31": "0.20600", "2013-09-30": "0.20600", "2013-06-30": "0.20600", "2013-03-31": "0.20600", "2012-12-31": "0.20600", "2012-09-30": "0.20600", "2012-06-30": "0.20600", "2012-03-31": "0.20600", "2011-12-31": "0.20600", "2011-09-30": "0.20600", "2011-06-30": "0.20600", "2011-03-31": "0.20600", "2010-12-31": "0.20600", "2010-09-30": "0.20600", "2010-06-30": "0.20600", "2010-03-31": "0.20600", "2009-12-31": "0.20600", "2009-09-30": "0.20600", "2009-06-30": "0.20600", "2009-03-31": "0.20600", "2008-12-31": "0.20600", "2008-09-30": "0.20600", "2008-06-30": "0.20600", "2008-03-31": "0.20600", "2007-12-31": "0.20600", "2007-09-30": "0.20600", "2007-06-30": "0.20600", "2007-03-31": "0.20600", "2006-12-31": "0.20600", "2006-09-30": "0.20600", "2006-06-30": "0.20600", "2006-03-31": "0.20600", "2005-12-31": "0.20600", "2005-09-30": "0.20600", "2005-06-30": "0.20600", "2005-03-31": "0.20600"}, "Retained Earnings (Accumulated Deficit)": {"2020-12-31": "8811.12000", "2020-09-30": "8506.11600", "2020-06-30": "8249.65000", "2020-03-31": "8085.57500", "2019-12-31": "7909.87200", "2019-09-30": "7653.73500", "2019-06-30": "7429.94800", "2019-03-31": "7219.73900", "2018-12-31": "7031.33300", "2018-09-30": "6799.17500", "2018-06-30": "6603.35900", "2018-03-31": "6400.18500", "2017-12-31": "6231.94000", "2017-09-30": "6107.32100", "2017-06-30": "5945.21900", "2017-03-31": "5797.34200", "2016-12-31": "5695.37600", "2016-09-30": "5544.48500", "2016-06-30": "5427.09300", "2016-03-31": "5335.41700", "2015-12-31": "5270.11400", "2015-09-30": "5136.11000", "2015-06-30": "5019.64000", "2015-03-31": "4926.24500", "2014-12-31": "4887.18700", "2014-09-30": "4787.73600", "2014-06-30": "4697.58400", "2014-03-31": "4629.40600", "2013-12-31": "4605.55700", "2013-09-30": "4507.74600", "2013-06-30": "4424.81100", "2013-03-31": "4374.12100", "2012-12-31": "4339.08000", "2012-09-30": "4278.45300", "2012-06-30": "4225.45300", "2012-03-31": "4178.61500", "2011-12-31": "4158.49200", "2011-09-30": "4126.10000", "2011-06-30": "4082.69100", "2011-03-31": "4044.24600", "2010-12-31": "4029.07200", "2010-09-30": "3970.37400", "2010-06-30": "3926.43000", "2010-03-31": "3855.15400", "2009-12-31": "3823.06700", "2009-09-30": "3762.42800", "2009-06-30": "3690.30100", "2009-03-31": "3648.87500", "2008-12-31": "3630.88700", "2008-09-30": "3661.34400", "2008-06-30": "3624.79300", "2008-03-31": "3573.46100", "2007-12-31": "3529.99500", "2007-09-30": "3462.72100", "2007-06-30": "3371.60800", "2007-03-31": "3280.86100", "2006-12-31": "3196.04000", "2006-09-30": "3060.87300", "2006-06-30": "2931.54000", "2006-03-31": "2741.18800", "2005-12-31": "2608.62800", "2005-09-30": "2386.09100", "2005-06-30": "2196.64800", "2005-03-31": "2028.99900"}, "Comprehensive Income": {"2020-12-31": "", "2020-09-30": "", "2020-06-30": "", "2020-03-31": "", "2019-12-31": "", "2019-09-30": "", "2019-06-30": "", "2019-03-31": "", "2018-12-31": "", "2018-09-30": "", "2018-06-30": "", "2018-03-31": "", "2017-12-31": "", "2017-09-30": "", "2017-06-30": "", "2017-03-31": "", "2016-12-31": "", "2016-09-30": "", "2016-06-30": "", "2016-03-31": "", "2015-12-31": "", "2015-09-30": "", "2015-06-30": "", "2015-03-31": "", "2014-12-31": "", "2014-09-30": "", "2014-06-30": "", "2014-03-31": "", "2013-12-31": "", "2013-09-30": "", "2013-06-30": "", "2013-03-31": "", "2012-12-31": "", "2012-09-30": "", "2012-06-30": "", "2012-03-31": "", "2011-12-31": "", "2011-09-30": "", "2011-06-30": "", "2011-03-31": "", "2010-12-31": "", "2010-09-30": "", "2010-06-30": "", "2010-03-31": "", "2009-12-31": "", "2009-09-30": "", "2009-06-30": "", "2009-03-31": "", "2008-12-31": "", "2008-09-30": "", "2008-06-30": "", "2008-03-31": "", "2007-12-31": "", "2007-09-30": "", "2007-06-30": "", "2007-03-31": "", "2006-12-31": "", "2006-09-30": "", "2006-06-30": "", "2006-03-31": "", "2005-12-31": "", "2005-09-30": "", "2005-06-30": "", "2005-03-31": ""}, "Other Share Holders Equity": {"2020-12-31": "", "2020-09-30": "", "2020-06-30": "", "2020-03-31": "", "2019-12-31": "", "2019-09-30": "", "2019-06-30": "", "2019-03-31": "", "2018-12-31": "", "2018-09-30": "", "2018-06-30": "", "2018-03-31": "", "2017-12-31": "", "2017-09-30": "", "2017-06-30": "", "2017-03-31": "", "2016-12-31": "", "2016-09-30": "", "2016-06-30": "", "2016-03-31": "", "2015-12-31": "", "2015-09-30": "", "2015-06-30": "", "2015-03-31": "", "2014-12-31": "", "2014-09-30": "", "2014-06-30": "", "2014-03-31": "", "2013-12-31": "", "2013-09-30": "", "2013-06-30": "", "2013-03-31": "", "2012-12-31": "", "2012-09-30": "", "2012-06-30": "", "2012-03-31": "", "2011-12-31": "", "2011-09-30": "", "2011-06-30": "", "2011-03-31": "", "2010-12-31": "", "2010-09-30": "", "2010-06-30": "", "2010-03-31": "", "2009-12-31": "", "2009-09-30": "", "2009-06-30": "", "2009-03-31": "", "2008-12-31": "", "2008-09-30": "", "2008-06-30": "", "2008-03-31": "", "2007-12-31": "", "2007-09-30": "", "2007-06-30": "", "2007-03-31": "", "2006-12-31": "", "2006-09-30": "", "2006-06-30": "", "2006-03-31": "", "2005-12-31": "", "2005-09-30": "", "2005-06-30": "", "2005-03-31": ""}, "Share Holder Equity": {"2020-12-31": "3103.07400", "2020-09-30": "2918.99300", "2020-06-30": "2612.41200", "2020-03-31": "2416.91900", "2019-12-31": "2341.24400", "2019-09-30": "2371.45700", "2019-06-30": "2119.43900", "2019-03-31": "1898.77600", "2018-12-31": "1808.56200", "2018-09-30": "1682.31600", "2018-06-30": "1607.57100", "2018-03-31": "1466.80800", "2017-12-31": "1605.49200", "2017-09-30": "1650.67600", "2017-06-30": "1535.77700", "2017-03-31": "1408.28000", "2016-12-31": "1304.44100", "2016-09-30": "1299.13900", "2016-06-30": "1357.60100", "2016-03-31": "1256.46300", "2015-12-31": "1239.16500", "2015-09-30": "1240.49000", "2015-06-30": "1274.88100", "2015-03-31": "1165.23700", "2014-12-31": "1124.25500", "2014-09-30": "1151.39400", "2014-06-30": "1099.21500", "2014-03-31": "1326.08200", "2013-12-31": "1261.35200", "2013-09-30": "1275.09400", "2013-06-30": "1320.27900", "2013-03-31": "1552.09200", "2012-12-31": "1480.47700", "2012-09-30": "1379.30800", "2012-06-30": "1521.82400", "2012-03-31": "1418.24100", "2011-12-31": "1374.79900", "2011-09-30": "1346.01900", "2011-06-30": "1650.79600", "2011-03-31": "1818.20100", "2010-12-31": "1740.37400", "2010-09-30": "1686.67800", "2010-06-30": "1815.46600", "2010-03-31": "1868.72400", "2009-12-31": "1757.26200", "2009-09-30": "1671.58700", "2009-06-30": "1548.60200", "2009-03-31": "1474.97100", "2008-12-31": "1373.78900", "2008-09-30": "1372.47500", "2008-06-30": "1315.95300", "2008-03-31": "1224.37800", "2007-12-31": "1129.37500", "2007-09-30": "1052.07800", "2007-06-30": "1279.62000", "2007-03-31": "1255.12800", "2006-12-31": "1152.07400", "2006-09-30": "1086.51600", "2006-06-30": "1000.20700", "2006-03-31": "773.89400", "2005-12-31": "677.16200", "2005-09-30": "905.39900", "2005-06-30": "816.39000", "2005-03-31": "785.97100"}, "Total Liabilities And Share Holders Equity": {"2020-12-31": "5777.14100", "2020-09-30": "5499.92000", "2020-06-30": "4730.02000", "2020-03-31": "3887.52300", "2019-12-31": "3809.81500", "2019-09-30": "3843.35900", "2019-06-30": "3603.24000", "2019-03-31": "3362.77100", "2018-12-31": "3165.93300", "2018-09-30": "3089.82300", "2018-06-30": "3009.39500", "2018-03-31": "2846.06500", "2017-12-31": "2989.27900", "2017-09-30": "3049.51100", "2017-06-30": "2918.08700", "2017-03-31": "2742.29900", "2016-12-31": "2643.94300", "2016-09-30": "2663.21600", "2016-06-30": "2698.42400", "2016-03-31": "2541.65100", "2015-12-31": "2511.71800", "2015-09-30": "2570.68200", "2015-06-30": "2596.23500", "2015-03-31": "2376.13400", "2014-12-31": "2351.33500", "2014-09-30": "2413.07600", "2014-06-30": "2382.06300", "2014-03-31": "2524.75300", "2013-12-31": "2486.14800", "2013-09-30": "2518.89700", "2013-06-30": "2531.16700", "2013-03-31": "2665.05500", "2012-12-31": "2604.84200", "2012-09-30": "2480.72600", "2012-06-30": "1990.96000", "2012-03-31": "1850.91200", "2011-12-31": "1779.48500", "2011-09-30": "1799.61600", "2011-06-30": "2175.67500", "2011-03-31": "2275.72800", "2010-12-31": "2260.06100", "2010-09-30": "2249.81900", "2010-06-30": "2359.43500", "2010-03-31": "2476.39700", "2009-12-31": "2395.77000", "2009-09-30": "2374.78000", "2009-06-30": "2237.08500", "2009-03-31": "2131.15000", "2008-12-31": "2103.23600", "2008-09-30": "2308.15200", "2008-06-30": "2313.85500", "2008-03-31": "2209.57600", "2007-12-31": "2194.41600", "2007-09-30": "2246.67400", "2007-06-30": "2503.28100", "2007-03-31": "2467.94700", "2006-12-31": "2473.80800", "2006-09-30": "2472.74500", "2006-06-30": "2527.82600", "2006-03-31": "2347.70300", "2005-12-31": "2237.66900", "2005-09-30": "2216.11400", "2005-06-30": "2114.61100", "2005-03-31": "1844.52600"}}, "cash flow statement": {"Net Income/Loss": {"2020-12-31": "0.00000", "2019-12-31": "878.53900", "2018-12-31": "797.19700", "2017-12-31": "537.52100", "2016-12-31": "425.26200", "2015-12-31": "382.92700", "2014-12-31": "281.63000", "2013-12-31": "266.47700", "2012-12-31": "180.58800", "2011-12-31": "129.42000", "2010-12-31": "206.00500", "2009-12-31": "192.18000", "2008-12-31": "100.89200", "2007-12-31": "333.95500", "2006-12-31": "587.41200", "2005-12-31": "697.55900"}, "Total Depreciation And Amortization - Cash Flow": {"2020-12-31": "", "2019-12-31": "20.81800", "2018-12-31": "20.16800", "2017-12-31": "22.66700", "2016-12-31": "22.26900", "2015-12-31": "21.53400", "2014-12-31": "17.61400", "2013-12-31": "13.39100", "2012-12-31": "8.10000", "2011-12-31": "6.67200", "2010-12-31": "7.26300", "2009-12-31": "9.71300", "2008-12-31": "25.32700", "2007-12-31": "17.03600", "2006-12-31": "14.15800", "2005-12-31": "10.69000"}, "Other Non-Cash Items": {"2020-12-31": "", "2019-12-31": "39.79410", "2018-12-31": "-12.40020", "2017-12-31": "117.59390", "2016-12-31": "3.76690", "2015-12-31": "-58.96910", "2014-12-31": "65.85900", "2013-12-31": "-28.44790", "2012-12-31": "126.93010", "2011-12-31": "10.69100", "2010-12-31": "-2147.19000", "2009-12-31": "-1995.09700", "2008-12-31": "-1941.33500", "2007-12-31": "-2287.58000", "2006-12-31": "-2606.41500", "2005-12-31": "-2261.36200"}, "Total Non-Cash Items": {"2020-12-31": "", "2019-12-31": "60.61210", "2018-12-31": "7.76780", "2017-12-31": "140.26090", "2016-12-31": "26.03600", "2015-12-31": "-37.43510", "2014-12-31": "83.47300", "2013-12-31": "-15.05690", "2012-12-31": "135.03010", "2011-12-31": "17.36300", "2010-12-31": "-2139.92700", "2009-12-31": "-1985.38400", "2008-12-31": "-1916.00800", "2007-12-31": "-2270.54400", "2006-12-31": "-2592.25700", "2005-12-31": "-2250.67200"}, "Change In Accounts Receivable": {"2020-12-31": "", "2019-12-31": "2.75400", "2018-12-31": "-1.00800", "2017-12-31": "-0.34800", "2016-12-31": "-8.77900", "2015-12-31": "-1.52700", "2014-12-31": "-0.53300", "2013-12-31": "-0.26000", "2012-12-31": "-1.81800", "2011-12-31": "0.46500", "2010-12-31": "1.53200", "2009-12-31": "3.68200", "2008-12-31": "-1.01600", "2007-12-31": "2.73000", "2006-12-31": "28.01300", "2005-12-31": "-26.57800"}, "Change In Inventories": {"2020-12-31": "", "2019-12-31": "-94.17800", "2018-12-31": "-6.91100", "2017-12-31": "-154.09900", "2016-12-31": "-85.19400", "2015-12-31": "-134.80300", "2014-12-31": "-127.72900", "2013-12-31": "-52.86100", "2012-12-31": "-97.75000", "2011-12-31": "-99.52700", "2010-12-31": "-8.78300", "2009-12-31": "-18.14800", "2008-12-31": "288.28400", "2007-12-31": "44.76200", "2006-12-31": "60.35900", "2005-12-31": "-201.62200"}, "Change In Accounts Payable": {"2020-12-31": "", "2019-12-31": "-6.36000", "2018-12-31": "-11.78700", "2017-12-31": "27.79700", "2016-12-31": "11.27100", "2015-12-31": "4.21000", "2014-12-31": "5.73300", "2013-12-31": "113.12100", "2012-12-31": "71.93200", "2011-12-31": "-2.97700", "2010-12-31": "-53.86600", "2009-12-31": "82.57800", "2008-12-31": "-157.11100", "2007-12-31": "-39.35100", "2006-12-31": "-59.02800", "2005-12-31": "330.71300"}, "Change In Assets/Liabilities": {"2020-12-31": "", "2019-12-31": "-16.99400", "2018-12-31": "-30.86300", "2017-12-31": "8.17700", "2016-12-31": "-32.28000", "2015-12-31": "-37.56100", "2014-12-31": "-57.56600", "2013-12-31": "-40.03400", "2012-12-31": "-53.94200", "2011-12-31": "-42.38500", "2010-12-31": "2014.31900", "2009-12-31": "2005.37500", "2008-12-31": "2119.95700", "2007-12-31": "2491.47300", "2006-12-31": "2649.95800", "2005-12-31": "1995.35300"}, "Total Change In Assets/Liabilities": {"2020-12-31": "", "2019-12-31": "-80.85200", "2018-12-31": "-81.28200", "2017-12-31": "-107.68400", "2016-12-31": "-56.45000", "2015-12-31": "-114.27700", "2014-12-31": "-180.03500", "2013-12-31": "21.30100", "2012-12-31": "-43.11400", "2011-12-31": "-144.42400", "2010-12-31": "2009.95400", "2009-12-31": "2073.48700", "2008-12-31": "2250.11400", "2007-12-31": "2499.61400", "2006-12-31": "2679.30200", "2005-12-31": "2097.86600"}, "Cash Flow From Operating Activities": {"2020-12-31": "", "2019-12-31": "866.53500", "2018-12-31": "723.12600", "2017-12-31": "570.35400", "2016-12-31": "392.98800", "2015-12-31": "226.70200", "2014-12-31": "184.54900", "2013-12-31": "270.22200", "2012-12-31": "264.38400", "2011-12-31": "1.46300", "2010-12-31": "55.38800", "2009-12-31": "241.64200", "2008-12-31": "462.36100", "2007-12-31": "558.76600", "2006-12-31": "682.96300", "2005-12-31": "532.77200"}, "Net Change In Property, Plant, And Equipment": {"2020-12-31": "", "2019-12-31": "-20.82900", "2018-12-31": "-18.40800", "2017-12-31": "-19.42200", "2016-12-31": "-21.36900", "2015-12-31": "-17.59400", "2014-12-31": "-30.65100", "2013-12-31": "-18.40900", "2012-12-31": "-12.04600", "2011-12-31": "-10.91900", "2010-12-31": "-6.28800", "2009-12-31": "-2.08200", "2008-12-31": "-5.49800", "2007-12-31": "-9.31500", "2006-12-31": "-22.59800", "2005-12-31": "-14.63200"}, "Net Change In Intangible Assets": {"2020-12-31": "", "2019-12-31": "", "2018-12-31": "", "2017-12-31": "", "2016-12-31": "", "2015-12-31": "", "2014-12-31": "", "2013-12-31": "", "2012-12-31": "", "2011-12-31": "", "2010-12-31": "", "2009-12-31": "", "2008-12-31": "", "2007-12-31": "", "2006-12-31": "", "2005-12-31": ""}, "Net Acquisitions/Divestitures": {"2020-12-31": "", "2019-12-31": "", "2018-12-31": "", "2017-12-31": "", "2016-12-31": "", "2015-12-31": "", "2014-12-31": "", "2013-12-31": "", "2012-12-31": "-14.25700", "2011-12-31": "", "2010-12-31": "", "2009-12-31": "", "2008-12-31": "", "2007-12-31": "", "2006-12-31": "", "2005-12-31": "-7.46500"}, "Net Change In Short-term Investments": {"2020-12-31": "", "2019-12-31": "7.54500", "2018-12-31": "10.23100", "2017-12-31": "4.22900", "2016-12-31": "11.01900", "2015-12-31": "16.57200", "2014-12-31": "11.56900", "2013-12-31": "-16.06800", "2012-12-31": "3.69200", "2011-12-31": "-50.94700", "2010-12-31": "218.72800", "2009-12-31": "-219.53500", "2008-12-31": "", "2007-12-31": "", "2006-12-31": "", "2005-12-31": ""}, "Net Change In Long-Term Investments": {"2020-12-31": "", "2019-12-31": "", "2018-12-31": "", "2017-12-31": "", "2016-12-31": "", "2015-12-31": "", "2014-12-31": "", "2013-12-31": "", "2012-12-31": "", "2011-12-31": "", "2010-12-31": "", "2009-12-31": "", "2008-12-31": "", "2007-12-31": "", "2006-12-31": "", "2005-12-31": ""}, "Net Change In Investments - Total": {"2020-12-31": "", "2019-12-31": "7.54500", "2018-12-31": "10.23100", "2017-12-31": "4.22900", "2016-12-31": "11.01900", "2015-12-31": "16.57200", "2014-12-31": "11.56900", "2013-12-31": "-16.06800", "2012-12-31": "3.69200", "2011-12-31": "-50.94700", "2010-12-31": "218.72800", "2009-12-31": "-219.53500", "2008-12-31": "", "2007-12-31": "", "2006-12-31": "", "2005-12-31": ""}, "Investing Activities - Other": {"2020-12-31": "", "2019-12-31": "", "2018-12-31": "", "2017-12-31": "", "2016-12-31": "", "2015-12-31": "", "2014-12-31": "", "2013-12-31": "", "2012-12-31": "", "2011-12-31": "", "2010-12-31": "", "2009-12-31": "", "2008-12-31": "", "2007-12-31": "", "2006-12-31": "", "2005-12-31": ""}, "Cash Flow From Investing Activities": {"2020-12-31": "", "2019-12-31": "-13.28400", "2018-12-31": "-8.17700", "2017-12-31": "-15.19300", "2016-12-31": "-10.35000", "2015-12-31": "-1.02200", "2014-12-31": "-19.08200", "2013-12-31": "-34.47700", "2012-12-31": "-22.61100", "2011-12-31": "-61.86600", "2010-12-31": "212.44000", "2009-12-31": "-221.61700", "2008-12-31": "-5.49800", "2007-12-31": "-9.31500", "2006-12-31": "-22.59800", "2005-12-31": "-22.09700"}, "Net Long-Term Debt": {"2020-12-31": "", "2019-12-31": "-0.30600", "2018-12-31": "", "2017-12-31": "", "2016-12-31": "", "2015-12-31": "", "2014-12-31": "", "2013-12-31": "", "2012-12-31": "577.05200", "2011-12-31": "", "2010-12-31": "-133.37000", "2009-12-31": "-29.95000", "2008-12-31": "-36.40500", "2007-12-31": "", "2006-12-31": "", "2005-12-31": ""}, "Net Current Debt": {"2020-12-31": "", "2019-12-31": "", "2018-12-31": "", "2017-12-31": "", "2016-12-31": "", "2015-12-31": "-0.06400", "2014-12-31": "-3.41600", "2013-12-31": "-1.85100", "2012-12-31": "-1.26500", "2011-12-31": "-93.08500", "2010-12-31": "85.17100", "2009-12-31": "-32.55900", "2008-12-31": "-39.21400", "2007-12-31": "-70.34900", "2006-12-31": "-106.50900", "2005-12-31": "249.33800"}, "Debt Issuance/Retirement Net - Total": {"2020-12-31": "", "2019-12-31": "-0.30600", "2018-12-31": "", "2017-12-31": "", "2016-12-31": "", "2015-12-31": "-0.06400", "2014-12-31": "-3.41600", "2013-12-31": "-1.85100", "2012-12-31": "575.78700", "2011-12-31": "-93.08500", "2010-12-31": "-48.19900", "2009-12-31": "-62.50900", "2008-12-31": "-75.61900", "2007-12-31": "-70.34900", "2006-12-31": "-106.50900", "2005-12-31": "249.33800"}, "Net Common Equity Issued/Repurchased": {"2020-12-31": "", "2019-12-31": "-424.38900", "2018-12-31": "-672.02400", "2017-12-31": "-281.64100", "2016-12-31": "-417.24500", "2015-12-31": "-345.41900", "2014-12-31": "-491.39100", "2013-12-31": "-540.53410", "2012-12-31": "-154.07000", "2011-12-31": "-582.30300", "2010-12-31": "-339.58700", "2009-12-31": "78.54300", "2008-12-31": "51.95000", "2007-12-31": "-440.05800", "2006-12-31": "-271.24200", "2005-12-31": "-949.85200"}, "Net Total Equity Issued/Repurchased": {"2020-12-31": "", "2019-12-31": "-424.38900", "2018-12-31": "-672.02400", "2017-12-31": "-281.64100", "2016-12-31": "-417.24500", "2015-12-31": "-345.41900", "2014-12-31": "-491.39100", "2013-12-31": "-540.53410", "2012-12-31": "-154.07000", "2011-12-31": "-582.30300", "2010-12-31": "-339.58700", "2009-12-31": "78.54300", "2008-12-31": "51.95000", "2007-12-31": "-440.05800", "2006-12-31": "-271.24200", "2005-12-31": "-949.85200"}, "Total Common And Preferred Stock Dividends Paid": {"2020-12-31": "", "2019-12-31": "", "2018-12-31": "", "2017-12-31": "", "2016-12-31": "", "2015-12-31": "", "2014-12-31": "", "2013-12-31": "", "2012-12-31": "", "2011-12-31": "", "2010-12-31": "", "2009-12-31": "", "2008-12-31": "", "2007-12-31": "", "2006-12-31": "", "2005-12-31": ""}, "Financial Activities - Other": {"2020-12-31": "", "2019-12-31": "", "2018-12-31": "-0.23400", "2017-12-31": "", "2016-12-31": "-0.15000", "2015-12-31": "-0.30000", "2014-12-31": "8.50600", "2013-12-31": "19.38600", "2012-12-31": "9.22300", "2011-12-31": "22.83500", "2010-12-31": "63.55800", "2009-12-31": "66.44800", "2008-12-31": "50.24000", "2007-12-31": "69.04600", "2006-12-31": "95.97900", "2005-12-31": ""}, "Cash Flow From Financial Activities": {"2020-12-31": "", "2019-12-31": "-424.69500", "2018-12-31": "-672.25800", "2017-12-31": "-281.64100", "2016-12-31": "-417.39500", "2015-12-31": "-345.78300", "2014-12-31": "-486.30100", "2013-12-31": "-522.99900", "2012-12-31": "430.94000", "2011-12-31": "-652.55300", "2010-12-31": "-324.22800", "2009-12-31": "82.48200", "2008-12-31": "26.57100", "2007-12-31": "-441.36100", "2006-12-31": "-281.77200", "2005-12-31": "-700.51400"}, "Net Cash Flow": {"2020-12-31": "", "2019-12-31": "428.55600", "2018-12-31": "42.69100", "2017-12-31": "273.52000", "2016-12-31": "-34.75700", "2015-12-31": "-120.10300", "2014-12-31": "-320.83400", "2013-12-31": "-287.25400", "2012-12-31": "672.71300", "2011-12-31": "-712.95600", "2010-12-31": "-56.40000", "2009-12-31": "102.50700", "2008-12-31": "483.43400", "2007-12-31": "108.09000", "2006-12-31": "378.59300", "2005-12-31": "-189.83900"}, "Stock-Based Compensation": {"2020-12-31": "", "2019-12-31": "78.53200", "2018-12-31": "75.70100", "2017-12-31": "44.56200", "2016-12-31": "43.59800", "2015-12-31": "54.09100", "2014-12-31": "63.22700", "2013-12-31": "34.29600", "2012-12-31": "64.84100", "2011-12-31": "64.47300", "2010-12-31": "53.13600", "2009-12-31": "46.30200", "2008-12-31": "41.20400", "2007-12-31": "14.18900", "2006-12-31": "58.13400", "2005-12-31": ""}, "Common Stock Dividends Paid": {"2020-12-31": "", "2019-12-31": "", "2018-12-31": "", "2017-12-31": "", "2016-12-31": "", "2015-12-31": "", "2014-12-31": "", "2013-12-31": "", "2012-12-31": "", "2011-12-31": "", "2010-12-31": "", "2009-12-31": "", "2008-12-31": "", "2007-12-31": "", "2006-12-31": "", "2005-12-31": ""}}, "cash flow statement, quarterly": {"Net Income/Loss": {"2020-12-31": -596.244, "2020-09-30": 256.466, "2020-06-30": 164.075, "2020-03-31": "175.70300", "2019-12-31": 256.137, "2019-09-30": 223.787, "2019-06-30": 210.209, "2019-03-31": "188.40600", "2018-12-31": 232.158, "2018-09-30": 195.816, "2018-06-30": 203.174, "2018-03-31": "166.04900", "2017-12-31": 124.619, "2017-09-30": 162.102, "2017-06-30": 147.877, "2017-03-31": "102.92300", "2016-12-31": 150.891, "2016-09-30": 117.392, "2016-06-30": 91.676, "2016-03-31": "65.30300", "2015-12-31": 134.004, "2015-09-30": 116.47, "2015-06-30": 93.395, "2015-03-31": "39.05800", "2014-12-31": 99.451, "2014-09-30": 90.152, "2014-06-30": 68.178, "2014-03-31": "23.84900", "2013-12-31": 97.811, "2013-09-30": 82.935, "2013-06-30": 50.69, "2013-03-31": "35.04100", "2012-12-31": 60.627, "2012-09-30": 53, "2012-06-30": 46.838, "2012-03-31": "20.12300", "2011-12-31": 32.392, "2011-09-30": 43.409, "2011-06-30": 38.445, "2011-03-31": "15.17400", "2010-12-31": 58.698, "2010-09-30": 43.944, "2010-06-30": 71.276, "2010-03-31": "32.08700", "2009-12-31": 60.639, "2009-09-30": 72.127, "2009-06-30": 41.426, "2009-03-31": "17.98800", "2008-12-31": -30.457, "2008-09-30": 36.551, "2008-06-30": 51.332, "2008-03-31": "43.46600", "2007-12-31": 67.274, "2007-09-30": 91.113, "2007-06-30": 90.747, "2007-03-31": "84.82100", "2006-12-31": 135.167, "2006-09-30": 129.333, "2006-06-30": 190.352, "2006-03-31": "132.56000", "2005-12-31": 222.537, "2005-09-30": 189.443, "2005-06-30": 167.649, "2005-03-31": "117.93000"}, "Total Depreciation And Amortization - Cash Flow": {"2020-12-31": -16.801, "2020-09-30": 5.547, "2020-06-30": 5.632, "2020-03-31": "5.62200", "2019-12-31": 5.449, "2019-09-30": 5.223, "2019-06-30": 5.084, "2019-03-31": "5.06200", "2018-12-31": 5.115, "2018-09-30": 5.029, "2018-06-30": 4.988, "2018-03-31": "5.03600", "2017-12-31": 5.58, "2017-09-30": 5.593, "2017-06-30": 5.795, "2017-03-31": "5.69900", "2016-12-31": 5.678, "2016-09-30": 5.657, "2016-06-30": 5.487, "2016-03-31": "5.44700", "2015-12-31": 5.352, "2015-09-30": 5.441, "2015-06-30": 5.46, "2015-03-31": "5.28100", "2014-12-31": 5.031, "2014-09-30": 4.657, "2014-06-30": 4.216, "2014-03-31": "3.71000", "2013-12-31": 4.016, "2013-09-30": 3.527, "2013-06-30": 3.076, "2013-03-31": "2.77200", "2012-12-31": 2.278, "2012-09-30": 2.092, "2012-06-30": 1.925, "2012-03-31": "1.80500", "2011-12-31": 1.724, "2011-09-30": 1.712, "2011-06-30": 1.638, "2011-03-31": "1.59800", "2010-12-31": 1.715, "2010-09-30": 1.82, "2010-06-30": 1.847, "2010-03-31": "1.88100", "2009-12-31": 2.017, "2009-09-30": 2.719, "2009-06-30": 2.396, "2009-03-31": "2.58100", "2008-12-31": 14.615, "2008-09-30": 3.249, "2008-06-30": 3.626, "2008-03-31": "3.83700", "2007-12-31": 4.14, "2007-09-30": 4.264, "2007-06-30": 4.295, "2007-03-31": "4.33700", "2006-12-31": 4.069, "2006-09-30": 3.767, "2006-06-30": 3.311, "2006-03-31": "3.01100", "2005-12-31": 3.272, "2005-09-30": 2.621, "2005-06-30": 2.391, "2005-03-31": "2.40600"}, "Other Non-Cash Items": {"2020-12-31": -218.748, "2020-09-30": -9.977, "2020-06-30": 108.555, "2020-03-31": "120.17000", "2019-12-31": -62.237, "2019-09-30": 75.2451, "2019-06-30": -21.918, "2019-03-31": "48.70400", "2018-12-31": -100.3922, "2018-09-30": 109.294, "2018-06-30": -36.522, "2018-03-31": "15.22000", "2017-12-31": -20.98, "2017-09-30": -5.3151, "2017-06-30": -18.293, "2017-03-31": "162.18200", "2016-12-31": -66.7852, "2016-09-30": -4.4479, "2016-06-30": -71.681, "2016-03-31": "146.68100", "2015-12-31": -29.5281, "2015-09-30": 14.897, "2015-06-30": -105.987, "2015-03-31": "61.64900", "2014-12-31": 12.982, "2014-09-30": 1061.977, "2014-06-30": -1105.19, "2014-03-31": "96.09000", "2013-12-31": -70.5709, "2013-09-30": 47.021, "2013-06-30": 461.471, "2013-03-31": "-466.36900", "2012-12-31": 1536.2941, "2012-09-30": -1538.892, "2012-06-30": 508.34, "2012-03-31": "-378.81200", "2011-12-31": -18.451, "2011-09-30": 848.875, "2011-06-30": -474.888, "2011-03-31": "-344.84500", "2010-12-31": -547.436, "2010-09-30": -1360.763, "2010-06-30": -166.315, "2010-03-31": "-72.67600", "2009-12-31": -503.484, "2009-09-30": -1410.525, "2009-06-30": 346.029, "2009-03-31": "-427.11700", "2008-12-31": -1979.5, "2008-09-30": 1032.48, "2008-06-30": -530.227, "2008-03-31": "-464.08800", "2007-12-31": -629.414, "2007-09-30": -560.106, "2007-06-30": -600.403, "2007-03-31": "-497.65700", "2006-12-31": -700.101, "2006-09-30": -614.013, "2006-06-30": -760.003, "2006-03-31": "-532.29800", "2005-12-31": -670.921, "2005-09-30": -543.851, "2005-06-30": -609.421, "2005-03-31": "-437.16900"}, "Total Non-Cash Items": {"2020-12-31": -235.549, "2020-09-30": -4.43, "2020-06-30": 114.187, "2020-03-31": "125.79200", "2019-12-31": -56.788, "2019-09-30": 80.4681, "2019-06-30": -16.834, "2019-03-31": "53.76600", "2018-12-31": -95.2772, "2018-09-30": 114.323, "2018-06-30": -31.534, "2018-03-31": "20.25600", "2017-12-31": -15.4, "2017-09-30": 0.2779, "2017-06-30": -12.498, "2017-03-31": "167.88100", "2016-12-31": -61.1071, "2016-09-30": 1.2091, "2016-06-30": -66.194, "2016-03-31": "152.12800", "2015-12-31": -24.1761, "2015-09-30": 20.338, "2015-06-30": -100.527, "2015-03-31": "66.93000", "2014-12-31": 18.013, "2014-09-30": 1066.634, "2014-06-30": -1100.974, "2014-03-31": "99.80000", "2013-12-31": -66.5549, "2013-09-30": 50.548, "2013-06-30": 464.547, "2013-03-31": "-463.59700", "2012-12-31": 1538.5721, "2012-09-30": -1536.8, "2012-06-30": 510.265, "2012-03-31": "-377.00700", "2011-12-31": -16.727, "2011-09-30": 850.587, "2011-06-30": -473.25, "2011-03-31": "-343.24700", "2010-12-31": -545.721, "2010-09-30": -1358.943, "2010-06-30": -164.468, "2010-03-31": "-70.79500", "2009-12-31": -501.467, "2009-09-30": -1407.806, "2009-06-30": 348.425, "2009-03-31": "-424.53600", "2008-12-31": -1964.885, "2008-09-30": 1035.729, "2008-06-30": -526.601, "2008-03-31": "-460.25100", "2007-12-31": -625.274, "2007-09-30": -555.842, "2007-06-30": -596.108, "2007-03-31": "-493.32000", "2006-12-31": -696.032, "2006-09-30": -610.246, "2006-06-30": -756.692, "2006-03-31": "-529.28700", "2005-12-31": -667.649, "2005-09-30": -541.23, "2005-06-30": -607.03, "2005-03-31": "-434.76300"}, "Change In Accounts Receivable": {"2020-12-31": 3.06, "2020-09-30": -0.235, "2020-06-30": 30.365, "2020-03-31": "-33.19000", "2019-12-31": 11.235, "2019-09-30": 1.116, "2019-06-30": 2.408, "2019-03-31": "-12.00500", "2018-12-31": 6.02, "2018-09-30": 3.389, "2018-06-30": -5.832, "2018-03-31": "-4.58500", "2017-12-31": -0.384, "2017-09-30": 1.71, "2017-06-30": -2.341, "2017-03-31": "0.66700", "2016-12-31": -5.866, "2016-09-30": 4.493, "2016-06-30": -3.384, "2016-03-31": "-4.02200", "2015-12-31": -1.539, "2015-09-30": 6.96, "2015-06-30": -7.171, "2015-03-31": "0.22300", "2014-12-31": 1.222, "2014-09-30": 3.794, "2014-06-30": -5.268, "2014-03-31": "-0.28100", "2013-12-31": 3.649, "2013-09-30": 1.686, "2013-06-30": -0.38, "2013-03-31": "-5.21500", "2012-12-31": 1.447, "2012-09-30": -0.26, "2012-06-30": -3.793, "2012-03-31": "0.78800", "2011-12-31": 0.374, "2011-09-30": 0.578, "2011-06-30": -0.588, "2011-03-31": "0.10100", "2010-12-31": 3.431, "2010-09-30": 4.27, "2010-06-30": -6.418, "2010-03-31": "0.24900", "2009-12-31": 1.129, "2009-09-30": 0.023, "2009-06-30": -0.653, "2009-03-31": "3.18300", "2008-12-31": -1.715, "2008-09-30": 5.836, "2008-06-30": -8.28, "2008-03-31": "3.14300", "2007-12-31": 6.384, "2007-09-30": -3.591, "2007-06-30": -1.94, "2007-03-31": "1.87700", "2006-12-31": 3.821, "2006-09-30": 2.693, "2006-06-30": -7.472, "2006-03-31": "28.97100", "2005-12-31": -21.693, "2005-09-30": 17.428, "2005-06-30": -19.85, "2005-03-31": "-2.46300"}, "Change In Inventories": {"2020-12-31": 416.488, "2020-09-30": -160.636, "2020-06-30": -87.5, "2020-03-31": "-168.35200", "2019-12-31": 149.161, "2019-09-30": -98.721, "2019-06-30": -116.559, "2019-03-31": "-28.05900", "2018-12-31": 167.96, "2018-09-30": 12.545, "2018-06-30": -89.223, "2018-03-31": "-98.19300", "2017-12-31": 130.36, "2017-09-30": -11.608, "2017-06-30": -132.517, "2017-03-31": "-140.33400", "2016-12-31": 224.63, "2016-09-30": -69.116, "2016-06-30": 13.931, "2016-03-31": "-254.63900", "2015-12-31": 154.951, "2015-09-30": -75.917, "2015-06-30": -129.625, "2015-03-31": "-84.21200", "2014-12-31": 144.728, "2014-09-30": -59.955, "2014-06-30": -109.773, "2014-03-31": "-102.72900", "2013-12-31": 178.815, "2013-09-30": 24.865, "2013-06-30": -96.689, "2013-03-31": "-159.85200", "2012-12-31": 64.757, "2012-09-30": 1.82, "2012-06-30": -64.692, "2012-03-31": "-99.63500", "2011-12-31": 48.888, "2011-09-30": -44.857, "2011-06-30": -42.135, "2011-03-31": "-61.42300", "2010-12-31": 131.495, "2010-09-30": -138.295, "2010-06-30": 79.208, "2010-03-31": "-81.19100", "2009-12-31": 60.121, "2009-09-30": -18.269, "2009-06-30": -90.041, "2009-03-31": "30.04100", "2008-12-31": 210.45, "2008-09-30": 14.617, "2008-06-30": 5.44, "2008-03-31": "57.77700", "2007-12-31": 290.543, "2007-09-30": -92.835, "2007-06-30": -84.202, "2007-03-31": "-68.74400", "2006-12-31": 277.523, "2006-09-30": 6.89, "2006-06-30": 4.281, "2006-03-31": "-228.33500", "2005-12-31": 122.606, "2005-09-30": -107.188, "2005-06-30": -117.013, "2005-03-31": "-100.02700"}, "Change In Accounts Payable": {"2020-12-31": -79.236, "2020-09-30": 53.106, "2020-06-30": 10.855, "2020-03-31": "15.27500", "2019-12-31": -11.051, "2019-09-30": -3.27, "2019-06-30": 3.573, "2019-03-31": "4.38800", "2018-12-31": -29.43, "2018-09-30": -4.357, "2018-06-30": 4.547, "2018-03-31": "17.45300", "2017-12-31": -12.252, "2017-09-30": -3.399, "2017-06-30": 17.331, "2017-03-31": "26.11700", "2016-12-31": -22.461, "2016-09-30": 2.951, "2016-06-30": 15.194, "2016-03-31": "15.58700", "2015-12-31": -21.107, "2015-09-30": -6.311, "2015-06-30": 12.418, "2015-03-31": "19.21000", "2014-12-31": -16.491, "2014-09-30": 35.492, "2014-06-30": 23.957, "2014-03-31": "-37.22500", "2013-12-31": -1.274, "2013-09-30": 114.395, "2013-06-30": 0, "2013-03-31": "", "2012-12-31": 71.932, "2012-09-30": 0, "2012-06-30": -32.015, "2012-03-31": "32.01500", "2011-12-31": 30.603, "2011-09-30": -33.58, "2011-06-30": 0, "2011-03-31": "", "2010-12-31": -53.866, "2010-09-30": 19.256, "2010-06-30": -19.256, "2010-03-31": "", "2009-12-31": 79.913, "2009-09-30": 0.828, "2009-06-30": 1.837, "2009-03-31": "", "2008-12-31": -157.111, "2008-09-30": 37.857, "2008-06-30": -37.857, "2008-03-31": "", "2007-12-31": -39.351, "2007-09-30": 0, "2007-06-30": 0, "2007-03-31": "", "2006-12-31": -59.028, "2006-09-30": 0, "2006-06-30": 0, "2006-03-31": "", "2005-12-31": 330.713, "2005-09-30": 0, "2005-06-30": 0, "2005-03-31": ""}, "Change In Assets/Liabilities": {"2020-12-31": -4.585, "2020-09-30": -11.435, "2020-06-30": 7.761, "2020-03-31": "8.25900", "2019-12-31": -8.777, "2019-09-30": 5.337, "2019-06-30": -19.857, "2019-03-31": "6.30300", "2018-12-31": -24.276, "2018-09-30": -15.92, "2018-06-30": 0.58, "2018-03-31": "8.75300", "2017-12-31": -3.129, "2017-09-30": -6.566, "2017-06-30": 9.448, "2017-03-31": "8.42400", "2016-12-31": 0.494, "2016-09-30": -2.434, "2016-06-30": -27.987, "2016-03-31": "-2.35300", "2015-12-31": -23.574, "2015-09-30": -12.562, "2015-06-30": -0.947, "2015-03-31": "-0.47800", "2014-12-31": -14.98, "2014-09-30": -1142.781, "2014-06-30": 1107.531, "2014-03-31": "-7.33600", "2013-12-31": -17.635, "2013-09-30": -10.195, "2013-06-30": -521.454, "2013-03-31": "509.25000", "2012-12-31": -1594.468, "2012-09-30": 1563.296, "2012-06-30": -545.935, "2012-03-31": "523.16500", "2011-12-31": -42.385, "2011-09-30": -803.155, "2011-06-30": 399.258, "2011-03-31": "403.89700", "2010-12-31": 605.461, "2010-09-30": 1408.858, "2010-06-30": 10.524, "2010-03-31": "-10.52400", "2009-12-31": 583.292, "2009-09-30": 1422.083, "2009-06-30": -373.527, "2009-03-31": "373.52700", "2008-12-31": 2114.534, "2008-09-30": -964.357, "2008-06-30": 487.288, "2008-03-31": "482.49200", "2007-12-31": 713.5, "2007-09-30": 642.266, "2007-06-30": 568.379, "2007-03-31": "567.32800", "2006-12-31": 732.131, "2006-09-30": 715.291, "2006-06-30": 697.191, "2006-03-31": "505.34500", "2005-12-31": 551.85, "2005-09-30": 539.5209, "2005-06-30": 523.7271, "2005-03-31": "380.25500"}, "Total Change In Assets/Liabilities": {"2020-12-31": 225.806, "2020-09-30": -35.791, "2020-06-30": 27.431, "2020-03-31": "-217.44600", "2019-12-31": 146.499, "2019-09-30": -100.314, "2019-06-30": -118.816, "2019-03-31": "-8.22100", "2018-12-31": 88.36, "2018-09-30": 8.19, "2018-06-30": -76.225, "2018-03-31": "-101.60700", "2017-12-31": 110.275, "2017-09-30": -1.741, "2017-06-30": -73.542, "2017-03-31": "-142.67600", "2016-12-31": 195.593, "2016-09-30": -39.727, "2016-06-30": 34.493, "2016-03-31": "-246.80900", "2015-12-31": 85.2, "2015-09-30": -75.416, "2015-06-30": -26.822, "2015-03-31": "-97.23900", "2014-12-31": 96.138, "2014-09-30": -1179.021, "2014-06-30": 1032.34, "2014-03-31": "-129.49200", "2013-12-31": 142.35, "2013-09-30": 46.572, "2013-06-30": -524.965, "2013-03-31": "357.34400", "2012-12-31": -1516.466, "2012-09-30": 1592.907, "2012-06-30": -575.888, "2012-03-31": "456.33300", "2011-12-31": -3.518, "2011-09-30": -869.116, "2011-06-30": 412.671, "2011-03-31": "315.53900", "2010-12-31": 654.085, "2010-09-30": 1292.122, "2010-06-30": 131.811, "2010-03-31": "-68.06400", "2009-12-31": 636.172, "2009-09-30": 1461.36, "2009-06-30": -412.634, "2009-03-31": "388.58900", "2008-12-31": 2220.171, "2008-09-30": -960.06, "2008-06-30": 479.892, "2008-03-31": "510.11100", "2007-12-31": 925.237, "2007-09-30": 535.548, "2007-06-30": 521.134, "2007-03-31": "517.69500", "2006-12-31": 924.546, "2006-09-30": 629.513, "2006-06-30": 771.796, "2006-03-31": "353.44700", "2005-12-31": 691.104, "2005-09-30": 464.2959, "2005-06-30": 571.9751, "2005-03-31": "370.49100"}, "Cash Flow From Operating Activities": {"2020-12-31": -579.34, "2020-09-30": 208.671, "2020-06-30": 302.228, "2020-03-31": "68.44100", "2019-12-31": 357.099, "2019-09-30": 206.817, "2019-06-30": 74.764, "2019-03-31": "227.85500", "2018-12-31": 231.311, "2018-09-30": 322.365, "2018-06-30": 91.422, "2018-03-31": "78.02800", "2017-12-31": 234.708, "2017-09-30": 157.438, "2017-06-30": 69.946, "2017-03-31": "108.26200", "2016-12-31": 290.551, "2016-09-30": 89.865, "2016-06-30": 52.565, "2016-03-31": "-39.99300", "2015-12-31": 211.12, "2015-09-30": 55.991, "2015-06-30": -38.806, "2015-03-31": "-1.60300", "2014-12-31": 226.41, "2014-09-30": -24.781, "2014-06-30": -1.294, "2014-03-31": "-15.78600", "2013-12-31": 182.057, "2013-09-30": 178.679, "2013-06-30": -12.421, "2013-03-31": "-78.09300", "2012-12-31": 85.934, "2012-09-30": 106.059, "2012-06-30": -18.447, "2012-03-31": "90.83800", "2011-12-31": 6.044, "2011-09-30": 20.642, "2011-06-30": -16.19, "2011-03-31": "-9.03300", "2010-12-31": 140.987, "2010-09-30": -19.293, "2010-06-30": 51.857, "2010-03-31": "-118.16300", "2009-12-31": 123.706, "2009-09-30": 140.329, "2009-06-30": -23.62, "2009-03-31": "1.22700", "2008-12-31": 246.801, "2008-09-30": 114.612, "2008-06-30": 25.907, "2008-03-31": "75.04100", "2007-12-31": 377.899, "2007-09-30": 66, "2007-06-30": 42.303, "2007-03-31": "72.56400", "2006-12-31": 430.565, "2006-09-30": 125.568, "2006-06-30": 179.214, "2006-03-31": "-52.38400", "2005-12-31": 245.201, "2005-09-30": 110.405, "2005-06-30": 130.191, "2005-03-31": "46.97500"}, "Net Change In Property, Plant, And Equipment": {"2020-12-31": 11.664, "2020-09-30": -3.896, "2020-06-30": -4.51, "2020-03-31": "-3.25800", "2019-12-31": -5.606, "2019-09-30": -5.593, "2019-06-30": -4.829, "2019-03-31": "-4.80100", "2018-12-31": -4.332, "2018-09-30": -5.25, "2018-06-30": -5.908, "2018-03-31": "-2.91800", "2017-12-31": -4.416, "2017-09-30": -5.694, "2017-06-30": -4.328, "2017-03-31": "-4.98400", "2016-12-31": -5.557, "2016-09-30": -4.485, "2016-06-30": -6.095, "2016-03-31": "-5.23200", "2015-12-31": -4.602, "2015-09-30": -4.745, "2015-06-30": -3.492, "2015-03-31": "-4.75500", "2014-12-31": -3.953, "2014-09-30": -6.256, "2014-06-30": -15.151, "2014-03-31": "-5.29100", "2013-12-31": -4.721, "2013-09-30": -5.857, "2013-06-30": -4.492, "2013-03-31": "-3.33900", "2012-12-31": -2.032, "2012-09-30": -4.278, "2012-06-30": -2.996, "2012-03-31": "-2.74000", "2011-12-31": -2.646, "2011-09-30": -1.102, "2011-06-30": -6.329, "2011-03-31": "-0.84200", "2010-12-31": -2.486, "2010-09-30": -1.146, "2010-06-30": -1.89, "2010-03-31": "-0.76600", "2009-12-31": -1.289, "2009-09-30": -0.786, "2009-06-30": -0.052, "2009-03-31": "0.04500", "2008-12-31": -0.418, "2008-09-30": -1.33, "2008-06-30": -1.786, "2008-03-31": "-1.96400", "2007-12-31": -2.327, "2007-09-30": -2.91, "2007-06-30": -2.481, "2007-03-31": "-1.59700", "2006-12-31": -6.558, "2006-09-30": -6.088, "2006-06-30": -5.105, "2006-03-31": "-4.84700", "2005-12-31": -4.56, "2005-09-30": -2.217, "2005-06-30": -5.689, "2005-03-31": "-2.16600"}, "Net Change In Intangible Assets": {"2020-12-31": 0, "2020-09-30": 0, "2020-06-30": 0, "2020-03-31": "", "2019-12-31": 0, "2019-09-30": 0, "2019-06-30": 0, "2019-03-31": "", "2018-12-31": 0, "2018-09-30": 0, "2018-06-30": 0, "2018-03-31": "", "2017-12-31": 0, "2017-09-30": 0, "2017-06-30": 0, "2017-03-31": "", "2016-12-31": 0, "2016-09-30": 0, "2016-06-30": 0, "2016-03-31": "", "2015-12-31": 0, "2015-09-30": 0, "2015-06-30": 0, "2015-03-31": "", "2014-12-31": 0, "2014-09-30": 0, "2014-06-30": 0, "2014-03-31": "", "2013-12-31": 0, "2013-09-30": 0, "2013-06-30": 0, "2013-03-31": "", "2012-12-31": 0, "2012-09-30": 0, "2012-06-30": 0, "2012-03-31": "", "2011-12-31": 0, "2011-09-30": 0, "2011-06-30": 0, "2011-03-31": "", "2010-12-31": 0, "2010-09-30": 0, "2010-06-30": 0, "2010-03-31": "", "2009-12-31": 0, "2009-09-30": 0, "2009-06-30": 0, "2009-03-31": "", "2008-12-31": 0, "2008-09-30": 0, "2008-06-30": 0, "2008-03-31": "", "2007-12-31": 0, "2007-09-30": 0, "2007-06-30": 0, "2007-03-31": "", "2006-12-31": 0, "2006-09-30": 0, "2006-06-30": 0, "2006-03-31": "", "2005-12-31": 0, "2005-09-30": 0, "2005-06-30": 0, "2005-03-31": ""}, "Net Acquisitions/Divestitures": {"2020-12-31": 0, "2020-09-30": 0, "2020-06-30": 0, "2020-03-31": "", "2019-12-31": 0, "2019-09-30": 0, "2019-06-30": 0, "2019-03-31": "", "2018-12-31": 0, "2018-09-30": 0, "2018-06-30": 0, "2018-03-31": "", "2017-12-31": 0, "2017-09-30": 0, "2017-06-30": 0, "2017-03-31": "", "2016-12-31": 0, "2016-09-30": 0, "2016-06-30": 0, "2016-03-31": "", "2015-12-31": 0, "2015-09-30": 0, "2015-06-30": 0, "2015-03-31": "", "2014-12-31": 0, "2014-09-30": 0, "2014-06-30": 0, "2014-03-31": "", "2013-12-31": 0, "2013-09-30": 0, "2013-06-30": 0, "2013-03-31": "", "2012-12-31": -14.257, "2012-09-30": 0, "2012-06-30": 0, "2012-03-31": "", "2011-12-31": 0, "2011-09-30": 0, "2011-06-30": 0, "2011-03-31": "", "2010-12-31": 0, "2010-09-30": 0, "2010-06-30": 0, "2010-03-31": "", "2009-12-31": 0, "2009-09-30": 0, "2009-06-30": 0, "2009-03-31": "", "2008-12-31": 0, "2008-09-30": 0, "2008-06-30": 0, "2008-03-31": "", "2007-12-31": 0, "2007-09-30": 0, "2007-06-30": 0, "2007-03-31": "", "2006-12-31": 0, "2006-09-30": 0, "2006-06-30": 0, "2006-03-31": "", "2005-12-31": 0, "2005-09-30": 0, "2005-06-30": 0, "2005-03-31": "-7.46500"}, "Net Change In Short-term Investments": {"2020-12-31": 0.435, "2020-09-30": -0.397, "2020-06-30": -0.038, "2020-03-31": "0.00000", "2019-12-31": -0.357, "2019-09-30": 1.07, "2019-06-30": 3.91, "2019-03-31": "2.92200", "2018-12-31": 2.642, "2018-09-30": 1.846, "2018-06-30": 3.261, "2018-03-31": "2.48200", "2017-12-31": -2.981, "2017-09-30": 2.427, "2017-06-30": 3.076, "2017-03-31": "1.70700", "2016-12-31": 2.51, "2016-09-30": 1.827, "2016-06-30": 2.803, "2016-03-31": "3.87900", "2015-12-31": 4.193, "2015-09-30": 3.063, "2015-06-30": 4.025, "2015-03-31": "5.29100", "2014-12-31": 2.859, "2014-09-30": 0.428, "2014-06-30": 2.986, "2014-03-31": "5.29600", "2013-12-31": -11.203, "2013-09-30": 4.011, "2013-06-30": 1.791, "2013-03-31": "-10.66700", "2012-12-31": -1.054, "2012-09-30": 1.325, "2012-06-30": 0.972, "2012-03-31": "2.44900", "2011-12-31": 1.148, "2011-09-30": 2.162, "2011-06-30": -58.637, "2011-03-31": "4.38000", "2010-12-31": 26.193, "2010-09-30": 150, "2010-06-30": -51, "2010-03-31": "93.53500", "2009-12-31": 61.871, "2009-09-30": 376.956, "2009-06-30": 50, "2009-03-31": "-708.36200", "2008-12-31": 0, "2008-09-30": 0, "2008-06-30": 0, "2008-03-31": "", "2007-12-31": 0, "2007-09-30": 0, "2007-06-30": 0, "2007-03-31": "", "2006-12-31": 0, "2006-09-30": 0, "2006-06-30": 0, "2006-03-31": "", "2005-12-31": 0, "2005-09-30": 0, "2005-06-30": 0, "2005-03-31": ""}, "Net Change In Long-Term Investments": {"2020-12-31": 0, "2020-09-30": 0, "2020-06-30": 0, "2020-03-31": "", "2019-12-31": 0, "2019-09-30": 0, "2019-06-30": 0, "2019-03-31": "", "2018-12-31": 0, "2018-09-30": 0, "2018-06-30": 0, "2018-03-31": "", "2017-12-31": 0, "2017-09-30": 0, "2017-06-30": 0, "2017-03-31": "", "2016-12-31": 0, "2016-09-30": 0, "2016-06-30": 0, "2016-03-31": "", "2015-12-31": 0, "2015-09-30": 0, "2015-06-30": 0, "2015-03-31": "", "2014-12-31": 0, "2014-09-30": 0, "2014-06-30": 0, "2014-03-31": "", "2013-12-31": 0, "2013-09-30": 0, "2013-06-30": 0, "2013-03-31": "", "2012-12-31": 0, "2012-09-30": 0, "2012-06-30": 0, "2012-03-31": "", "2011-12-31": 0, "2011-09-30": 0, "2011-06-30": 0, "2011-03-31": "", "2010-12-31": 0, "2010-09-30": 0, "2010-06-30": 0, "2010-03-31": "", "2009-12-31": 0, "2009-09-30": 0, "2009-06-30": 0, "2009-03-31": "", "2008-12-31": 0, "2008-09-30": 0, "2008-06-30": 0, "2008-03-31": "", "2007-12-31": 0, "2007-09-30": 0, "2007-06-30": 0, "2007-03-31": "", "2006-12-31": 0, "2006-09-30": 0, "2006-06-30": 0, "2006-03-31": "", "2005-12-31": 0, "2005-09-30": 0, "2005-06-30": 0, "2005-03-31": ""}, "Net Change In Investments - Total": {"2020-12-31": 0.435, "2020-09-30": -0.397, "2020-06-30": -0.038, "2020-03-31": "", "2019-12-31": -0.357, "2019-09-30": 1.07, "2019-06-30": 3.91, "2019-03-31": "2.92200", "2018-12-31": 2.642, "2018-09-30": 1.846, "2018-06-30": 3.261, "2018-03-31": "2.48200", "2017-12-31": -2.981, "2017-09-30": 2.427, "2017-06-30": 3.076, "2017-03-31": "1.70700", "2016-12-31": 2.51, "2016-09-30": 1.827, "2016-06-30": 2.803, "2016-03-31": "3.87900", "2015-12-31": 4.193, "2015-09-30": 3.063, "2015-06-30": 4.025, "2015-03-31": "5.29100", "2014-12-31": 2.859, "2014-09-30": 0.428, "2014-06-30": 2.986, "2014-03-31": "5.29600", "2013-12-31": -11.203, "2013-09-30": 4.011, "2013-06-30": 1.791, "2013-03-31": "-10.66700", "2012-12-31": -1.054, "2012-09-30": 1.325, "2012-06-30": 0.972, "2012-03-31": "2.44900", "2011-12-31": 1.148, "2011-09-30": 2.162, "2011-06-30": -58.637, "2011-03-31": "4.38000", "2010-12-31": 26.193, "2010-09-30": 150, "2010-06-30": -51, "2010-03-31": "93.53500", "2009-12-31": 61.871, "2009-09-30": 376.956, "2009-06-30": 50, "2009-03-31": "-708.36200", "2008-12-31": 0, "2008-09-30": 0, "2008-06-30": 0, "2008-03-31": "", "2007-12-31": 0, "2007-09-30": 0, "2007-06-30": 0, "2007-03-31": "", "2006-12-31": 0, "2006-09-30": 0, "2006-06-30": 0, "2006-03-31": "", "2005-12-31": 0, "2005-09-30": 0, "2005-06-30": 0, "2005-03-31": ""}, "Investing Activities - Other": {"2020-12-31": 0, "2020-09-30": 0, "2020-06-30": 0, "2020-03-31": "", "2019-12-31": 0, "2019-09-30": 0, "2019-06-30": 0, "2019-03-31": "", "2018-12-31": 0, "2018-09-30": 0, "2018-06-30": 0, "2018-03-31": "", "2017-12-31": 0, "2017-09-30": 0, "2017-06-30": 0, "2017-03-31": "", "2016-12-31": 0, "2016-09-30": 0, "2016-06-30": 0, "2016-03-31": "", "2015-12-31": 0, "2015-09-30": 0, "2015-06-30": 0, "2015-03-31": "", "2014-12-31": 0, "2014-09-30": 0, "2014-06-30": 0, "2014-03-31": "", "2013-12-31": 0, "2013-09-30": 0, "2013-06-30": 0, "2013-03-31": "", "2012-12-31": 0, "2012-09-30": 0, "2012-06-30": 0, "2012-03-31": "", "2011-12-31": 0, "2011-09-30": 0, "2011-06-30": 0, "2011-03-31": "", "2010-12-31": 0, "2010-09-30": 0, "2010-06-30": 0, "2010-03-31": "", "2009-12-31": 0, "2009-09-30": 0, "2009-06-30": 0, "2009-03-31": "", "2008-12-31": -1.188, "2008-09-30": 0.423, "2008-06-30": 0.316, "2008-03-31": "0.44900", "2007-12-31": -1.542, "2007-09-30": 0.283, "2007-06-30": 0.461, "2007-03-31": "0.79800", "2006-12-31": -0.56, "2006-09-30": 0.22, "2006-06-30": 0.252, "2006-03-31": "0.08800", "2005-12-31": -3.647, "2005-09-30": 0.067, "2005-06-30": 3.439, "2005-03-31": "0.14100"}, "Cash Flow From Investing Activities": {"2020-12-31": 12.099, "2020-09-30": -4.293, "2020-06-30": -4.548, "2020-03-31": "-3.25800", "2019-12-31": -5.963, "2019-09-30": -4.523, "2019-06-30": -0.919, "2019-03-31": "-1.87900", "2018-12-31": -1.69, "2018-09-30": -3.404, "2018-06-30": -2.647, "2018-03-31": "-0.43600", "2017-12-31": -7.397, "2017-09-30": -3.267, "2017-06-30": -1.252, "2017-03-31": "-3.27700", "2016-12-31": -3.047, "2016-09-30": -2.658, "2016-06-30": -3.292, "2016-03-31": "-1.35300", "2015-12-31": -0.409, "2015-09-30": -1.682, "2015-06-30": 0.533, "2015-03-31": "0.53600", "2014-12-31": -1.094, "2014-09-30": -5.828, "2014-06-30": -12.165, "2014-03-31": "0.00500", "2013-12-31": -15.924, "2013-09-30": -1.846, "2013-06-30": -2.701, "2013-03-31": "-14.00600", "2012-12-31": -17.343, "2012-09-30": -2.953, "2012-06-30": -2.024, "2012-03-31": "-0.29100", "2011-12-31": -1.498, "2011-09-30": 1.06, "2011-06-30": -64.966, "2011-03-31": "3.53800", "2010-12-31": 23.707, "2010-09-30": 148.854, "2010-06-30": -52.89, "2010-03-31": "92.76900", "2009-12-31": 60.582, "2009-09-30": 376.17, "2009-06-30": 49.948, "2009-03-31": "-708.31700", "2008-12-31": -1.606, "2008-09-30": -0.907, "2008-06-30": -1.47, "2008-03-31": "-1.51500", "2007-12-31": -3.869, "2007-09-30": -2.627, "2007-06-30": -2.02, "2007-03-31": "-0.79900", "2006-12-31": -7.118, "2006-09-30": -5.868, "2006-06-30": -4.853, "2006-03-31": "-4.75900", "2005-12-31": -8.207, "2005-09-30": -2.15, "2005-06-30": -2.25, "2005-03-31": "-9.49000"}, "Net Long-Term Debt": {"2020-12-31": -923.2401, "2020-09-30": 324.7921, "2020-06-30": 598.648, "2020-03-31": "-0.20000", "2019-12-31": -0.19, "2019-09-30": -0.104, "2019-06-30": -0.012, "2019-03-31": "", "2018-12-31": 0, "2018-09-30": 0, "2018-06-30": 0, "2018-03-31": "", "2017-12-31": 0, "2017-09-30": 0, "2017-06-30": 0, "2017-03-31": "", "2016-12-31": 0, "2016-09-30": 0, "2016-06-30": 0, "2016-03-31": "", "2015-12-31": 0, "2015-09-30": 0, "2015-06-30": 0, "2015-03-31": "", "2014-12-31": 0, "2014-09-30": 0, "2014-06-30": 0, "2014-03-31": "", "2013-12-31": 0, "2013-09-30": 0, "2013-06-30": 0, "2013-03-31": "", "2012-12-31": -21.91, "2012-09-30": 598.962, "2012-06-30": 0, "2012-03-31": "", "2011-12-31": 0, "2011-09-30": 0, "2011-06-30": 0, "2011-03-31": "", "2010-12-31": 0, "2010-09-30": 0, "2010-06-30": -133.37, "2010-03-31": "", "2009-12-31": 0, "2009-09-30": -2, "2009-06-30": -27.95, "2009-03-31": "", "2008-12-31": -36.405, "2008-09-30": 0, "2008-06-30": 0, "2008-03-31": "", "2007-12-31": 0, "2007-09-30": 0, "2007-06-30": 0, "2007-03-31": "", "2006-12-31": 0, "2006-09-30": 0, "2006-06-30": 0, "2006-03-31": "", "2005-12-31": 0, "2005-09-30": 0, "2005-06-30": 0, "2005-03-31": ""}, "Net Current Debt": {"2020-12-31": 0, "2020-09-30": 0, "2020-06-30": 0, "2020-03-31": "", "2019-12-31": 0, "2019-09-30": 0, "2019-06-30": 0, "2019-03-31": "", "2018-12-31": 0, "2018-09-30": 0, "2018-06-30": 0, "2018-03-31": "", "2017-12-31": 0, "2017-09-30": 0, "2017-06-30": 0, "2017-03-31": "", "2016-12-31": 0, "2016-09-30": 0, "2016-06-30": 0, "2016-03-31": "", "2015-12-31": 0, "2015-09-30": 0, "2015-06-30": 0, "2015-03-31": "-0.06400", "2014-12-31": -0.597, "2014-09-30": -0.597, "2014-06-30": -0.895, "2014-03-31": "-1.32700", "2013-12-31": 2.637, "2013-09-30": -1.207, "2013-06-30": -1.093, "2013-03-31": "-2.18800", "2012-12-31": 3.513, "2012-09-30": -0.28, "2012-06-30": -1.437, "2012-03-31": "-3.06100", "2011-12-31": -0.755, "2011-09-30": -90.529, "2011-06-30": 13.232, "2011-03-31": "-15.03300", "2010-12-31": -9.399, "2010-09-30": 28.056, "2010-06-30": 22.675, "2010-03-31": "43.83900", "2009-12-31": -63.391, "2009-09-30": -21.508, "2009-06-30": 21.55, "2009-03-31": "30.79000", "2008-12-31": -46.343, "2008-09-30": -25.49, "2008-06-30": 47.9, "2008-03-31": "-15.28100", "2007-12-31": -28.252, "2007-09-30": -24.543, "2007-06-30": 56.998, "2007-03-31": "-74.55200", "2006-12-31": -14.571, "2006-09-30": -0.185, "2006-06-30": -125.266, "2006-03-31": "33.51300", "2005-12-31": 146.093, "2005-09-30": -14.188, "2005-06-30": 28.875, "2005-03-31": "88.55800"}, "Debt Issuance/Retirement Net - Total": {"2020-12-31": -923.2401, "2020-09-30": 324.7921, "2020-06-30": 598.648, "2020-03-31": "-0.20000", "2019-12-31": -0.19, "2019-09-30": -0.104, "2019-06-30": -0.012, "2019-03-31": "", "2018-12-31": 0, "2018-09-30": 0, "2018-06-30": 0, "2018-03-31": "", "2017-12-31": 0, "2017-09-30": 0, "2017-06-30": 0, "2017-03-31": "", "2016-12-31": 0, "2016-09-30": 0, "2016-06-30": 0, "2016-03-31": "", "2015-12-31": 0, "2015-09-30": 0, "2015-06-30": 0, "2015-03-31": "-0.06400", "2014-12-31": -0.597, "2014-09-30": -0.597, "2014-06-30": -0.895, "2014-03-31": "-1.32700", "2013-12-31": 2.637, "2013-09-30": -1.207, "2013-06-30": -1.093, "2013-03-31": "-2.18800", "2012-12-31": -18.397, "2012-09-30": 598.682, "2012-06-30": -1.437, "2012-03-31": "-3.06100", "2011-12-31": -0.755, "2011-09-30": -90.529, "2011-06-30": 13.232, "2011-03-31": "-15.03300", "2010-12-31": -9.399, "2010-09-30": 28.056, "2010-06-30": -110.695, "2010-03-31": "43.83900", "2009-12-31": -63.391, "2009-09-30": -23.508, "2009-06-30": -6.4, "2009-03-31": "30.79000", "2008-12-31": -82.748, "2008-09-30": -25.49, "2008-06-30": 47.9, "2008-03-31": "-15.28100", "2007-12-31": -28.252, "2007-09-30": -24.543, "2007-06-30": 56.998, "2007-03-31": "-74.55200", "2006-12-31": -14.571, "2006-09-30": -0.185, "2006-06-30": -125.266, "2006-03-31": "33.51300", "2005-12-31": 146.093, "2005-09-30": -14.188, "2005-06-30": 28.875, "2005-03-31": "88.55800"}, "Net Common Equity Issued/Repurchased": {"2020-12-31": 54.06, "2020-09-30": 36.476, "2020-06-30": 16.984, "2020-03-31": "-107.52000", "2019-12-31": -306.202, "2019-09-30": 7.461, "2019-06-30": -8.123, "2019-03-31": "-117.52500", "2018-12-31": -129.923, "2018-09-30": -144.657, "2018-06-30": -81.006, "2018-03-31": "-316.43800", "2017-12-31": -181.687, "2017-09-30": -58.414, "2017-06-30": -31.258, "2017-03-31": "-10.28200", "2016-12-31": -159.44, "2016-09-30": -189.206, "2016-06-30": -3.761, "2016-03-31": "-64.83800", "2015-12-31": -158.392, "2015-09-30": -168.998, "2015-06-30": 1.444, "2015-03-31": "-19.47300", "2014-12-31": -147.594, "2014-09-30": -56.942, "2014-06-30": -311.337, "2014-03-31": "24.48200", "2013-12-31": -112.2891, "2013-09-30": -139.937, "2013-06-30": -293.72, "2013-03-31": "5.41200", "2012-12-31": 17.205, "2012-09-30": -213.457, "2012-06-30": 36.179, "2012-03-31": "6.00300", "2011-12-31": -21.682, "2011-09-30": -364.328, "2011-06-30": -225.555, "2011-03-31": "29.26200", "2010-12-31": -19.287, "2010-09-30": -195.753, "2010-06-30": -166.333, "2010-03-31": "41.78600", "2009-12-31": 5.79, "2009-09-30": 27.203, "2009-06-30": 14.077, "2009-03-31": "31.47300", "2008-12-31": 7.842, "2008-09-30": 3.944, "2008-06-30": 13.143, "2008-03-31": "27.02100", "2007-12-31": 0.516, "2007-09-30": -297.384, "2007-06-30": -106.677, "2007-03-31": "-36.51300", "2006-12-31": -104.532, "2006-09-30": -60.525, "2006-06-30": 3.697, "2006-03-31": "-109.88200", "2005-12-31": -451.327, "2005-09-30": -113.38, "2005-06-30": -145.436, "2005-03-31": "-239.70900"}, "Net Total Equity Issued/Repurchased": {"2020-12-31": 54.06, "2020-09-30": 36.476, "2020-06-30": 16.984, "2020-03-31": "-107.52000", "2019-12-31": -306.202, "2019-09-30": 7.461, "2019-06-30": -8.123, "2019-03-31": "-117.52500", "2018-12-31": -129.923, "2018-09-30": -144.657, "2018-06-30": -81.006, "2018-03-31": "-316.43800", "2017-12-31": -181.687, "2017-09-30": -58.414, "2017-06-30": -31.258, "2017-03-31": "-10.28200", "2016-12-31": -159.44, "2016-09-30": -189.206, "2016-06-30": -3.761, "2016-03-31": "-64.83800", "2015-12-31": -158.392, "2015-09-30": -168.998, "2015-06-30": 1.444, "2015-03-31": "-19.47300", "2014-12-31": -147.594, "2014-09-30": -56.942, "2014-06-30": -311.337, "2014-03-31": "24.48200", "2013-12-31": -112.2891, "2013-09-30": -139.937, "2013-06-30": -293.72, "2013-03-31": "5.41200", "2012-12-31": 17.205, "2012-09-30": -213.457, "2012-06-30": 36.179, "2012-03-31": "6.00300", "2011-12-31": -21.682, "2011-09-30": -364.328, "2011-06-30": -225.555, "2011-03-31": "29.26200", "2010-12-31": -19.287, "2010-09-30": -195.753, "2010-06-30": -166.333, "2010-03-31": "41.78600", "2009-12-31": 5.79, "2009-09-30": 27.203, "2009-06-30": 14.077, "2009-03-31": "31.47300", "2008-12-31": 7.842, "2008-09-30": 3.944, "2008-06-30": 13.143, "2008-03-31": "27.02100", "2007-12-31": 0.516, "2007-09-30": -297.384, "2007-06-30": -106.677, "2007-03-31": "-36.51300", "2006-12-31": -104.532, "2006-09-30": -60.525, "2006-06-30": 3.697, "2006-03-31": "-109.88200", "2005-12-31": -451.327, "2005-09-30": -113.38, "2005-06-30": -145.436, "2005-03-31": "-239.70900"}, "Total Common And Preferred Stock Dividends Paid": {"2020-12-31": 0, "2020-09-30": 0, "2020-06-30": 0, "2020-03-31": "", "2019-12-31": 0, "2019-09-30": 0, "2019-06-30": 0, "2019-03-31": "", "2018-12-31": 0, "2018-09-30": 0, "2018-06-30": 0, "2018-03-31": "", "2017-12-31": 0, "2017-09-30": 0, "2017-06-30": 0, "2017-03-31": "", "2016-12-31": 0, "2016-09-30": 0, "2016-06-30": 0, "2016-03-31": "", "2015-12-31": 0, "2015-09-30": 0, "2015-06-30": 0, "2015-03-31": "", "2014-12-31": 0, "2014-09-30": 0, "2014-06-30": 0, "2014-03-31": "", "2013-12-31": 0, "2013-09-30": 0, "2013-06-30": 0, "2013-03-31": "", "2012-12-31": 0, "2012-09-30": 0, "2012-06-30": 0, "2012-03-31": "", "2011-12-31": 0, "2011-09-30": 0, "2011-06-30": 0, "2011-03-31": "", "2010-12-31": 0, "2010-09-30": 0, "2010-06-30": 0, "2010-03-31": "", "2009-12-31": 0, "2009-09-30": 0, "2009-06-30": 0, "2009-03-31": "", "2008-12-31": 0, "2008-09-30": 0, "2008-06-30": 0, "2008-03-31": "", "2007-12-31": 0, "2007-09-30": 0, "2007-06-30": 0, "2007-03-31": "", "2006-12-31": 0, "2006-09-30": 0, "2006-06-30": 0, "2006-03-31": "", "2005-12-31": 0, "2005-09-30": 0, "2005-06-30": 0, "2005-03-31": ""}, "Financial Activities - Other": {"2020-12-31": 4.75, "2020-09-30": -1.168, "2020-06-30": -3.582, "2020-03-31": "", "2019-12-31": 0, "2019-09-30": 0, "2019-06-30": 0, "2019-03-31": "", "2018-12-31": 0, "2018-09-30": -0.234, "2018-06-30": 0, "2018-03-31": "", "2017-12-31": 0, "2017-09-30": 0, "2017-06-30": 0, "2017-03-31": "", "2016-12-31": 0.067, "2016-09-30": -0.067, "2016-06-30": 0, "2016-03-31": "-0.15000", "2015-12-31": -14.465, "2015-09-30": 4.566, "2015-06-30": 1.901, "2015-03-31": "7.69800", "2014-12-31": 2.001, "2014-09-30": 0.736, "2014-06-30": 0.073, "2014-03-31": "5.69600", "2013-12-31": -4.425, "2013-09-30": 0.084, "2013-06-30": 0.628, "2013-03-31": "23.09900", "2012-12-31": 7.56, "2012-09-30": -3.046, "2012-06-30": 3.833, "2012-03-31": "0.87600", "2011-12-31": 1.563, "2011-09-30": -0.119, "2011-06-30": 3.58, "2011-03-31": "17.81100", "2010-12-31": 1.899, "2010-09-30": 3.097, "2010-06-30": 26.651, "2010-03-31": "31.91100", "2009-12-31": 7.792, "2009-09-30": 12.209, "2009-06-30": 6.494, "2009-03-31": "39.95300", "2008-12-31": 12.313, "2008-09-30": 4.743, "2008-06-30": 15.001, "2008-03-31": "18.18300", "2007-12-31": 0.724, "2007-09-30": 1.663, "2007-06-30": 26.236, "2007-03-31": "40.42300", "2006-12-31": 13.17, "2006-09-30": 3.647, "2006-06-30": 18.668, "2006-03-31": "60.49400", "2005-12-31": 0, "2005-09-30": 0, "2005-06-30": 0, "2005-03-31": ""}, "Cash Flow From Financial Activities": {"2020-12-31": -864.43, "2020-09-30": 360.1, "2020-06-30": 612.05, "2020-03-31": "-107.72000", "2019-12-31": -306.392, "2019-09-30": 7.357, "2019-06-30": -8.135, "2019-03-31": "-117.52500", "2018-12-31": -129.923, "2018-09-30": -144.891, "2018-06-30": -81.006, "2018-03-31": "-316.43800", "2017-12-31": -181.687, "2017-09-30": -58.414, "2017-06-30": -31.258, "2017-03-31": "-10.28200", "2016-12-31": -159.373, "2016-09-30": -189.273, "2016-06-30": -3.761, "2016-03-31": "-64.98800", "2015-12-31": -172.857, "2015-09-30": -164.432, "2015-06-30": 3.345, "2015-03-31": "-11.83900", "2014-12-31": -146.19, "2014-09-30": -56.803, "2014-06-30": -312.159, "2014-03-31": "28.85100", "2013-12-31": -114.077, "2013-09-30": -141.06, "2013-06-30": -294.185, "2013-03-31": "26.32300", "2012-12-31": 6.368, "2012-09-30": 382.179, "2012-06-30": 38.575, "2012-03-31": "3.81800", "2011-12-31": -20.874, "2011-09-30": -454.976, "2011-06-30": -208.743, "2011-03-31": "32.04000", "2010-12-31": -26.787, "2010-09-30": -164.6, "2010-06-30": -250.377, "2010-03-31": "117.53600", "2009-12-31": -49.809, "2009-09-30": 15.904, "2009-06-30": 14.171, "2009-03-31": "102.21600", "2008-12-31": -62.593, "2008-09-30": -16.803, "2008-06-30": 76.044, "2008-03-31": "29.92300", "2007-12-31": -27.012, "2007-09-30": -320.264, "2007-06-30": -23.443, "2007-03-31": "-70.64200", "2006-12-31": -105.933, "2006-09-30": -57.063, "2006-06-30": -102.901, "2006-03-31": "-15.87500", "2005-12-31": -305.234, "2005-09-30": -127.568, "2005-06-30": -116.561, "2005-03-31": "-151.15100"}, "Net Cash Flow": {"2020-12-31": -1431.671, "2020-09-30": 564.478, "2020-06-30": 909.73, "2020-03-31": "-42.53700", "2019-12-31": 44.744, "2019-09-30": 209.651, "2019-06-30": 65.71, "2019-03-31": "108.45100", "2018-12-31": 99.698, "2018-09-30": 174.07, "2018-06-30": 7.769, "2018-03-31": "-238.84600", "2017-12-31": 45.624, "2017-09-30": 95.757, "2017-06-30": 37.436, "2017-03-31": "94.70300", "2016-12-31": 128.131, "2016-09-30": -102.066, "2016-06-30": 45.512, "2016-03-31": "-106.33400", "2015-12-31": 37.854, "2015-09-30": -110.123, "2015-06-30": -34.928, "2015-03-31": "-12.90600", "2014-12-31": 79.126, "2014-09-30": -87.412, "2014-06-30": -325.618, "2014-03-31": "13.07000", "2013-12-31": 52.056, "2013-09-30": 35.773, "2013-06-30": -309.307, "2013-03-31": "-65.77600", "2012-12-31": 74.959, "2012-09-30": 485.285, "2012-06-30": 18.104, "2012-03-31": "94.36500", "2011-12-31": -16.328, "2011-09-30": -433.274, "2011-06-30": -289.899, "2011-03-31": "26.54500", "2010-12-31": 137.907, "2010-09-30": -35.039, "2010-06-30": -251.41, "2010-03-31": "92.14200", "2009-12-31": 134.479, "2009-09-30": 532.403, "2009-06-30": 40.499, "2009-03-31": "-604.87400", "2008-12-31": 182.602, "2008-09-30": 96.902, "2008-06-30": 100.481, "2008-03-31": "103.44900", "2007-12-31": 347.018, "2007-09-30": -256.891, "2007-06-30": 16.84, "2007-03-31": "1.12300", "2006-12-31": 317.514, "2006-09-30": 62.637, "2006-06-30": 71.46, "2006-03-31": "-73.01800", "2005-12-31": -68.24, "2005-09-30": -19.313, "2005-06-30": 11.38, "2005-03-31": "-113.66600"}, "Stock-Based Compensation": {"2020-12-31": -35.565, "2020-09-30": 13.639, "2020-06-30": 14.434, "2020-03-31": "7.49200", "2019-12-31": 19.852, "2019-09-30": 20.77, "2019-06-30": 18.577, "2019-03-31": "19.33300", "2018-12-31": 24.011, "2018-09-30": 23.586, "2018-06-30": 18.595, "2018-03-31": "9.50900", "2017-12-31": 11.884, "2017-09-30": 11.211, "2017-06-30": 10.878, "2017-03-31": "10.58900", "2016-12-31": 11.139, "2016-09-30": 11.081, "2016-06-30": 10.829, "2016-03-31": "10.54900", "2015-12-31": 14.217, "2015-09-30": 13.571, "2015-06-30": 12.904, "2015-03-31": "13.39900", "2014-12-31": 18.353, "2014-09-30": 18.233, "2014-06-30": 15.938, "2014-03-31": "10.70300", "2013-12-31": 3.911, "2013-09-30": 11.733, "2013-06-30": 10.589, "2013-03-31": "8.06300", "2012-12-31": 14.705, "2012-09-30": 16.963, "2012-06-30": 16.733, "2012-03-31": "16.44000", "2011-12-31": 16.507, "2011-09-30": 16.261, "2011-06-30": 16.125, "2011-03-31": "15.58000", "2010-12-31": 12.386, "2010-09-30": 19.924, "2010-06-30": 15.148, "2010-03-31": "5.67800", "2009-12-31": 11.454, "2009-09-30": 11.446, "2009-06-30": 11.634, "2009-03-31": "11.76800", "2008-12-31": 11.488, "2008-09-30": 11.284, "2008-06-30": 12.099, "2008-03-31": "6.33300", "2007-12-31": 8.614, "2007-09-30": -22.934, "2007-06-30": 14.186, "2007-03-31": "14.32300", "2006-12-31": 17.124, "2006-09-30": 13.854, "2006-06-30": 13.596, "2006-03-31": "13.56000", "2005-12-31": -2.674, "2005-09-30": 2.674, "2005-06-30": 0, "2005-03-31": ""}, "Common Stock Dividends Paid": {"2020-12-31": 0, "2020-09-30": 0, "2020-06-30": 0, "2020-03-31": "", "2019-12-31": 0, "2019-09-30": 0, "2019-06-30": 0, "2019-03-31": "", "2018-12-31": 0, "2018-09-30": 0, "2018-06-30": 0, "2018-03-31": "", "2017-12-31": 0, "2017-09-30": 0, "2017-06-30": 0, "2017-03-31": "", "2016-12-31": 0, "2016-09-30": 0, "2016-06-30": 0, "2016-03-31": "", "2015-12-31": 0, "2015-09-30": 0, "2015-06-30": 0, "2015-03-31": "", "2014-12-31": 0, "2014-09-30": 0, "2014-06-30": 0, "2014-03-31": "", "2013-12-31": 0, "2013-09-30": 0, "2013-06-30": 0, "2013-03-31": "", "2012-12-31": 0, "2012-09-30": 0, "2012-06-30": 0, "2012-03-31": "", "2011-12-31": 0, "2011-09-30": 0, "2011-06-30": 0, "2011-03-31": "", "2010-12-31": 0, "2010-09-30": 0, "2010-06-30": 0, "2010-03-31": "", "2009-12-31": 0, "2009-09-30": 0, "2009-06-30": 0, "2009-03-31": "", "2008-12-31": 0, "2008-09-30": 0, "2008-06-30": 0, "2008-03-31": "", "2007-12-31": 0, "2007-09-30": 0, "2007-06-30": 0, "2007-03-31": "", "2006-12-31": 0, "2006-09-30": 0, "2006-06-30": 0, "2006-03-31": "", "2005-12-31": 0, "2005-09-30": 0, "2005-06-30": 0, "2005-03-31": ""}}, "financial ratios": {"Current Ratio": {"2019-12-31": "4.62200", "2018-12-31": "3.96170", "2017-12-31": "3.62380", "2016-12-31": "3.02480", "2015-12-31": "3.16540", "2014-12-31": "3.13800", "2013-12-31": "3.51040", "2012-12-31": "4.84340", "2011-12-31": "3.77110", "2010-12-31": "3.95050", "2009-12-31": "5.15530", "2008-12-31": "4.11090", "2007-12-31": "2.55710", "2006-12-31": "2.08040", "2005-12-31": "1.45680"}, "Long-term Debt / Capital": {"2019-12-31": "0.20350", "2018-12-31": "0.24840", "2017-12-31": "0.27110", "2016-12-31": "0.31380", "2015-12-31": "0.32470", "2014-12-31": "0.34770", "2013-12-31": "0.32200", "2012-12-31": "0.28800", "2011-12-31": "", "2010-12-31": "", "2009-12-31": "0.07050", "2008-12-31": "0.10630", "2007-12-31": "0.15040", "2006-12-31": "0.14790", "2005-12-31": "0.22800"}, "Debt/Equity Ratio": {"2019-12-31": "0.25550", "2018-12-31": "0.33050", "2017-12-31": "0.37190", "2016-12-31": "0.45720", "2015-12-31": "0.48080", "2014-12-31": "0.53290", "2013-12-31": "0.47490", "2012-12-31": "0.40460", "2011-12-31": "", "2010-12-31": "0.05290", "2009-12-31": "0.08420", "2008-12-31": "0.15310", "2007-12-31": "0.25350", "2006-12-31": "0.30960", "2005-12-31": "0.68390"}, "Gross Margin": {"2019-12-31": "20.82650", "2018-12-31": "20.54180", "2017-12-31": "20.86100", "2016-12-31": "19.14430", "2015-12-31": "20.16330", "2014-12-31": "19.70910", "2013-12-31": "18.68950", "2012-12-31": "19.12330", "2011-12-31": "18.55950", "2010-12-31": "19.84290", "2009-12-31": "20.34060", "2008-12-31": "13.86470", "2007-12-31": "17.59060", "2006-12-31": "23.35880", "2005-12-31": "28.96650"}, "Operating Margin": {"2019-12-31": "14.22690", "2018-12-31": "13.74730", "2017-12-31": "13.81410", "2016-12-31": "11.73720", "2015-12-31": "12.14910", "2014-12-31": "10.72510", "2013-12-31": "10.47380", "2012-12-31": "8.87400", "2011-12-31": "7.87730", "2010-12-31": "10.79660", "2009-12-31": "11.29050", "2008-12-31": "4.90410", "2007-12-31": "10.78770", "2006-12-31": "16.04470", "2005-12-31": "22.04310"}, "EBIT Margin": {"2019-12-31": "14.39120", "2018-12-31": "13.90910", "2017-12-31": "13.93860", "2016-12-31": "11.86720", "2015-12-31": "12.27480", "2014-12-31": "10.83630", "2013-12-31": "10.59220", "2012-12-31": "9.01540", "2011-12-31": "8.09170", "2010-12-31": "10.97450", "2009-12-31": "11.39910", "2008-12-31": "5.01120", "2007-12-31": "10.88320", "2006-12-31": "16.17020", "2005-12-31": "22.13840"}, "EBITDA Margin": {"2019-12-31": "14.67300", "2018-12-31": "14.19070", "2017-12-31": "14.29810", "2016-12-31": "12.24970", "2015-12-31": "12.69220", "2014-12-31": "11.23260", "2013-12-31": "10.91010", "2012-12-31": "9.26980", "2011-12-31": "8.34260", "2010-12-31": "11.21330", "2009-12-31": "11.75310", "2008-12-31": "5.69700", "2007-12-31": "11.21530", "2006-12-31": "16.40110", "2005-12-31": "22.34160"}, "Pre-Tax Profit Margin": {"2019-12-31": "13.88340", "2018-12-31": "13.39720", "2017-12-31": "13.43060", "2016-12-31": "11.36440", "2015-12-31": "11.69240", "2014-12-31": "10.20450", "2013-12-31": "9.94230", "2012-12-31": "8.63760", "2011-12-31": "7.80610", "2010-12-31": "10.59840", "2009-12-31": "10.87580", "2008-12-31": "4.53430", "2007-12-31": "10.51800", "2006-12-31": "15.69860", "2005-12-31": "21.74730"}, "Net Profit Margin": {"2019-12-31": "11.89040", "2018-12-31": "11.12830", "2017-12-31": "8.52420", "2016-12-31": "7.30370", "2015-12-31": "7.42250", "2014-12-31": "6.33650", "2013-12-31": "6.32770", "2012-12-31": "5.67060", "2011-12-31": "4.86700", "2010-12-31": "6.77230", "2009-12-31": "7.00400", "2008-12-31": "2.73200", "2007-12-31": "6.51070", "2006-12-31": "9.57610", "2005-12-31": "13.25570"}, "Asset Turnover": {"2019-12-31": "1.93940", "2018-12-31": "2.26270", "2017-12-31": "2.10950", "2016-12-31": "2.20220", "2015-12-31": "2.05400", "2014-12-31": "1.89020", "2013-12-31": "1.69390", "2012-12-31": "1.22260", "2011-12-31": "1.49430", "2010-12-31": "1.34590", "2009-12-31": "1.14530", "2008-12-31": "1.75590", "2007-12-31": "2.33750", "2006-12-31": "2.47960", "2005-12-31": "2.35170"}, "Inventory Turnover Ratio": {"2019-12-31": "4.34200", "2018-12-31": "4.54240", "2017-12-31": "4.00450", "2016-12-31": "4.31080", "2015-12-31": "4.09210", "2014-12-31": "4.10420", "2013-12-31": "4.63630", "2012-12-31": "3.79810", "2011-12-31": "4.06190", "2010-12-31": "5.65300", "2009-12-31": "5.22010", "2008-12-31": "7.94120", "2007-12-31": "6.13640", "2006-12-31": "6.40830", "2005-12-31": "4.70800"}, "Receiveable Turnover": {"2019-12-31": "404.23810", "2018-12-31": "384.29660", "2017-12-31": "314.88270", "2016-12-31": "307.46920", "2015-12-31": "449.31260", "2014-12-31": "443.52540", "2013-12-31": "441.94220", "2012-12-31": "338.03740", "2011-12-31": "391.68490", "2010-12-31": "437.80830", "2009-12-31": "343.19550", "2008-12-31": "318.53020", "2007-12-31": "472.53270", "2006-12-31": "502.26180", "2005-12-31": "129.73590"}, "Days Sales In Receivables": {"2019-12-31": "0.90290", "2018-12-31": "0.94980", "2017-12-31": "1.15920", "2016-12-31": "1.18710", "2015-12-31": "0.81240", "2014-12-31": "0.82300", "2013-12-31": "0.82590", "2012-12-31": "1.07980", "2011-12-31": "0.93190", "2010-12-31": "0.83370", "2009-12-31": "1.06350", "2008-12-31": "1.14590", "2007-12-31": "0.77240", "2006-12-31": "0.72670", "2005-12-31": "2.81340"}, "ROE - Return On Equity": {"2019-12-31": "37.52450", "2018-12-31": "44.07910", "2017-12-31": "33.48020", "2016-12-31": "32.60110", "2015-12-31": "30.90200", "2014-12-31": "25.05040", "2013-12-31": "21.12630", "2012-12-31": "12.19800", "2011-12-31": "9.41370", "2010-12-31": "11.83680", "2009-12-31": "10.93630", "2008-12-31": "7.34410", "2007-12-31": "29.56990", "2006-12-31": "50.98740", "2005-12-31": "103.01210"}, "Return On Tangible Equity": {"2019-12-31": "38.32540", "2018-12-31": "45.30470", "2017-12-31": "34.53250", "2016-12-31": "33.87150", "2015-12-31": "32.28030", "2014-12-31": "26.32150", "2013-12-31": "22.10180", "2012-12-31": "12.69660", "2011-12-31": "9.76110", "2010-12-31": "12.17920", "2009-12-31": "11.24960", "2008-12-31": "7.61530", "2007-12-31": "31.24970", "2006-12-31": "53.83120", "2005-12-31": "113.20810"}, "ROA - Return On Assets": {"2019-12-31": "23.05990", "2018-12-31": "25.18050", "2017-12-31": "17.98160", "2016-12-31": "16.08440", "2015-12-31": "15.24560", "2014-12-31": "11.97750", "2013-12-31": "10.71850", "2012-12-31": "6.93280", "2011-12-31": "7.27290", "2010-12-31": "9.11500", "2009-12-31": "8.02160", "2008-12-31": "4.79700", "2007-12-31": "15.21840", "2006-12-31": "23.74530", "2005-12-31": "31.17350"}, "ROI - Return On Investment": {"2019-12-31": "29.88690", "2018-12-31": "33.13040", "2017-12-31": "24.40440", "2016-12-31": "22.37170", "2015-12-31": "20.86780", "2014-12-31": "16.34130", "2013-12-31": "14.32340", "2012-12-31": "8.68430", "2011-12-31": "9.41370", "2010-12-31": "11.83680", "2009-12-31": "10.16490", "2008-12-31": "6.56380", "2007-12-31": "25.12120", "2006-12-31": "43.44530", "2005-12-31": "79.52450"}, "Book Value Per Share": {"2019-12-31": "644.43820", "2018-12-31": "505.46730", "2017-12-31": "434.97480", "2016-12-31": "353.21990", "2015-12-31": "318.46950", "2014-12-31": "277.66240", "2013-12-31": "284.47270", "2012-12-31": "301.27740", "2011-12-31": "276.17500", "2010-12-31": "307.26940", "2009-12-31": "295.33820", "2008-12-31": "248.33490", "2007-12-31": "219.80830", "2006-12-31": "208.78470", "2005-12-31": "159.33220"}, "Operating Cash Flow Per Share": {"2019-12-31": 41.389, "2018-12-31": 42.1995, "2017-12-31": 38.7602, "2016-12-31": 42.4783, "2015-12-31": 11.667, "2014-12-31": -13.9664, "2013-12-31": 4.1618, "2012-12-31": 51.1565, "2011-12-31": -8.7242, "2010-12-31": -30.3135, "2009-12-31": -38.8037, "2008-12-31": -12.4896, "2007-12-31": -11.7715, "2006-12-31": 33.9181, "2005-12-31": 68.4445}, "Free Cash Flow Per Share": {"2019-12-31": 40.6448, "2018-12-31": 42.2817, "2017-12-31": 39.3864, "2016-12-31": 41.4063, "2015-12-31": 14.4433, "2014-12-31": -17.0913, "2013-12-31": 2.7182, "2012-12-31": 50.7553, "2011-12-31": -9.6457, "2010-12-31": -30.9949, "2009-12-31": -38.2136, "2008-12-31": -11.9081, "2007-12-31": -9.8947, "2006-12-31": 32.4109, "2005-12-31": 66.5647}}, "financial ratios, quarterly": {"Current Ratio": {"2020-09-30": "6.07900", "2020-06-30": "5.79740", "2020-03-31": "4.82050", "2019-12-31": "4.62200", "2019-09-30": "4.73180", "2019-06-30": "4.28580", "2019-03-31": "4.03970", "2018-12-31": "3.96170", "2018-09-30": "3.74060", "2018-06-30": "3.67000", "2018-03-31": "3.51530", "2017-12-31": "3.62380", "2017-09-30": "3.59800", "2017-06-30": "3.51450", "2017-03-31": "3.35830", "2016-12-31": "3.02480", "2016-09-30": "3.02660", "2016-06-30": "3.16200", "2016-03-31": "2.83740", "2015-12-31": "3.16540", "2015-09-30": "3.04330", "2015-06-30": "3.19910", "2015-03-31": "3.40870", "2014-12-31": "3.13800", "2014-09-30": "3.12420", "2014-06-30": "3.06240", "2014-03-31": "3.89070", "2013-12-31": "3.51040", "2013-09-30": "3.64920", "2013-06-30": "4.05930", "2013-03-31": "5.38960", "2012-12-31": "4.84340", "2012-09-30": "4.72780", "2012-06-30": "3.86560", "2012-03-31": "3.80160", "2011-12-31": "3.77110", "2011-09-30": "3.35900", "2011-06-30": "3.67960", "2011-03-31": "4.72850", "2010-12-31": "3.95050", "2010-09-30": "3.76310", "2010-06-30": "4.09990", "2010-03-31": "5.12060", "2009-12-31": "5.15530", "2009-09-30": "4.38350", "2009-06-30": "4.34470", "2009-03-31": "4.67380", "2008-12-31": "4.11090", "2008-09-30": "3.48590", "2008-06-30": "2.96430", "2008-03-31": "2.89540", "2007-12-31": "2.55710", "2007-09-30": "2.36410", "2007-06-30": "2.60920", "2007-03-31": "2.67430", "2006-12-31": "2.08040", "2006-09-30": "2.02580", "2006-06-30": "1.67610", "2006-03-31": "1.46630", "2005-12-31": "1.45680", "2005-09-30": "2.05360", "2005-06-30": "1.94750", "2005-03-31": "2.15110"}, "Long-term Debt / Capital": {"2020-09-30": "0.34210", "2020-06-30": "0.31370", "2020-03-31": "0.19850", "2019-12-31": "0.20350", "2019-09-30": "0.20140", "2019-06-30": "0.22010", "2019-03-31": "0.23950", "2018-12-31": "0.24840", "2018-09-30": "0.26210", "2018-06-30": "0.27090", "2018-03-31": "0.28930", "2017-12-31": "0.27110", "2017-09-30": "0.26560", "2017-06-30": "0.27980", "2017-03-31": "0.29760", "2016-12-31": "0.31380", "2016-09-30": "0.31460", "2016-06-30": "0.30510", "2016-03-31": "0.32170", "2015-12-31": "0.32470", "2015-09-30": "0.32570", "2015-06-30": "0.31970", "2015-03-31": "0.33960", "2014-12-31": "0.34770", "2014-09-30": "0.34230", "2014-06-30": "0.35280", "2014-03-31": "0.31120", "2013-12-31": "0.32200", "2013-09-30": "0.31960", "2013-06-30": "0.31210", "2013-03-31": "0.27850", "2012-12-31": "0.28800", "2012-09-30": "0.30280", "2012-06-30": "", "2012-03-31": "", "2011-12-31": "", "2011-09-30": "", "2011-06-30": "", "2011-03-31": "", "2010-12-31": "", "2010-09-30": "", "2010-06-30": "", "2010-03-31": "0.06660", "2009-12-31": "0.07050", "2009-09-30": "0.07390", "2009-06-30": "0.08040", "2009-03-31": "0.09970", "2008-12-31": "0.10630", "2008-09-30": "0.12720", "2008-06-30": "0.13190", "2008-03-31": "0.14040", "2007-12-31": "0.15040", "2007-09-30": "0.15970", "2007-06-30": "0.13520", "2007-03-31": "0.13740", "2006-12-31": "0.14790", "2006-09-30": "0.15550", "2006-06-30": "0.16660", "2006-03-31": "0.20540", "2005-12-31": "0.22800", "2005-09-30": "0.18090", "2005-06-30": "0.19680", "2005-03-31": "0.20280"}, "Debt/Equity Ratio": {"2020-09-30": "0.52000", "2020-06-30": "0.45700", "2020-03-31": "0.24760", "2019-12-31": "0.25550", "2019-09-30": "0.25220", "2019-06-30": "0.28210", "2019-03-31": "0.31490", "2018-12-31": "0.33050", "2018-09-30": "0.35520", "2018-06-30": "0.37160", "2018-03-31": "0.40720", "2017-12-31": "0.37190", "2017-09-30": "0.36160", "2017-06-30": "0.38860", "2017-03-31": "0.42360", "2016-12-31": "0.45720", "2016-09-30": "0.45900", "2016-06-30": "0.43910", "2016-03-31": "0.47430", "2015-12-31": "0.48080", "2015-09-30": "0.48310", "2015-06-30": "0.47000", "2015-03-31": "0.51420", "2014-12-31": "0.53290", "2014-09-30": "0.52040", "2014-06-30": "0.54500", "2014-03-31": "0.45180", "2013-12-31": "0.47490", "2013-09-30": "0.46980", "2013-06-30": "0.45370", "2013-03-31": "0.38590", "2012-12-31": "0.40460", "2012-09-30": "0.43430", "2012-06-30": "", "2012-03-31": "", "2011-12-31": "", "2011-09-30": "0.00120", "2011-06-30": "0.05530", "2011-03-31": "0.04240", "2010-12-31": "0.05290", "2010-09-30": "0.06000", "2010-06-30": "0.04460", "2010-03-31": "0.10260", "2009-12-31": "0.08420", "2009-09-30": "0.12640", "2009-06-30": "0.15160", "2009-03-31": "0.16350", "2008-12-31": "0.15310", "2008-09-30": "0.21380", "2008-06-30": "0.24230", "2008-03-31": "0.22130", "2007-12-31": "0.25350", "2007-09-30": "0.29900", "2007-06-30": "0.26500", "2007-03-31": "0.22470", "2006-12-31": "0.30960", "2006-09-30": "0.34160", "2006-06-30": "0.37130", "2006-03-31": "0.64180", "2005-12-31": "0.68390", "2005-09-30": "0.35020", "2005-06-30": "0.40570", "2005-03-31": "0.38470"}, "Gross Margin": {"2020-09-30": "22.81230", "2020-06-30": "20.72830", "2020-03-31": "18.18510", "2019-12-31": "21.24430", "2019-09-30": "20.56170", "2019-06-30": "20.82030", "2019-03-31": "20.64040", "2018-12-31": "20.24580", "2018-09-30": "20.50080", "2018-06-30": "20.73000", "2018-03-31": "20.75750", "2017-12-31": "20.81270", "2017-09-30": "21.58070", "2017-06-30": "21.13370", "2017-03-31": "19.65990", "2016-12-31": "19.35950", "2016-09-30": "19.20420", "2016-06-30": "18.86020", "2016-03-31": "19.07880", "2015-12-31": "20.36210", "2015-09-30": "20.72800", "2015-06-30": "20.64750", "2015-03-31": "18.38490", "2014-12-31": "19.38480", "2014-09-30": "20.20590", "2014-06-30": "19.89700", "2014-03-31": "19.24760", "2013-12-31": "19.38060", "2013-09-30": "18.88620", "2013-06-30": "17.38840", "2013-03-31": "18.97690", "2012-12-31": "19.85110", "2012-09-30": "19.31930", "2012-06-30": "18.81110", "2012-03-31": "18.09570", "2011-12-31": "16.80400", "2011-09-30": "19.09520", "2011-06-30": "19.72750", "2011-03-31": "18.77230", "2010-12-31": "19.24030", "2010-09-30": "20.02250", "2010-06-30": "20.01330", "2010-03-31": "20.18670", "2009-12-31": "20.59270", "2009-09-30": "21.79000", "2009-06-30": "20.97610", "2009-03-31": "17.18030", "2008-12-31": "3.77900", "2008-09-30": "14.19060", "2008-06-30": "19.18490", "2008-03-31": "18.13200", "2007-12-31": "14.22760", "2007-09-30": "15.84170", "2007-06-30": "19.34660", "2007-03-31": "21.93390", "2006-12-31": "20.26620", "2006-09-30": "20.26120", "2006-06-30": "25.42960", "2006-03-31": "28.52400", "2005-12-31": "28.79270", "2005-09-30": "29.32110", "2005-06-30": "28.99020", "2005-03-31": "28.72620"}, "Operating Margin": {"2020-09-30": "16.74080", "2020-06-30": "13.53740", "2020-03-31": "10.60710", "2019-12-31": "15.16800", "2019-09-30": "14.30820", "2019-06-30": "13.94370", "2019-03-31": "13.32660", "2018-12-31": "14.22430", "2018-09-30": "13.81480", "2018-06-30": "13.87090", "2018-03-31": "12.89910", "2017-12-31": "14.73480", "2017-09-30": "15.02380", "2017-06-30": "13.91280", "2017-03-31": "10.80560", "2016-12-31": "13.39840", "2016-09-30": "12.39800", "2016-06-30": "10.77190", "2016-03-31": "9.47530", "2015-12-31": "13.68070", "2015-09-30": "13.62550", "2015-06-30": "12.43450", "2015-03-31": "7.12930", "2014-12-31": "11.82740", "2014-09-30": "12.43100", "2014-06-30": "10.39400", "2014-03-31": "6.84090", "2013-12-31": "12.68630", "2013-09-30": "11.54550", "2013-06-30": "8.47170", "2013-03-31": "7.87670", "2012-12-31": "10.75790", "2012-09-30": "9.83690", "2012-06-30": "8.34170", "2012-03-31": "5.19960", "2011-12-31": "6.85480", "2011-09-30": "9.81210", "2011-06-30": "9.18330", "2011-03-31": "4.92340", "2010-12-31": "10.74420", "2010-09-30": "9.71180", "2010-06-30": "12.48850", "2010-03-31": "9.34680", "2009-12-31": "11.65830", "2009-09-30": "14.31790", "2009-06-30": "11.60270", "2009-03-31": "6.03810", "2008-12-31": "-5.42330", "2008-09-30": "6.82450", "2008-06-30": "9.39910", "2008-03-31": "8.62090", "2007-12-31": "7.79780", "2007-09-30": "11.56180", "2007-06-30": "11.47870", "2007-03-31": "12.94430", "2006-12-31": "13.74170", "2006-09-30": "13.90140", "2006-06-30": "18.30550", "2006-03-31": "18.63670", "2005-12-31": "22.33860", "2005-09-30": "22.66190", "2005-06-30": "21.94520", "2005-03-31": "20.76960"}, "EBIT Margin": {"2020-09-30": "16.85250", "2020-06-30": "13.65180", "2020-03-31": "10.76310", "2019-12-31": "15.33040", "2019-09-30": "14.48290", "2019-06-30": "14.09570", "2019-03-31": "13.49460", "2018-12-31": "14.38590", "2018-09-30": "13.99630", "2018-06-30": "14.03400", "2018-03-31": "13.03590", "2017-12-31": "14.88240", "2017-09-30": "15.14080", "2017-06-30": "14.01340", "2017-03-31": "10.93560", "2016-12-31": "13.53870", "2016-09-30": "12.52800", "2016-06-30": "10.87540", "2016-03-31": "9.62160", "2015-12-31": "13.81780", "2015-09-30": "13.76610", "2015-06-30": "12.53930", "2015-03-31": "7.24190", "2014-12-31": "11.94470", "2014-09-30": "12.54520", "2014-06-30": "10.46880", "2014-03-31": "6.98690", "2013-12-31": "12.81390", "2013-09-30": "11.66290", "2013-06-30": "8.57540", "2013-03-31": "8.00070", "2012-12-31": "10.86370", "2012-09-30": "9.95470", "2012-06-30": "8.44760", "2012-03-31": "5.47680", "2011-12-31": "7.11290", "2011-09-30": "10.03670", "2011-06-30": "9.33920", "2011-03-31": "5.14010", "2010-12-31": "10.94250", "2010-09-30": "9.94170", "2010-06-30": "12.64320", "2010-03-31": "9.47490", "2009-12-31": "11.77860", "2009-09-30": "14.42690", "2009-06-30": "11.70040", "2009-03-31": "6.14270", "2008-12-31": "-5.27540", "2008-09-30": "6.92340", "2008-06-30": "9.49000", "2008-03-31": "8.71220", "2007-12-31": "7.90180", "2007-09-30": "11.64530", "2007-06-30": "11.55690", "2007-03-31": "13.06390", "2006-12-31": "13.89340", "2006-09-30": "14.02930", "2006-06-30": "18.40790", "2006-03-31": "18.75780", "2005-12-31": "22.44340", "2005-09-30": "22.77060", "2005-06-30": "22.01310", "2005-03-31": "20.86570"}, "EBITDA Margin": {"2020-09-30": "", "2020-06-30": "", "2020-03-31": "", "2019-12-31": "", "2019-09-30": "", "2019-06-30": "", "2019-03-31": "", "2018-12-31": "", "2018-09-30": "", "2018-06-30": "", "2018-03-31": "", "2017-12-31": "", "2017-09-30": "", "2017-06-30": "", "2017-03-31": "", "2016-12-31": "", "2016-09-30": "", "2016-06-30": "", "2016-03-31": "", "2015-12-31": "", "2015-09-30": "", "2015-06-30": "", "2015-03-31": "", "2014-12-31": "", "2014-09-30": "", "2014-06-30": "", "2014-03-31": "", "2013-12-31": "", "2013-09-30": "", "2013-06-30": "", "2013-03-31": "", "2012-12-31": "", "2012-09-30": "", "2012-06-30": "", "2012-03-31": "", "2011-12-31": "", "2011-09-30": "", "2011-06-30": "", "2011-03-31": "", "2010-12-31": "", "2010-09-30": "", "2010-06-30": "", "2010-03-31": "", "2009-12-31": "", "2009-09-30": "", "2009-06-30": "", "2009-03-31": "", "2008-12-31": "", "2008-09-30": "", "2008-06-30": "", "2008-03-31": "", "2007-12-31": "", "2007-09-30": "", "2007-06-30": "", "2007-03-31": "", "2006-12-31": "", "2006-09-30": "", "2006-06-30": "", "2006-03-31": "", "2005-12-31": "", "2005-09-30": "", "2005-06-30": "", "2005-03-31": ""}, "Pre-Tax Profit Margin": {"2020-09-30": "16.15350", "2020-06-30": "12.94960", "2020-03-31": "10.19730", "2019-12-31": "14.83780", "2019-09-30": "13.97890", "2019-06-30": "13.59370", "2019-03-31": "12.95820", "2018-12-31": "13.90980", "2018-09-30": "13.48030", "2018-06-30": "13.51680", "2018-03-31": "12.48830", "2017-12-31": "14.38710", "2017-09-30": "14.65680", "2017-06-30": "13.52990", "2017-03-31": "10.34860", "2016-12-31": "13.04580", "2016-09-30": "12.03220", "2016-06-30": "10.42510", "2016-03-31": "9.03060", "2015-12-31": "13.32040", "2015-09-30": "13.19190", "2015-06-30": "11.95560", "2015-03-31": "6.51140", "2014-12-31": "11.38700", "2014-09-30": "11.95110", "2014-06-30": "9.87470", "2014-03-31": "6.12680", "2013-12-31": "12.22230", "2013-09-30": "11.06760", "2013-06-30": "7.93960", "2013-03-31": "7.15410", "2012-12-31": "10.17560", "2012-09-30": "9.66340", "2012-06-30": "8.30820", "2012-03-31": "5.15540", "2011-12-31": "6.80500", "2011-09-30": "9.74480", "2011-06-30": "9.10410", "2011-03-31": "4.82700", "2010-12-31": "10.66740", "2010-09-30": "9.59670", "2010-06-30": "12.26110", "2010-03-31": "8.93420", "2009-12-31": "11.33370", "2009-09-30": "13.93580", "2009-06-30": "11.16490", "2009-03-31": "5.48120", "2008-12-31": "-5.79490", "2008-09-30": "6.45300", "2008-06-30": "9.04210", "2008-03-31": "8.24110", "2007-12-31": "7.56500", "2007-09-30": "11.28510", "2007-06-30": "11.21600", "2007-03-31": "12.62650", "2006-12-31": "13.50590", "2006-09-30": "13.65430", "2006-06-30": "17.90110", "2006-03-31": "18.09870", "2005-12-31": "21.97650", "2005-09-30": "22.43020", "2005-06-30": "21.68810", "2005-03-31": "20.44460"}, "Net Profit Margin": {"2020-09-30": "12.88770", "2020-06-30": "10.12580", "2020-03-31": "11.10270", "2019-12-31": "12.87000", "2019-09-30": "11.70890", "2019-06-30": "11.67700", "2019-03-31": "11.16800", "2018-12-31": "11.63960", "2018-09-30": "10.57090", "2018-06-30": "11.36760", "2018-03-31": "10.85700", "2017-12-31": "6.86100", "2017-09-30": "9.71880", "2017-06-30": "9.57450", "2017-03-31": "8.05920", "2016-12-31": "8.60870", "2016-09-30": "7.63490", "2016-06-30": "6.60400", "2016-03-31": "5.70820", "2015-12-31": "8.61610", "2015-09-30": "8.30530", "2015-06-30": "7.50990", "2015-03-31": "4.07810", "2014-12-31": "7.48860", "2014-09-30": "7.49290", "2014-06-30": "6.18640", "2014-03-31": "2.93960", "2013-12-31": "7.87430", "2013-09-30": "6.97540", "2013-06-30": "5.01930", "2013-03-31": "4.54930", "2012-12-31": "6.42410", "2012-09-30": "6.08750", "2012-06-30": "6.08460", "2012-03-31": "3.35110", "2011-12-31": "4.36970", "2011-09-30": "6.13580", "2011-06-30": "5.52470", "2011-03-31": "2.94920", "2010-12-31": "7.23770", "2010-09-30": "6.49900", "2010-06-30": "7.38990", "2010-03-31": "5.43650", "2009-12-31": "8.13070", "2009-09-30": "8.86060", "2009-06-30": "6.62360", "2009-03-31": "3.22020", "2008-12-31": "-3.34630", "2008-09-30": "3.89170", "2008-06-30": "5.37100", "2008-03-31": "4.89520", "2007-12-31": "4.71310", "2007-09-30": "7.05160", "2007-06-30": "6.89220", "2007-03-31": "7.75900", "2006-12-31": "8.30710", "2006-09-30": "8.32570", "2006-06-30": "10.88390", "2006-03-31": "11.00400", "2005-12-31": "13.42040", "2005-09-30": "13.79750", "2005-06-30": "13.12130", "2005-03-31": "12.36900"}, "Asset Turnover": {"2020-09-30": "0.36180", "2020-06-30": "0.34260", "2020-03-31": "0.40710", "2019-12-31": "0.52240", "2019-09-30": "0.49730", "2019-06-30": "0.49960", "2019-03-31": "0.50170", "2018-12-31": "0.63000", "2018-09-30": "0.59950", "2018-06-30": "0.59390", "2018-03-31": "0.53740", "2017-12-31": "0.60760", "2017-09-30": "0.54690", "2017-06-30": "0.52930", "2017-03-31": "0.46570", "2016-12-31": "0.66290", "2016-09-30": "0.57730", "2016-06-30": "0.51440", "2016-03-31": "0.45010", "2015-12-31": "0.61920", "2015-09-30": "0.54550", "2015-06-30": "0.47900", "2015-03-31": "0.40310", "2014-12-31": "0.56480", "2014-09-30": "0.49860", "2014-06-30": "0.46260", "2014-03-31": "0.32130", "2013-12-31": "0.49960", "2013-09-30": "0.47200", "2013-06-30": "0.39900", "2013-03-31": "0.28900", "2012-12-31": "0.36230", "2012-09-30": "0.35100", "2012-06-30": "0.38660", "2012-03-31": "0.32440", "2011-12-31": "0.41660", "2011-09-30": "0.39310", "2011-06-30": "0.31980", "2011-03-31": "0.22610", "2010-12-31": "0.35880", "2010-09-30": "0.30050", "2010-06-30": "0.40880", "2010-03-31": "0.23830", "2009-12-31": "0.31130", "2009-09-30": "0.34280", "2009-06-30": "0.27960", "2009-03-31": "0.26210", "2008-12-31": "0.43270", "2008-09-30": "0.40690", "2008-06-30": "0.41300", "2008-03-31": "0.40190", "2007-12-31": "0.65050", "2007-09-30": "0.57510", "2007-06-30": "0.52600", "2007-03-31": "0.44300", "2006-12-31": "0.65770", "2006-09-30": "0.62820", "2006-06-30": "0.69190", "2006-03-31": "0.51310", "2005-12-31": "0.74100", "2005-09-30": "0.61960", "2005-06-30": "0.60420", "2005-03-31": "0.51690"}, "Inventory Turnover Ratio": {"2020-09-30": "0.87120", "2020-06-30": "0.80150", "2020-03-31": "0.85430", "2019-12-31": "1.16340", "2019-09-30": "1.01460", "2019-06-30": "1.01980", "2019-03-31": "1.04500", "2018-12-31": "1.26940", "2018-09-30": "1.03630", "2018-06-30": "0.98830", "2018-03-31": "0.90150", "2017-12-31": "1.15420", "2017-09-30": "0.95020", "2017-06-30": "0.89240", "2017-03-31": "0.83250", "2016-12-31": "1.29420", "2016-09-30": "0.94350", "2016-06-30": "0.90280", "2016-03-31": "0.73410", "2015-12-31": "1.23060", "2015-09-30": "0.95710", "2015-06-30": "0.90950", "2015-03-31": "0.81890", "2014-12-31": "1.23130", "2014-09-30": "0.94700", "2014-06-30": "0.92680", "2014-03-31": "0.77810", "2013-12-31": "1.35590", "2013-09-30": "1.05160", "2013-06-30": "0.88730", "2013-03-31": "0.74130", "2012-12-31": "1.11540", "2012-09-30": "1.00320", "2012-06-30": "0.89130", "2012-03-31": "0.77360", "2011-12-31": "1.15680", "2011-09-30": "0.98480", "2011-06-30": "1.04380", "2011-03-31": "0.84900", "2010-12-31": "1.51850", "2010-09-30": "0.96170", "2010-06-30": "1.83380", "2010-03-31": "0.94230", "2009-12-31": "1.41440", "2009-09-30": "1.32960", "2009-06-30": "1.07310", "2009-03-31": "1.24860", "2008-12-31": "2.18630", "2008-09-30": "1.09190", "2008-06-30": "1.23450", "2008-03-31": "1.15190", "2007-12-31": "1.77730", "2007-09-30": "1.11030", "2007-06-30": "1.19780", "2007-03-31": "1.06360", "2006-12-31": "1.76850", "2006-09-30": "1.22500", "2006-06-30": "1.28110", "2006-03-31": "0.84220", "2005-12-31": "1.48720", "2005-09-30": "1.05880", "2005-06-30": "1.12090", "2005-03-31": "0.98150"}, "Receiveable Turnover": {"2020-09-30": "92.72690", "2020-06-30": "77.89860", "2020-03-31": "58.41950", "2019-12-31": "108.88470", "2019-09-30": "65.28430", "2019-06-30": "62.19790", "2019-03-31": "55.33360", "2018-12-31": "106.99790", "2018-09-30": "70.26540", "2018-06-30": "59.22350", "2018-03-31": "68.35680", "2017-12-31": "90.69890", "2017-09-30": "81.56890", "2017-06-30": "69.85490", "2017-03-31": "64.25300", "2016-12-31": "92.55770", "2016-09-30": "110.44960", "2016-06-30": "79.48830", "2016-03-31": "82.72660", "2015-12-31": "135.45330", "2015-09-30": "142.37070", "2015-06-30": "77.79030", "2015-03-31": "95.54560", "2014-12-31": "132.52550", "2014-09-30": "104.94250", "2014-06-30": "72.52260", "2014-03-31": "80.68720", "2013-12-31": "130.35490", "2013-09-30": "90.50520", "2013-06-30": "68.13470", "2013-03-31": "52.98950", "2012-12-31": "100.17390", "2012-09-30": "87.29940", "2012-06-30": "80.08560", "2012-03-31": "99.61710", "2011-12-31": "109.18950", "2011-09-30": "97.16740", "2011-06-30": "88.41080", "2011-03-31": "69.73490", "2010-12-31": "116.72500", "2010-09-30": "63.11080", "2010-06-30": "64.25320", "2010-03-31": "72.94700", "2009-12-31": "93.28350", "2009-09-30": "90.29570", "2009-06-30": "67.78270", "2009-03-31": "60.38260", "2008-12-31": "78.50390", "2008-09-30": "89.92830", "2008-06-30": "59.03530", "2008-03-31": "102.98440", "2007-12-31": "131.49670", "2007-09-30": "73.13980", "2007-06-30": "97.71920", "2007-03-31": "89.76020", "2006-12-31": "133.22930", "2006-09-30": "92.67460", "2006-06-30": "91.22300", "2006-03-31": "95.81290", "2005-12-31": "40.88070", "2005-09-30": "71.46690", "2005-06-30": "35.15350", "2005-03-31": "55.69440"}, "Days Sales In Receivables": {"2020-09-30": "0.97060", "2020-06-30": "1.15530", "2020-03-31": "1.54060", "2019-12-31": "0.82660", "2019-09-30": "1.37860", "2019-06-30": "1.44700", "2019-03-31": "1.62650", "2018-12-31": "0.84110", "2018-09-30": "1.28090", "2018-06-30": "1.51970", "2018-03-31": "1.31660", "2017-12-31": "0.99230", "2017-09-30": "1.10340", "2017-06-30": "1.28840", "2017-03-31": "1.40070", "2016-12-31": "0.97240", "2016-09-30": "0.81490", "2016-06-30": "1.13220", "2016-03-31": "1.08790", "2015-12-31": "0.66440", "2015-09-30": "0.63220", "2015-06-30": "1.15700", "2015-03-31": "0.94200", "2014-12-31": "0.67910", "2014-09-30": "0.85760", "2014-06-30": "1.24100", "2014-03-31": "1.11540", "2013-12-31": "0.69040", "2013-09-30": "0.99440", "2013-06-30": "1.32090", "2013-03-31": "1.69840", "2012-12-31": "0.89840", "2012-09-30": "1.03090", "2012-06-30": "1.12380", "2012-03-31": "0.90350", "2011-12-31": "0.82430", "2011-09-30": "0.92620", "2011-06-30": "1.01800", "2011-03-31": "1.29060", "2010-12-31": "0.77100", "2010-09-30": "1.42610", "2010-06-30": "1.40070", "2010-03-31": "1.23380", "2009-12-31": "0.96480", "2009-09-30": "0.99670", "2009-06-30": "1.32780", "2009-03-31": "1.49050", "2008-12-31": "1.14640", "2008-09-30": "1.00080", "2008-06-30": "1.52450", "2008-03-31": "0.87390", "2007-12-31": "0.68440", "2007-09-30": "1.23050", "2007-06-30": "0.92100", "2007-03-31": "1.00270", "2006-12-31": "0.67550", "2006-09-30": "0.97110", "2006-06-30": "0.98660", "2006-03-31": "0.93930", "2005-12-31": "2.20150", "2005-09-30": "1.25930", "2005-06-30": "2.56020", "2005-03-31": "1.61600"}, "ROE - Return On Equity": {"2020-09-30": "8.78610", "2020-06-30": "6.28060", "2020-03-31": "7.26970", "2019-12-31": "10.94020", "2019-09-30": "9.43670", "2019-06-30": "9.91810", "2019-03-31": "9.92250", "2018-12-31": "12.83660", "2018-09-30": "11.63970", "2018-06-30": "12.63860", "2018-03-31": "11.32040", "2017-12-31": "7.76200", "2017-09-30": "9.82030", "2017-06-30": "9.62880", "2017-03-31": "7.30840", "2016-12-31": "11.56750", "2016-09-30": "9.03610", "2016-06-30": "6.75280", "2016-03-31": "5.19740", "2015-12-31": "10.81410", "2015-09-30": "9.38900", "2015-06-30": "7.32580", "2015-03-31": "3.35190", "2014-12-31": "8.84590", "2014-09-30": "7.82980", "2014-06-30": "6.20240", "2014-03-31": "1.79850", "2013-12-31": "7.75450", "2013-09-30": "6.50420", "2013-06-30": "3.83930", "2013-03-31": "2.25770", "2012-12-31": "4.09510", "2012-09-30": "3.84250", "2012-06-30": "3.07780", "2012-03-31": "1.41890", "2011-12-31": "2.35610", "2011-09-30": "3.22500", "2011-06-30": "2.32890", "2011-03-31": "0.83460", "2010-12-31": "3.37270", "2010-09-30": "2.60540", "2010-06-30": "3.92600", "2010-03-31": "1.71710", "2009-12-31": "3.45080", "2009-09-30": "4.31490", "2009-06-30": "2.67510", "2009-03-31": "1.21950", "2008-12-31": "-2.21700", "2008-09-30": "2.66310", "2008-06-30": "3.90070", "2008-03-31": "3.55000", "2007-12-31": "5.95670", "2007-09-30": "8.66030", "2007-06-30": "7.09170", "2007-03-31": "6.75800", "2006-12-31": "11.73250", "2006-09-30": "11.90350", "2006-06-30": "19.03130", "2006-03-31": "17.12900", "2005-12-31": "32.86320", "2005-09-30": "20.92370", "2005-06-30": "20.53540", "2005-03-31": "15.00440"}, "Return On Tangible Equity": {"2020-09-30": "8.93590", "2020-06-30": "6.40050", "2020-03-31": "7.41990", "2019-12-31": "11.17370", "2019-09-30": "9.63550", "2019-06-30": "10.15250", "2019-03-31": "10.18490", "2018-12-31": "13.19350", "2018-09-30": "11.98830", "2018-06-30": "13.03530", "2018-03-31": "11.71110", "2017-12-31": "8.00600", "2017-09-30": "10.13020", "2017-06-30": "13.12670", "2017-03-31": "7.58400", "2016-12-31": "12.01830", "2016-09-30": "9.41190", "2016-06-30": "7.02290", "2016-03-31": "6.43560", "2015-12-31": "11.29640", "2015-09-30": "9.81020", "2015-06-30": "7.64730", "2015-03-31": "3.51470", "2014-12-31": "9.29480", "2014-09-30": "8.21990", "2014-06-30": "6.52900", "2014-03-31": "1.87680", "2013-12-31": "8.11250", "2013-09-30": "6.80550", "2013-06-30": "4.01330", "2013-03-31": "2.34490", "2012-12-31": "4.26250", "2012-09-30": "3.98380", "2012-06-30": "3.18000", "2012-03-31": "1.46960", "2011-12-31": "2.44310", "2011-09-30": "3.34660", "2011-06-30": "2.40000", "2011-03-31": "0.85760", "2010-12-31": "3.47030", "2010-09-30": "2.68320", "2010-06-30": "4.03480", "2010-03-31": "1.76320", "2009-12-31": "3.54960", "2009-09-30": "4.44500", "2009-06-30": "2.76230", "2009-03-31": "1.26140", "2008-12-31": "-2.29890", "2008-09-30": "2.78620", "2008-06-30": "4.08920", "2008-03-31": "3.73510", "2007-12-31": "6.29510", "2007-09-30": "9.19090", "2007-06-30": "7.44530", "2007-03-31": "7.10220", "2006-12-31": "12.38690", "2006-09-30": "12.61020", "2006-06-30": "20.26570", "2006-03-31": "18.59350", "2005-12-31": "36.11590", "2005-09-30": "22.40890", "2005-06-30": "22.16580", "2005-03-31": "16.24640"}, "ROA - Return On Assets": {"2020-09-30": "4.66310", "2020-06-30": "3.46880", "2020-03-31": "4.51970", "2019-12-31": "6.72310", "2019-09-30": "5.82270", "2019-06-30": "5.83390", "2019-03-31": "5.60270", "2018-12-31": "7.33300", "2018-09-30": "6.33750", "2018-06-30": "6.75130", "2018-03-31": "5.83430", "2017-12-31": "4.16890", "2017-09-30": "5.31570", "2017-06-30": "5.06760", "2017-03-31": "3.75320", "2016-12-31": "5.70700", "2016-09-30": "4.40790", "2016-06-30": "3.39740", "2016-03-31": "2.56930", "2015-12-31": "5.33520", "2015-09-30": "4.53070", "2015-06-30": "3.59730", "2015-03-31": "1.64380", "2014-12-31": "4.22960", "2014-09-30": "3.73600", "2014-06-30": "2.86210", "2014-03-31": "0.94460", "2013-12-31": "3.93420", "2013-09-30": "3.29250", "2013-06-30": "2.00260", "2013-03-31": "1.31480", "2012-12-31": "2.32750", "2012-09-30": "2.13650", "2012-06-30": "2.35250", "2012-03-31": "1.08720", "2011-12-31": "1.82030", "2011-09-30": "2.41210", "2011-06-30": "1.76700", "2011-03-31": "0.66680", "2010-12-31": "2.59720", "2010-09-30": "1.95320", "2010-06-30": "3.02090", "2010-03-31": "1.29570", "2009-12-31": "2.53110", "2009-09-30": "3.03720", "2009-06-30": "1.85180", "2009-03-31": "0.84410", "2008-12-31": "-1.44810", "2008-09-30": "1.58360", "2008-06-30": "2.21850", "2008-03-31": "1.96720", "2007-12-31": "3.06570", "2007-09-30": "4.05550", "2007-06-30": "3.62510", "2007-03-31": "3.43690", "2006-12-31": "5.46390", "2006-09-30": "5.23030", "2006-06-30": "7.53030", "2006-03-31": "5.64640", "2005-12-31": "9.94500", "2005-09-30": "8.54840", "2005-06-30": "7.92810", "2005-03-31": "6.39350"}, "ROI - Return On Investment": {"2020-09-30": "5.78020", "2020-06-30": "4.31050", "2020-03-31": "5.82690", "2019-12-31": "8.71350", "2019-09-30": "7.53590", "2019-06-30": "7.73560", "2019-03-31": "7.54650", "2018-12-31": "9.64820", "2018-09-30": "8.58900", "2018-06-30": "9.21450", "2018-03-31": "8.04490", "2017-12-31": "5.65790", "2017-09-30": "7.21230", "2017-06-30": "6.93430", "2017-03-31": "5.13360", "2016-12-31": "7.93790", "2016-09-30": "6.19340", "2016-06-30": "4.69230", "2016-03-31": "3.52520", "2015-12-31": "7.30260", "2015-09-30": "6.33080", "2015-06-30": "4.98350", "2015-03-31": "2.21360", "2014-12-31": "5.77060", "2014-09-30": "5.15000", "2014-06-30": "4.01440", "2014-03-31": "1.23880", "2013-12-31": "5.25750", "2013-09-30": "4.42520", "2013-06-30": "2.64110", "2013-03-31": "1.62900", "2012-12-31": "2.91550", "2012-09-30": "2.67910", "2012-06-30": "3.07780", "2012-03-31": "1.41890", "2011-12-31": "2.35610", "2011-09-30": "3.22500", "2011-06-30": "2.32890", "2011-03-31": "0.83460", "2010-12-31": "3.37270", "2010-09-30": "2.60540", "2010-06-30": "3.92600", "2010-03-31": "1.60270", "2009-12-31": "3.20730", "2009-09-30": "3.99610", "2009-06-30": "2.46000", "2009-03-31": "1.09800", "2008-12-31": "-1.98140", "2008-09-30": "2.32440", "2008-06-30": "3.38610", "2008-03-31": "3.05160", "2007-12-31": "5.06060", "2007-09-30": "7.27690", "2007-06-30": "6.13310", "2007-03-31": "5.82910", "2006-12-31": "9.99700", "2006-09-30": "10.05300", "2006-06-30": "15.85990", "2006-03-31": "13.61130", "2005-12-31": "25.37010", "2005-09-30": "17.13800", "2005-06-30": "16.49460", "2005-03-31": "11.96080"}, "Book Value Per Share": {"2020-09-30": "785.09760", "2020-06-30": "708.16270", "2020-03-31": "657.84400", "2019-12-31": "644.43820", "2019-09-30": "641.28100", "2019-06-30": "581.78400", "2019-03-31": "528.75960", "2018-12-31": "505.46730", "2018-09-30": "467.96000", "2018-06-30": "443.10120", "2018-03-31": "405.30760", "2017-12-31": "434.97480", "2017-09-30": "441.82980", "2017-06-30": "409.75910", "2017-03-31": "376.94860", "2016-12-31": "353.21990", "2016-09-30": "342.87120", "2016-06-30": "348.28140", "2016-03-31": "322.66640", "2015-12-31": "318.46950", "2015-09-30": "311.52440", "2015-06-30": "313.31560", "2015-03-31": "286.79230", "2014-12-31": "277.66240", "2014-09-30": "276.31250", "2014-06-30": "260.91030", "2014-03-31": "295.14400", "2013-12-31": "284.47270", "2013-09-30": "280.42530", "2013-06-30": "280.91050", "2013-03-31": "310.60480", "2012-12-31": "301.27740", "2012-09-30": "282.93500", "2012-06-30": "296.18990", "2012-03-31": "279.95280", "2011-12-31": "276.17500", "2011-09-30": "268.45210", "2011-06-30": "295.89460", "2011-03-31": "309.90300", "2010-12-31": "307.26940", "2010-09-30": "299.53440", "2010-06-30": "306.40770", "2010-03-31": "303.90700", "2009-12-31": "295.33820", "2009-09-30": "282.02920", "2009-06-30": "266.90830", "2009-03-31": "257.59190", "2008-12-31": "248.33490", "2008-09-30": "251.73790", "2008-06-30": "242.61670", "2008-03-31": "232.15360", "2007-12-31": "219.80830", "2007-09-30": "204.84380", "2007-06-30": "228.17760", "2007-03-31": "233.56000", "2006-12-31": "208.78470", "2006-09-30": "192.47400", "2006-06-30": "173.91880", "2006-03-31": "136.22020", "2005-12-31": "159.33220", "2005-09-30": "145.07270", "2005-06-30": "128.66670", "2005-03-31": "120.78850"}, "Operating Cash Flow Per Share": {"2020-09-30": 51.0745, "2020-06-30": 78.4903, "2020-03-31": "17.51310", "2019-12-31": 90.3638, "2019-09-30": 51.304, "2019-06-30": 18.8263, "2019-03-31": "57.61190", "2018-12-31": 55.4608, "2018-09-30": 80.346, "2018-06-30": 22.4201, "2018-03-31": "18.49010", "2017-12-31": 55.7828, "2017-09-30": 36.3244, "2017-06-30": 15.9856, "2017-03-31": "26.42470", "2016-12-31": 70.9241, "2016-09-30": 21.8147, "2016-06-30": 12.6903, "2016-03-31": "-9.67180", "2015-12-31": 49.6519, "2015-09-30": 13.1083, "2015-06-30": -9.1027, "2015-03-31": "-0.37850", "2014-12-31": 51.2264, "2014-09-30": -5.8146, "2014-06-30": -0.3829, "2014-03-31": "-3.41690", "2013-12-31": 36.7999, "2013-09-30": 36.8344, "2013-06-30": -2.8093, "2013-03-31": "-15.24660", "2012-12-31": 16.6446, "2012-09-30": 20.9066, "2012-06-30": -3.7423, "2012-03-31": "17.60770", "2011-12-31": 1.1027, "2011-09-30": 3.4116, "2011-06-30": -2.7537, "2011-03-31": "-1.50050", "2010-12-31": 23.2247, "2010-09-30": -3.8882, "2010-06-30": 8.1137, "2010-03-31": "-18.46590", "2009-12-31": 20.3462, "2009-09-30": 22.622, "2009-06-30": -3.8763, "2009-03-31": "0.20590", "2008-12-31": 41.9822, "2008-09-30": 19.119, "2008-06-30": 4.1925, "2008-03-31": "12.80780", "2007-12-31": 60.29, "2007-09-30": 12.409, "2007-06-30": 6.8052, "2007-03-31": "11.08690", "2006-12-31": 64.0508, "2006-09-30": 19.6025, "2006-06-30": 26.4072, "2006-03-31": "-7.69790", "2005-12-31": 31.5149, "2005-09-30": 14.2886, "2005-06-30": 16.9123, "2005-03-31": "5.72870"}, "Free Cash Flow Per Share": {"2020-09-30": 50.1253, "2020-06-30": 77.3121, "2020-03-31": "16.67940", "2019-12-31": 88.9383, "2019-09-30": 49.9192, "2019-06-30": 17.6078, "2019-03-31": "56.39800", "2018-12-31": 54.4328, "2018-09-30": 79.0064, "2018-06-30": 20.9807, "2018-03-31": "17.79860", "2017-12-31": 54.7222, "2017-09-30": 35.0204, "2017-06-30": 14.986, "2017-03-31": "25.20820", "2016-12-31": 69.5504, "2016-09-30": 20.7011, "2016-06-30": 11.236, "2016-03-31": "-10.93710", "2015-12-31": 48.5412, "2015-09-30": 12.0191, "2015-06-30": -9.9149, "2015-03-31": "-1.50130", "2014-12-31": 50.447, "2014-09-30": -7.3987, "2014-06-30": -3.7854, "2014-03-31": "-4.56210", "2013-12-31": 35.9291, "2013-09-30": 35.481, "2013-06-30": -3.7195, "2013-03-31": "-15.89850", "2012-12-31": 16.2532, "2012-09-30": 20.054, "2012-06-30": -4.3099, "2012-03-31": "17.07660", "2011-12-31": 0.6828, "2011-09-30": 3.0995, "2011-06-30": -3.8233, "2011-03-31": "-1.64040", "2010-12-31": 22.8372, "2010-09-30": -4.106, "2010-06-30": 7.8187, "2010-03-31": "-18.58560", "2009-12-31": 20.135, "2009-09-30": 22.4957, "2009-06-30": -3.885, "2009-03-31": "0.21350", "2008-12-31": 41.9047, "2008-09-30": 18.8993, "2008-06-30": 3.8962, "2008-03-31": "12.47260", "2007-12-31": 59.9506, "2007-09-30": 11.8734, "2007-06-30": 6.414, "2007-03-31": "10.84290", "2006-12-31": 63.0985, "2006-09-30": 18.6359, "2006-06-30": 25.6513, "2006-03-31": "-8.41010", "2005-12-31": 30.9285, "2005-09-30": 13.999, "2005-06-30": 16.1727, "2005-03-31": "5.46450"}}, "revenue": {"NVR Annual Revenue (Millions of US $)": {"2020": "$7,537", "2019": "$7,389", "2018": "$7,164", "2017": "$6,306", "2016": "$5,823", "2015": "$5,159", "2014": "$4,445", "2013": "$4,211", "2012": "$3,185", "2011": "$2,659", "2010": "$3,042", "2009": "$2,744", "2008": "$3,693", "2007": "$5,129", "2006": "$6,134", "2005": "$5,262"}, "NVR Quarterly Revenue (Millions of US $)": {"2020-12-31": "$2,344", "2020-09-30": "$1,990", "2020-06-30": "$1,620", "2020-03-31": "$1,583", "2019-12-31": "$1,990", "2019-09-30": "$1,911", "2019-06-30": "$1,800", "2019-03-31": "$1,687", "2018-12-31": "$1,995", "2018-09-30": "$1,852", "2018-06-30": "$1,787", "2018-03-31": "$1,529", "2017-12-31": "$1,816", "2017-09-30": "$1,668", "2017-06-30": "$1,544", "2017-03-31": "$1,277", "2016-12-31": "$1,753", "2016-09-30": "$1,538", "2016-06-30": "$1,388", "2016-03-31": "$1,144", "2015-12-31": "$1,555", "2015-09-30": "$1,402", "2015-06-30": "$1,244", "2015-03-31": "$958", "2014-12-31": "$1,328", "2014-09-30": "$1,203", "2014-06-30": "$1,102", "2014-03-31": "$811", "2013-12-31": "$1,242", "2013-09-30": "$1,189", "2013-06-30": "$1,010", "2013-03-31": "$770", "2012-12-31": "$944", "2012-09-30": "$871", "2012-06-30": "$770", "2012-03-31": "$600", "2011-12-31": "$741", "2011-09-30": "$707", "2011-06-30": "$696", "2011-03-31": "$515", "2010-12-31": "$811", "2010-09-30": "$676", "2010-06-30": "$965", "2010-03-31": "$590", "2009-12-31": "$746", "2009-09-30": "$814", "2009-06-30": "$625", "2009-03-31": "$559", "2008-12-31": "$910", "2008-09-30": "$939", "2008-06-30": "$956", "2008-03-31": "$888", "2007-12-31": "$1,427", "2007-09-30": "$1,292", "2007-06-30": "$1,317", "2007-03-31": "$1,093", "2006-12-31": "$1,627", "2006-09-30": "$1,553", "2006-06-30": "$1,749", "2006-03-31": "$1,205", "2005-12-31": "$1,658", "2005-09-30": "$1,373", "2005-06-30": "$1,278", "2005-03-31": "$953"}}, "gross-profit": {"NVR Annual Gross Profit (Millions of US $)": {"2020": "$1,600", "2019": "$1,539", "2018": "$1,472", "2017": "$1,315", "2016": "$1,115", "2015": "$1,040", "2014": "$876", "2013": "$787", "2012": "$609", "2011": "$494", "2010": "$604", "2009": "$558", "2008": "$512", "2007": "$902", "2006": "$1,433", "2005": "$1,524"}, "NVR Quarterly Gross Profit (Millions of US $)": {"2020-12-31": "$522", "2020-09-30": "$454", "2020-06-30": "$336", "2020-03-31": "$288", "2019-12-31": "$423", "2019-09-30": "$393", "2019-06-30": "$375", "2019-03-31": "$348", "2018-12-31": "$404", "2018-09-30": "$380", "2018-06-30": "$371", "2018-03-31": "$317", "2017-12-31": "$378", "2017-09-30": "$360", "2017-06-30": "$326", "2017-03-31": "$251", "2016-12-31": "$339", "2016-09-30": "$295", "2016-06-30": "$262", "2016-03-31": "$218", "2015-12-31": "$317", "2015-09-30": "$291", "2015-06-30": "$257", "2015-03-31": "$176", "2014-12-31": "$257", "2014-09-30": "$243", "2014-06-30": "$219", "2014-03-31": "$156", "2013-12-31": "$241", "2013-09-30": "$225", "2013-06-30": "$176", "2013-03-31": "$146", "2012-12-31": "$187", "2012-09-30": "$168", "2012-06-30": "$145", "2012-03-31": "$109", "2011-12-31": "$125", "2011-09-30": "$135", "2011-06-30": "$137", "2011-03-31": "$97", "2010-12-31": "$156", "2010-09-30": "$135", "2010-06-30": "$193", "2010-03-31": "$119", "2009-12-31": "$154", "2009-09-30": "$177", "2009-06-30": "$131", "2009-03-31": "$96", "2008-12-31": "$34", "2008-09-30": "$133", "2008-06-30": "$183", "2008-03-31": "$161", "2007-12-31": "$203", "2007-09-30": "$205", "2007-06-30": "$255", "2007-03-31": "$240", "2006-12-31": "$330", "2006-09-30": "$315", "2006-06-30": "$445", "2006-03-31": "$344", "2005-12-31": "$477", "2005-09-30": "$403", "2005-06-30": "$370", "2005-03-31": "$274"}}, "operating-income": {"NVR Annual Operating Income (Millions of US $)": {"2020": "$1,119", "2019": "$1,051", "2018": "$985", "2017": "$871", "2016": "$683", "2015": "$627", "2014": "$477", "2013": "$441", "2012": "$283", "2011": "$209", "2010": "$328", "2009": "$310", "2008": "$181", "2007": "$553", "2006": "$984", "2005": "$1,160"}, "NVR Quarterly Operating Income (Millions of US $)": {"2020-12-31": "$399", "2020-09-30": "$333", "2020-06-30": "$219", "2020-03-31": "$168", "2019-12-31": "$302", "2019-09-30": "$273", "2019-06-30": "$251", "2019-03-31": "$225", "2018-12-31": "$284", "2018-09-30": "$256", "2018-06-30": "$248", "2018-03-31": "$197", "2017-12-31": "$268", "2017-09-30": "$251", "2017-06-30": "$215", "2017-03-31": "$138", "2016-12-31": "$235", "2016-09-30": "$191", "2016-06-30": "$150", "2016-03-31": "$108", "2015-12-31": "$213", "2015-09-30": "$191", "2015-06-30": "$155", "2015-03-31": "$68", "2014-12-31": "$157", "2014-09-30": "$150", "2014-06-30": "$115", "2014-03-31": "$56", "2013-12-31": "$158", "2013-09-30": "$137", "2013-06-30": "$86", "2013-03-31": "$61", "2012-12-31": "$102", "2012-09-30": "$86", "2012-06-30": "$64", "2012-03-31": "$31", "2011-12-31": "$51", "2011-09-30": "$69", "2011-06-30": "$64", "2011-03-31": "$25", "2010-12-31": "$87", "2010-09-30": "$66", "2010-06-30": "$120", "2010-03-31": "$55", "2009-12-31": "$87", "2009-09-30": "$117", "2009-06-30": "$73", "2009-03-31": "$34", "2008-12-31": "$-49", "2008-09-30": "$64", "2008-06-30": "$90", "2008-03-31": "$77", "2007-12-31": "$111", "2007-09-30": "$149", "2007-06-30": "$151", "2007-03-31": "$142", "2006-12-31": "$224", "2006-09-30": "$216", "2006-06-30": "$320", "2006-03-31": "$225", "2005-12-31": "$370", "2005-09-30": "$311", "2005-06-30": "$280", "2005-03-31": "$198"}}, "ebitda": {"NVR Annual EBITDA (Millions of US $)": {"2019": "$1,084", "2018": "$1,017", "2017": "$902", "2016": "$713", "2015": "$655", "2014": "$499", "2013": "$459", "2012": "$295", "2011": "$222", "2010": "$341", "2009": "$322", "2008": "$210", "2007": "$575", "2006": "$1,006", "2005": "$1,176"}, "NVR Quarterly EBITDA (Millions of US $)": {"2020-09-30": "$341", "2020-06-30": "$227", "2020-03-31": "$176", "2019-12-31": "$311", "2019-09-30": "$282", "2019-06-30": "$259", "2019-03-31": "$233", "2018-12-31": "$292", "2018-09-30": "$264", "2018-06-30": "$256", "2018-03-31": "$204", "2017-12-31": "$276", "2017-09-30": "$258", "2017-06-30": "$222", "2017-03-31": "$145", "2016-12-31": "$243", "2016-09-30": "$198", "2016-06-30": "$156", "2016-03-31": "$116", "2015-12-31": "$220", "2015-09-30": "$198", "2015-06-30": "$161", "2015-03-31": "$75", "2014-12-31": "$164", "2014-09-30": "$156", "2014-06-30": "$120", "2014-03-31": "$60", "2013-12-31": "$163", "2013-09-30": "$142", "2013-06-30": "$90", "2013-03-31": "$64", "2012-12-31": "$105", "2012-09-30": "$89", "2012-06-30": "$67", "2012-03-31": "$35", "2011-12-31": "$54", "2011-09-30": "$73", "2011-06-30": "$67", "2011-03-31": "$28", "2010-12-31": "$90", "2010-09-30": "$69", "2010-06-30": "$124", "2010-03-31": "$58", "2009-12-31": "$90", "2009-09-30": "$120", "2009-06-30": "$76", "2009-03-31": "$37", "2008-12-31": "$-33", "2008-09-30": "$68", "2008-06-30": "$94", "2008-03-31": "$81", "2007-12-31": "$117", "2007-09-30": "$155", "2007-06-30": "$156", "2007-03-31": "$147", "2006-12-31": "$230", "2006-09-30": "$222", "2006-06-30": "$325", "2006-03-31": "$229", "2005-12-31": "$375", "2005-09-30": "$315", "2005-06-30": "$284", "2005-03-31": "$201"}}, "net-income": {"NVR Annual Net Income (Millions of US $)": {"2020": "$901", "2019": "$879", "2018": "$797", "2017": "$538", "2016": "$425", "2015": "$383", "2014": "$282", "2013": "$266", "2012": "$181", "2011": "$129", "2010": "$206", "2009": "$192", "2008": "$101", "2007": "$334", "2006": "$587", "2005": "$698"}, "NVR Quarterly Net Income (Millions of US $)": {"2020-12-31": "$305", "2020-09-30": "$256", "2020-06-30": "$164", "2020-03-31": "$176", "2019-12-31": "$256", "2019-09-30": "$224", "2019-06-30": "$210", "2019-03-31": "$188", "2018-12-31": "$232", "2018-09-30": "$196", "2018-06-30": "$203", "2018-03-31": "$166", "2017-12-31": "$125", "2017-09-30": "$162", "2017-06-30": "$148", "2017-03-31": "$103", "2016-12-31": "$151", "2016-09-30": "$117", "2016-06-30": "$92", "2016-03-31": "$65", "2015-12-31": "$134", "2015-09-30": "$116", "2015-06-30": "$93", "2015-03-31": "$39", "2014-12-31": "$99", "2014-09-30": "$90", "2014-06-30": "$68", "2014-03-31": "$24", "2013-12-31": "$98", "2013-09-30": "$83", "2013-06-30": "$51", "2013-03-31": "$35", "2012-12-31": "$61", "2012-09-30": "$53", "2012-06-30": "$47", "2012-03-31": "$20", "2011-12-31": "$32", "2011-09-30": "$43", "2011-06-30": "$38", "2011-03-31": "$15", "2010-12-31": "$59", "2010-09-30": "$44", "2010-06-30": "$71", "2010-03-31": "$32", "2009-12-31": "$61", "2009-09-30": "$72", "2009-06-30": "$41", "2009-03-31": "$18", "2008-12-31": "$-30", "2008-09-30": "$37", "2008-06-30": "$51", "2008-03-31": "$43", "2007-12-31": "$67", "2007-09-30": "$91", "2007-06-30": "$91", "2007-03-31": "$85", "2006-12-31": "$135", "2006-09-30": "$129", "2006-06-30": "$190", "2006-03-31": "$133", "2005-12-31": "$223", "2005-09-30": "$189", "2005-06-30": "$168", "2005-03-31": "$118"}}, "eps-earnings-per-share-diluted": {"NVR Annual EPS": {"2020": "$230.11", "2019": "$221.13", "2018": "$194.80", "2017": "$126.77", "2016": "$103.61", "2015": "$89.99", "2014": "$63.50", "2013": "$54.81", "2012": "$35.12", "2011": "$23.01", "2010": "$33.42", "2009": "$31.26", "2008": "$17.04", "2007": "$54.14", "2006": "$88.05", "2005": "$89.61"}, "NVR Quarterly EPS": {"2020-12-31": "$76.93", "2020-09-30": "$65.11", "2020-06-30": "$42.50", "2020-03-31": "$44.96", "2019-12-31": "$64.29", "2019-09-30": "$56.11", "2019-06-30": "$53.09", "2019-03-31": "$47.64", "2018-12-31": "$58.13", "2018-09-30": "$48.28", "2018-06-30": "$49.05", "2018-03-31": "$39.34", "2017-12-31": "$28.44", "2017-09-30": "$38.02", "2017-06-30": "$35.19", "2017-03-31": "$25.12", "2016-12-31": "$37.35", "2016-09-30": "$28.46", "2016-06-30": "$22.01", "2016-03-31": "$15.79", "2015-12-31": "$31.75", "2015-09-30": "$27.11", "2015-06-30": "$21.91", "2015-03-31": "$9.22", "2014-12-31": "$22.47", "2014-09-30": "$20.70", "2014-06-30": "$15.17", "2014-03-31": "$5.16", "2013-12-31": "$20.19", "2013-09-30": "$17.67", "2013-06-30": "$10.11", "2013-03-31": "$6.84", "2012-12-31": "$11.92", "2012-09-30": "$10.33", "2012-06-30": "$8.97", "2012-03-31": "$3.90", "2011-12-31": "$6.03", "2011-09-30": "$7.98", "2011-06-30": "$6.48", "2011-03-31": "$2.52", "2010-12-31": "$9.97", "2010-09-30": "$7.31", "2010-06-30": "$11.13", "2010-03-31": "$5.01", "2009-12-31": "$9.86", "2009-09-30": "$11.59", "2009-06-30": "$6.79", "2009-03-31": "$3.02", "2008-12-31": "$-5.14", "2008-09-30": "$6.12", "2008-06-30": "$8.64", "2008-03-31": "$7.42", "2007-12-31": "$11.78", "2007-09-30": "$15.26", "2007-06-30": "$14.14", "2007-03-31": "$12.96", "2006-12-31": "$20.86", "2006-09-30": "$19.63", "2006-06-30": "$28.08", "2006-03-31": "$19.48", "2005-12-31": "$29.48", "2005-09-30": "$24.33", "2005-06-30": "$21.42", "2005-03-31": "$14.38"}}, "shares-outstanding": {"NVR Annual Shares Outstanding (Millions of Shares)": {"2020": "4", "2019": "4", "2018": "4", "2017": "4", "2016": "4", "2015": "4", "2014": "4", "2013": "5", "2012": "5", "2011": "6", "2010": "6", "2009": "6", "2008": "6", "2007": "6", "2006": "7", "2005": "8"}, "NVR Quarterly Shares Outstanding (Millions of Shares)": {"2020-12-31": "4", "2020-09-30": "4", "2020-06-30": "4", "2020-03-31": "4", "2019-12-31": "4", "2019-09-30": "4", "2019-06-30": "4", "2019-03-31": "4", "2018-12-31": "4", "2018-09-30": "4", "2018-06-30": "4", "2018-03-31": "4", "2017-12-31": "4", "2017-09-30": "4", "2017-06-30": "4", "2017-03-31": "4", "2016-12-31": "4", "2016-09-30": "4", "2016-06-30": "4", "2016-03-31": "4", "2015-12-31": "4", "2015-09-30": "4", "2015-06-30": "4", "2015-03-31": "4", "2014-12-31": "4", "2014-09-30": "4", "2014-06-30": "4", "2014-03-31": "5", "2013-12-31": "5", "2013-09-30": "5", "2013-06-30": "5", "2013-03-31": "5", "2012-12-31": "5", "2012-09-30": "5", "2012-06-30": "5", "2012-03-31": "5", "2011-12-31": "6", "2011-09-30": "5", "2011-06-30": "6", "2011-03-31": "6", "2010-12-31": "6", "2010-09-30": "6", "2010-06-30": "6", "2010-03-31": "6", "2009-12-31": "6", "2009-09-30": "6", "2009-06-30": "6", "2009-03-31": "6", "2008-12-31": "6", "2008-09-30": "6", "2008-06-30": "6", "2008-03-31": "6", "2007-12-31": "6", "2007-09-30": "6", "2007-06-30": "6", "2007-03-31": "7", "2006-12-31": "7", "2006-09-30": "7", "2006-06-30": "7", "2006-03-31": "7", "2005-12-31": "8", "2005-09-30": "8", "2005-06-30": "8", "2005-03-31": "8"}}, "total-assets": {"NVR Annual Total Assets (Millions of US $)": {"2019": "$3,810", "2018": "$3,166", "2017": "$2,989", "2016": "$2,644", "2015": "$2,512", "2014": "$2,351", "2013": "$2,486", "2012": "$2,605", "2011": "$1,779", "2010": "$2,260", "2009": "$2,396", "2008": "$2,103", "2007": "$2,194", "2006": "$2,474", "2005": "$2,238"}, "NVR Quarterly Total Assets (Millions of US $)": {"2020-09-30": "$5,500", "2020-06-30": "$4,730", "2020-03-31": "$3,888", "2019-12-31": "$3,810", "2019-09-30": "$3,843", "2019-06-30": "$3,603", "2019-03-31": "$3,363", "2018-12-31": "$3,166", "2018-09-30": "$3,090", "2018-06-30": "$3,009", "2018-03-31": "$2,846", "2017-12-31": "$2,989", "2017-09-30": "$3,050", "2017-06-30": "$2,918", "2017-03-31": "$2,742", "2016-12-31": "$2,644", "2016-09-30": "$2,663", "2016-06-30": "$2,698", "2016-03-31": "$2,542", "2015-12-31": "$2,512", "2015-09-30": "$2,571", "2015-06-30": "$2,596", "2015-03-31": "$2,376", "2014-12-31": "$2,351", "2014-09-30": "$2,413", "2014-06-30": "$2,382", "2014-03-31": "$2,525", "2013-12-31": "$2,486", "2013-09-30": "$2,519", "2013-06-30": "$2,531", "2013-03-31": "$2,665", "2012-12-31": "$2,605", "2012-09-30": "$2,481", "2012-06-30": "$1,991", "2012-03-31": "$1,851", "2011-12-31": "$1,779", "2011-09-30": "$1,800", "2011-06-30": "$2,176", "2011-03-31": "$2,276", "2010-12-31": "$2,260", "2010-09-30": "$2,250", "2010-06-30": "$2,359", "2010-03-31": "$2,476", "2009-12-31": "$2,396", "2009-09-30": "$2,375", "2009-06-30": "$2,237", "2009-03-31": "$2,131", "2008-12-31": "$2,103", "2008-09-30": "$2,308", "2008-06-30": "$2,314", "2008-03-31": "$2,210", "2007-12-31": "$2,194", "2007-09-30": "$2,247", "2007-06-30": "$2,503", "2007-03-31": "$2,468", "2006-12-31": "$2,474", "2006-09-30": "$2,473", "2006-06-30": "$2,528", "2006-03-31": "$2,348", "2005-12-31": "$2,238", "2005-09-30": "$2,216", "2005-06-30": "$2,115", "2005-03-31": "$1,845"}}, "cash-on-hand": {"NVR Annual Cash on Hand (Millions of US $)": {"2019": "$1,653", "2018": "$1,190", "2017": "$1,041", "2016": "$767", "2015": "$769", "2014": "$751", "2013": "$1,076", "2012": "$1,342", "2011": "$733", "2010": "$1,371", "2009": "$1,510", "2008": "$1,220", "2007": "$772", "2006": "$735", "2005": "$371"}, "NVR Quarterly Cash on Hand (Millions of US $)": {"2020-09-30": "$2,933", "2020-06-30": "$2,353", "2020-03-31": "$1,549", "2019-12-31": "$1,653", "2019-09-30": "$1,527", "2019-06-30": "$1,369", "2019-03-31": "$1,263", "2018-12-31": "$1,190", "2018-09-30": "$955", "2018-06-30": "$857", "2018-03-31": "$794", "2017-12-31": "$1,041", "2017-09-30": "$901", "2017-06-30": "$788", "2017-03-31": "$723", "2016-12-31": "$767", "2016-09-30": "$553", "2016-06-30": "$638", "2016-03-31": "$318", "2015-12-31": "$769", "2015-09-30": "$646", "2015-06-30": "$761", "2015-03-31": "$686", "2014-12-31": "$751", "2014-09-30": "$662", "2014-06-30": "$722", "2014-03-31": "$1,002", "2013-12-31": "$1,076", "2013-09-30": "$966", "2013-06-30": "$954", "2013-03-31": "$1,215", "2012-12-31": "$1,342", "2012-09-30": "$1,206", "2012-06-30": "$743", "2012-03-31": "$688", "2011-12-31": "$733", "2011-09-30": "$689", "2011-06-30": "$1,111", "2011-03-31": "$1,326", "2010-12-31": "$1,371", "2010-09-30": "$1,251", "2010-06-30": "$1,510", "2010-03-31": "$1,551", "2009-12-31": "$1,510", "2009-09-30": "$1,485", "2009-06-30": "$1,365", "2009-03-31": "$1,352", "2008-12-31": "$1,220", "2008-09-30": "$1,079", "2008-06-30": "$1,003", "2008-03-31": "$860", "2007-12-31": "$772", "2007-09-30": "$455", "2007-06-30": "$733", "2007-03-31": "$659", "2006-12-31": "$735", "2006-09-30": "$442", "2006-06-30": "$376", "2006-03-31": "$237", "2005-12-31": "$371", "2005-09-30": "$389", "2005-06-30": "$419", "2005-03-31": "$368"}}, "long-term-debt": {"NVR Annual Long Term Debt (Millions of US $)": {"2019": "$598", "2018": "$598", "2017": "$597", "2016": "$596", "2015": "$596", "2014": "$599", "2013": "$599", "2012": "$599", "2011": "$", "2010": "$", "2009": "$133", "2008": "$163", "2007": "$200", "2006": "$200", "2005": "$200"}, "NVR Quarterly Long Term Debt (Millions of US $)": {"2020-09-30": "$1,518", "2020-06-30": "$1,194", "2020-03-31": "$598", "2019-12-31": "$598", "2019-09-30": "$598", "2019-06-30": "$598", "2019-03-31": "$598", "2018-12-31": "$598", "2018-09-30": "$598", "2018-06-30": "$597", "2018-03-31": "$597", "2017-12-31": "$597", "2017-09-30": "$597", "2017-06-30": "$597", "2017-03-31": "$597", "2016-12-31": "$596", "2016-09-30": "$596", "2016-06-30": "$596", "2016-03-31": "$596", "2015-12-31": "$596", "2015-09-30": "$599", "2015-06-30": "$599", "2015-03-31": "$599", "2014-12-31": "$599", "2014-09-30": "$599", "2014-06-30": "$599", "2014-03-31": "$599", "2013-12-31": "$599", "2013-09-30": "$599", "2013-06-30": "$599", "2013-03-31": "$599", "2012-12-31": "$599", "2012-09-30": "$599", "2012-06-30": "", "2012-03-31": "", "2011-12-31": "", "2011-09-30": "", "2011-06-30": "", "2011-03-31": "", "2010-12-31": "", "2010-09-30": "", "2010-06-30": "", "2010-03-31": "$133", "2009-12-31": "$133", "2009-09-30": "$133", "2009-06-30": "$135", "2009-03-31": "$163", "2008-12-31": "$163", "2008-09-30": "$200", "2008-06-30": "$200", "2008-03-31": "$200", "2007-12-31": "$200", "2007-09-30": "$200", "2007-06-30": "$200", "2007-03-31": "$200", "2006-12-31": "$200", "2006-09-30": "$200", "2006-06-30": "$200", "2006-03-31": "$200", "2005-12-31": "$200", "2005-09-30": "$200", "2005-06-30": "$200", "2005-03-31": "$200"}}, "total-liabilities": {"NVR Annual Total Liabilities (Millions of US $)": {"2019": "$1,469", "2018": "$1,357", "2017": "$1,384", "2016": "$1,340", "2015": "$1,273", "2014": "$1,227", "2013": "$1,225", "2012": "$1,124", "2011": "$405", "2010": "$520", "2009": "$639", "2008": "$729", "2007": "$1,065", "2006": "$1,322", "2005": "$1,561"}, "NVR Quarterly Total Liabilities (Millions of US $)": {"2020-09-30": "$2,581", "2020-06-30": "$2,118", "2020-03-31": "$1,471", "2019-12-31": "$1,469", "2019-09-30": "$1,472", "2019-06-30": "$1,484", "2019-03-31": "$1,464", "2018-12-31": "$1,357", "2018-09-30": "$1,408", "2018-06-30": "$1,402", "2018-03-31": "$1,379", "2017-12-31": "$1,384", "2017-09-30": "$1,399", "2017-06-30": "$1,382", "2017-03-31": "$1,334", "2016-12-31": "$1,340", "2016-09-30": "$1,364", "2016-06-30": "$1,341", "2016-03-31": "$1,285", "2015-12-31": "$1,273", "2015-09-30": "$1,330", "2015-06-30": "$1,321", "2015-03-31": "$1,211", "2014-12-31": "$1,227", "2014-09-30": "$1,262", "2014-06-30": "$1,283", "2014-03-31": "$1,199", "2013-12-31": "$1,225", "2013-09-30": "$1,244", "2013-06-30": "$1,211", "2013-03-31": "$1,113", "2012-12-31": "$1,124", "2012-09-30": "$1,101", "2012-06-30": "$469", "2012-03-31": "$433", "2011-12-31": "$405", "2011-09-30": "$454", "2011-06-30": "$525", "2011-03-31": "$458", "2010-12-31": "$520", "2010-09-30": "$563", "2010-06-30": "$544", "2010-03-31": "$608", "2009-12-31": "$639", "2009-09-30": "$703", "2009-06-30": "$688", "2009-03-31": "$656", "2008-12-31": "$729", "2008-09-30": "$936", "2008-06-30": "$998", "2008-03-31": "$985", "2007-12-31": "$1,065", "2007-09-30": "$1,195", "2007-06-30": "$1,224", "2007-03-31": "$1,213", "2006-12-31": "$1,322", "2006-09-30": "$1,386", "2006-06-30": "$1,528", "2006-03-31": "$1,574", "2005-12-31": "$1,561", "2005-09-30": "$1,311", "2005-06-30": "$1,298", "2005-03-31": "$1,059"}}, "total-share-holder-equity": {"NVR Annual Share Holder Equity (Millions of US $)": {"2019": "$2,341", "2018": "$1,809", "2017": "$1,605", "2016": "$1,304", "2015": "$1,239", "2014": "$1,124", "2013": "$1,261", "2012": "$1,480", "2011": "$1,375", "2010": "$1,740", "2009": "$1,757", "2008": "$1,374", "2007": "$1,129", "2006": "$1,152", "2005": "$677"}, "NVR Quarterly Share Holder Equity (Millions of US $)": {"2020-09-30": "$2,919", "2020-06-30": "$2,612", "2020-03-31": "$2,417", "2019-12-31": "$2,341", "2019-09-30": "$2,371", "2019-06-30": "$2,119", "2019-03-31": "$1,899", "2018-12-31": "$1,809", "2018-09-30": "$1,682", "2018-06-30": "$1,608", "2018-03-31": "$1,467", "2017-12-31": "$1,605", "2017-09-30": "$1,651", "2017-06-30": "$1,536", "2017-03-31": "$1,408", "2016-12-31": "$1,304", "2016-09-30": "$1,299", "2016-06-30": "$1,358", "2016-03-31": "$1,256", "2015-12-31": "$1,239", "2015-09-30": "$1,240", "2015-06-30": "$1,275", "2015-03-31": "$1,165", "2014-12-31": "$1,124", "2014-09-30": "$1,151", "2014-06-30": "$1,099", "2014-03-31": "$1,326", "2013-12-31": "$1,261", "2013-09-30": "$1,275", "2013-06-30": "$1,320", "2013-03-31": "$1,552", "2012-12-31": "$1,480", "2012-09-30": "$1,379", "2012-06-30": "$1,522", "2012-03-31": "$1,418", "2011-12-31": "$1,375", "2011-09-30": "$1,346", "2011-06-30": "$1,651", "2011-03-31": "$1,818", "2010-12-31": "$1,740", "2010-09-30": "$1,687", "2010-06-30": "$1,815", "2010-03-31": "$1,869", "2009-12-31": "$1,757", "2009-09-30": "$1,672", "2009-06-30": "$1,549", "2009-03-31": "$1,475", "2008-12-31": "$1,374", "2008-09-30": "$1,372", "2008-06-30": "$1,316", "2008-03-31": "$1,224", "2007-12-31": "$1,129", "2007-09-30": "$1,052", "2007-06-30": "$1,280", "2007-03-31": "$1,255", "2006-12-31": "$1,152", "2006-09-30": "$1,087", "2006-06-30": "$1,000", "2006-03-31": "$774", "2005-12-31": "$677", "2005-09-30": "$905", "2005-06-30": "$816", "2005-03-31": "$786"}}, "profit-margins": {"current": "12.3%"}, "gross margin": {"2020-12-31": "21.23%", "2020-09-30": "20.90%", "2020-06-30": "20.27%", "2020-03-31": "20.30%", "2019-12-31": "20.83%", "2019-09-30": "20.56%", "2019-06-30": "20.55%", "2019-03-31": "20.53%", "2018-12-31": "20.55%", "2018-09-30": "20.70%", "2018-06-30": "20.97%", "2018-03-31": "21.06%", "2017-12-31": "20.86%", "2017-09-30": "20.44%", "2017-06-30": "19.81%", "2017-03-31": "19.26%", "2016-12-31": "19.13%", "2016-09-30": "19.41%", "2016-06-30": "19.82%", "2016-03-31": "20.26%", "2015-12-31": "20.18%", "2015-09-30": "19.89%", "2015-06-30": "19.71%", "2015-03-31": "19.49%", "2014-12-31": "19.69%", "2014-09-30": "19.71%", "2014-06-30": "19.36%", "2014-03-31": "18.77%", "2013-12-31": "18.71%", "2013-09-30": "18.76%", "2013-06-30": "18.83%", "2013-03-31": "19.25%", "2012-12-31": "19.12%", "2012-09-30": "18.34%", "2012-06-30": "18.24%", "2012-03-31": "18.44%", "2011-12-31": "18.58%", "2011-09-30": "19.24%", "2011-06-30": "19.46%", "2011-03-31": "19.58%", "2010-12-31": "19.82%", "2010-09-30": "20.19%", "2010-06-30": "20.64%", "2010-03-31": "20.94%", "2009-12-31": "20.34%", "2009-09-30": "15.06%", "2009-06-30": "12.99%", "2009-03-31": "13.26%", "2008-12-31": "13.84%", "2008-09-30": "16.15%", "2008-06-30": "16.48%", "2008-03-31": "16.73%", "2007-12-31": "17.61%", "2007-09-30": "19.33%", "2007-06-30": "20.39%", "2007-03-31": "22.09%", "2006-12-31": "23.38%", "2006-09-30": "25.64%", "2006-06-30": "27.89%", "2006-03-31": "28.91%", "2005-12-31": "28.96%"}, "operating margin": {"2020-12-31": "14.85%", "2020-09-30": "14.23%", "2020-06-30": "13.54%", "2020-03-31": "13.65%", "2019-12-31": "14.23%", "2019-09-30": "13.97%", "2019-06-30": "13.85%", "2019-03-31": "13.84%", "2018-12-31": "13.75%", "2018-09-30": "13.87%", "2018-06-30": "14.18%", "2018-03-31": "14.20%", "2017-12-31": "13.83%", "2017-09-30": "13.44%", "2017-06-30": "12.75%", "2017-03-31": "11.99%", "2016-12-31": "11.75%", "2016-09-30": "11.77%", "2016-06-30": "12.06%", "2016-03-31": "12.48%", "2015-12-31": "12.15%", "2015-09-30": "11.58%", "2015-06-30": "11.20%", "2015-03-31": "10.67%", "2014-12-31": "10.76%", "2014-09-30": "10.99%", "2014-06-30": "10.73%", "2014-03-31": "10.28%", "2013-12-31": "10.50%", "2013-09-30": "9.86%", "2013-06-30": "9.32%", "2013-03-31": "9.33%", "2012-12-31": "8.89%", "2012-09-30": "7.78%", "2012-06-30": "7.63%", "2012-03-31": "7.84%", "2011-12-31": "7.86%", "2011-09-30": "8.98%", "2011-06-30": "8.97%", "2011-03-31": "10.04%", "2010-12-31": "10.78%", "2010-09-30": "11.02%", "2010-06-30": "12.17%", "2010-03-31": "11.96%", "2009-12-31": "11.33%", "2009-09-30": "6.02%", "2009-06-30": "4.02%", "2009-03-31": "4.13%", "2008-12-31": "4.93%", "2008-09-30": "8.12%", "2008-06-30": "9.36%", "2008-03-31": "9.91%", "2007-12-31": "10.78%", "2007-09-30": "12.50%", "2007-06-30": "13.11%", "2007-03-31": "14.98%", "2006-12-31": "16.06%", "2006-09-30": "18.35%", "2006-06-30": "20.48%", "2006-03-31": "21.51%", "2005-12-31": "22.03%"}, "ebitda margin": {"2020-09-30": "14.69%", "2020-06-30": "14.02%", "2020-03-31": "14.11%", "2019-12-31": "14.69%", "2019-09-30": "14.42%", "2019-06-30": "14.29%", "2019-03-31": "14.27%", "2018-12-31": "14.18%", "2018-09-30": "14.32%", "2018-06-30": "14.62%", "2018-03-31": "14.64%", "2017-12-31": "14.29%", "2017-09-30": "13.91%", "2017-06-30": "13.22%", "2017-03-31": "12.46%", "2016-12-31": "12.24%", "2016-09-30": "12.27%", "2016-06-30": "12.57%", "2016-03-31": "13.00%", "2015-12-31": "12.68%", "2015-09-30": "12.12%", "2015-06-30": "11.75%", "2015-03-31": "11.22%", "2014-12-31": "11.25%", "2014-09-30": "11.45%", "2014-06-30": "11.16%", "2014-03-31": "10.70%", "2013-12-31": "10.90%", "2013-09-30": "10.25%", "2013-06-30": "9.68%", "2013-03-31": "9.69%", "2012-12-31": "9.29%", "2012-09-30": "8.22%", "2012-06-30": "8.13%", "2012-03-31": "8.35%", "2011-12-31": "8.35%", "2011-09-30": "9.45%", "2011-06-30": "9.41%", "2011-03-31": "10.48%", "2010-12-31": "11.21%", "2010-09-30": "11.45%", "2010-06-30": "12.58%", "2010-03-31": "12.40%", "2009-12-31": "11.77%", "2009-09-30": "6.88%", "2009-06-30": "4.88%", "2009-03-31": "4.93%", "2008-12-31": "5.69%", "2008-09-30": "8.55%", "2008-06-30": "9.80%", "2008-03-31": "10.34%", "2007-12-31": "11.21%", "2007-09-30": "12.91%", "2007-06-30": "13.51%", "2007-03-31": "15.34%", "2006-12-31": "16.40%", "2006-09-30": "18.67%", "2006-06-30": "20.79%", "2006-03-31": "21.82%", "2005-12-31": "22.33%"}, "pre tax profit margin": {"2020-12-31": "14.29%", "2020-09-30": "13.74%", "2020-06-30": "13.13%", "2020-03-31": "13.29%", "2019-12-31": "13.89%", "2019-09-30": "13.63%", "2019-06-30": "13.51%", "2019-03-31": "13.50%", "2018-12-31": "13.40%", "2018-09-30": "13.52%", "2018-06-30": "13.79%", "2018-03-31": "13.80%", "2017-12-31": "13.42%", "2017-09-30": "13.04%", "2017-06-30": "12.35%", "2017-03-31": "11.60%", "2016-12-31": "11.37%", "2016-09-30": "11.38%", "2016-06-30": "11.66%", "2016-03-31": "12.05%", "2015-12-31": "11.69%", "2015-09-30": "11.09%", "2015-06-30": "10.69%", "2015-03-31": "10.15%", "2014-12-31": "10.22%", "2014-09-30": "10.44%", "2014-06-30": "10.20%", "2014-03-31": "9.74%", "2013-12-31": "9.95%", "2013-09-30": "9.28%", "2013-06-30": "8.76%", "2013-03-31": "8.91%", "2012-12-31": "8.63%", "2012-09-30": "7.68%", "2012-06-30": "7.59%", "2012-03-31": "7.76%", "2011-12-31": "7.78%", "2011-09-30": "8.94%", "2011-06-30": "8.90%", "2011-03-31": "9.94%", "2010-12-31": "10.62%", "2010-09-30": "10.78%", "2010-06-30": "11.85%", "2010-03-31": "11.57%", "2009-12-31": "10.90%", "2009-09-30": "5.54%", "2009-06-30": "3.59%", "2009-03-31": "3.72%", "2008-12-31": "4.52%", "2008-09-30": "7.79%", "2008-06-30": "9.05%", "2008-03-31": "9.65%", "2007-12-31": "10.53%", "2007-09-30": "12.23%", "2007-06-30": "12.84%", "2007-03-31": "14.66%", "2006-12-31": "15.70%", "2006-09-30": "17.96%", "2006-06-30": "20.10%", "2006-03-31": "21.16%", "2005-12-31": "21.74%"}, "net profit margin": {"2020-12-31": "11.95%", "2020-09-30": "11.86%", "2020-06-30": "11.54%", "2020-03-31": "11.89%", "2019-12-31": "11.88%", "2019-09-30": "11.55%", "2019-06-30": "11.26%", "2019-03-31": "11.19%", "2018-12-31": "11.13%", "2018-09-30": "9.88%", "2018-06-30": "9.65%", "2018-03-31": "9.17%", "2017-12-31": "8.53%", "2017-09-30": "9.04%", "2017-06-30": "8.49%", "2017-03-31": "7.77%", "2016-12-31": "7.30%", "2016-09-30": "7.25%", "2016-06-30": "7.41%", "2016-03-31": "7.63%", "2015-12-31": "7.40%", "2015-09-30": "7.04%", "2015-06-30": "6.78%", "2015-03-31": "6.45%", "2014-12-31": "6.32%", "2014-09-30": "6.42%", "2014-06-30": "6.28%", "2014-03-31": "6.02%", "2013-12-31": "6.34%", "2013-09-30": "5.88%", "2013-06-30": "5.56%", "2013-03-31": "5.84%", "2012-12-31": "5.68%", "2012-09-30": "5.10%", "2012-06-30": "5.04%", "2012-03-31": "4.85%", "2011-12-31": "4.81%", "2011-09-30": "5.68%", "2011-06-30": "5.78%", "2011-03-31": "6.37%", "2010-12-31": "6.77%", "2010-09-30": "6.99%", "2010-06-30": "7.58%", "2010-03-31": "7.42%", "2009-12-31": "7.00%", "2009-09-30": "3.47%", "2009-06-30": "2.18%", "2009-03-31": "2.26%", "2008-12-31": "2.73%", "2008-09-30": "4.70%", "2008-06-30": "5.52%", "2008-03-31": "5.93%", "2007-12-31": "6.51%", "2007-09-30": "7.54%", "2007-06-30": "7.87%", "2007-03-31": "8.95%", "2006-12-31": "9.57%", "2006-09-30": "10.95%", "2006-06-30": "12.28%", "2006-03-31": "12.93%", "2005-12-31": "13.26%"}, "pe ratio": {"current": "20.34", "2021-02-05": "30.60", "2020-12-31": "26.74", "2020-09-30": "18.82", "2020-06-30": "15.67", "2020-03-31": "11.75", "2019-12-31": "17.21", "2019-09-30": "17.26", "2019-06-30": "16.24", "2019-03-31": "13.59", "2018-12-31": "12.48", "2018-09-30": "14.92", "2018-06-30": "19.13", "2018-03-31": "19.80", "2017-12-31": "27.58", "2017-09-30": "20.97", "2017-06-30": "19.05", "2017-03-31": "18.58", "2016-12-31": "16.04", "2016-09-30": "16.70", "2016-06-30": "18.39", "2016-03-31": "17.91", "2015-12-31": "18.22", "2015-09-30": "18.72", "2015-06-30": "17.85", "2015-03-31": "19.44", "2014-12-31": "19.84", "2014-09-30": "18.17", "2014-06-30": "19.45", "2014-03-31": "21.21", "2013-12-31": "18.40", "2013-09-30": "19.73", "2013-06-30": "23.48", "2013-03-31": "28.33", "2012-12-31": "26.15", "2012-09-30": "28.61", "2012-06-30": "31.28", "2012-03-31": "29.43", "2011-12-31": "29.44", "2011-09-30": "22.42", "2011-06-30": "27.62", "2011-03-31": "24.45", "2010-12-31": "20.68", "2010-09-30": "19.59", "2010-06-30": "17.54", "2010-03-31": "22.02", "2009-12-31": "22.92", "2009-09-30": "40.19", "2009-06-30": "48.35", "2009-03-31": "34.95", "2008-12-31": "27.42", "2008-09-30": "16.87", "2008-06-30": "11.62", "2008-03-31": "12.31", "2007-12-31": "9.69", "2007-09-30": "7.44", "2007-06-30": "10.06", "2007-03-31": "8.16", "2006-12-31": "7.33"}, "price sales": {"2021-02-05": "2.43", "2020-12-31": "2.12", "2020-09-30": "2.23", "2020-06-30": "1.81", "2020-03-31": "1.40", "2019-12-31": "2.05", "2019-09-30": "2.01", "2019-06-30": "1.85", "2019-03-31": "1.54", "2018-12-31": "1.40", "2018-09-30": "1.47", "2018-06-30": "1.84", "2018-03-31": "1.81", "2017-12-31": "2.34", "2017-09-30": "1.91", "2017-06-30": "1.63", "2017-03-31": "1.46", "2016-12-31": "1.18", "2016-09-30": "1.22", "2016-06-30": "1.37", "2016-03-31": "1.37", "2015-12-31": "1.36", "2015-09-30": "1.33", "2015-06-30": "1.23", "2015-03-31": "1.27", "2014-12-31": "1.28", "2014-09-30": "1.19", "2014-06-30": "1.24", "2014-03-31": "1.29", "2013-12-31": "1.19", "2013-09-30": "1.17", "2013-06-30": "1.31", "2013-03-31": "1.66", "2012-12-31": "1.49", "2012-09-30": "1.49", "2012-06-30": "1.62", "2012-03-31": "1.47", "2011-12-31": "1.48", "2011-09-30": "1.30", "2011-06-30": "1.62", "2011-03-31": "1.57", "2010-12-31": "1.42", "2010-09-30": "1.36", "2010-06-30": "1.32", "2010-03-31": "1.63", "2009-12-31": "1.59", "2009-09-30": "1.33", "2009-06-30": "0.99", "2009-03-31": "0.76", "2008-12-31": "0.73", "2008-09-30": "0.82", "2008-06-30": "0.66", "2008-03-31": "0.74", "2007-12-31": "0.64", "2007-09-30": "0.56", "2007-06-30": "0.80", "2007-03-31": "0.74", "2006-12-31": "0.71"}, "price book": {"current": "5.60", "2021-02-05": "5.95", "2020-09-30": "5.20", "2020-06-30": "4.60", "2020-03-31": "3.91", "2019-12-31": "5.91", "2019-09-30": "5.80", "2019-06-30": "5.79", "2019-03-31": "5.23", "2018-12-31": "4.82", "2018-09-30": "5.28", "2018-06-30": "6.70", "2018-03-31": "6.91", "2017-12-31": "8.07", "2017-09-30": "6.46", "2017-06-30": "5.88", "2017-03-31": "5.59", "2016-12-31": "4.73", "2016-09-30": "4.78", "2016-06-30": "5.11", "2016-03-31": "5.37", "2015-12-31": "5.16", "2015-09-30": "4.90", "2015-06-30": "4.28", "2015-03-31": "4.63", "2014-12-31": "4.59", "2014-09-30": "4.09", "2014-06-30": "4.41", "2014-03-31": "3.89", "2013-12-31": "3.61", "2013-09-30": "3.28", "2013-06-30": "3.28", "2013-03-31": "3.48", "2012-12-31": "3.05", "2012-09-30": "2.98", "2012-06-30": "2.87", "2012-03-31": "2.59", "2011-12-31": "2.48", "2011-09-30": "2.25", "2011-06-30": "2.45", "2011-03-31": "2.44", "2010-12-31": "2.25", "2010-09-30": "2.16", "2010-06-30": "2.14", "2010-03-31": "2.39", "2009-12-31": "2.41", "2009-09-30": "2.26", "2009-06-30": "1.88", "2009-03-31": "1.66", "2008-12-31": "1.84", "2008-09-30": "2.27", "2008-06-30": "2.06", "2008-03-31": "2.57", "2007-12-31": "2.38", "2007-09-30": "2.30", "2007-06-30": "2.98", "2007-03-31": "2.85", "2006-12-31": "3.09", "2006-09-30": "2.78", "2006-06-30": "2.82", "2006-03-31": "5.42"}, "price fcf": {"2021-02-05": "", "2020-09-30": "$233.06", "2020-06-30": "$232.85", "2020-03-31": "$173.14", "2019-12-31": "$212.86", "2019-09-30": "$178.36", "2019-06-30": "$207.45", "2019-03-31": "$210.82", "2018-12-31": "$172.22", "2018-09-30": "$172.51", "2018-06-30": "$128.52", "2018-03-31": "$122.53", "2017-12-31": "$129.94", "2017-09-30": "$144.77", "2017-06-30": "$130.45", "2017-03-31": "$126.70", "2016-12-31": "$90.55", "2016-09-30": "$69.54", "2016-06-30": "$60.86", "2016-03-31": "$39.71", "2015-12-31": "$49.14", "2015-09-30": "$51.05", "2015-06-30": "$31.63", "2015-03-31": "$37.76", "2014-12-31": "$34.70", "2014-09-30": "$20.18", "2014-06-30": "$63.06", "2014-03-31": "$63.13", "2013-12-31": "$51.79", "2013-09-30": "$32.12", "2013-06-30": "$16.69", "2013-03-31": "$16.10", "2012-12-31": "$49.07", "2012-09-30": "$33.50", "2012-06-30": "$16.55", "2012-03-31": "$17.04", "2011-12-31": "$-1.68", "2011-09-30": "$20.47", "2011-06-30": "$13.27", "2011-03-31": "$24.91", "2010-12-31": "$7.96", "2010-09-30": "$5.26", "2010-06-30": "$31.86", "2010-03-31": "$20.16", "2009-12-31": "$38.96", "2009-09-30": "$60.73", "2009-06-30": "$57.13", "2009-03-31": "$64.91", "2008-12-31": "$77.17", "2008-09-30": "$95.22", "2008-06-30": "$88.19", "2008-03-31": "$90.71", "2007-12-31": "$89.08", "2007-09-30": "$92.23", "2007-06-30": "$98.99", "2007-03-31": "$118.23", "2006-12-31": "$98.98"}, "net worth": {"value": "$17.37B"}, "current ratio": {"2020-12-31": "5.91", "2020-09-30": "6.08", "2020-06-30": "5.80", "2020-03-31": "4.82", "2019-12-31": "4.62", "2019-09-30": "4.73", "2019-06-30": "4.29", "2019-03-31": "4.04", "2018-12-31": "3.96", "2018-09-30": "3.74", "2018-06-30": "3.67", "2018-03-31": "3.52", "2017-12-31": "3.62", "2017-09-30": "3.60", "2017-06-30": "3.51", "2017-03-31": "3.36", "2016-12-31": "3.03", "2016-09-30": "3.03", "2016-06-30": "3.16", "2016-03-31": "2.84", "2015-12-31": "3.17", "2015-09-30": "3.04", "2015-06-30": "3.20", "2015-03-31": "3.41", "2014-12-31": "3.14", "2014-09-30": "3.12", "2014-06-30": "3.06", "2014-03-31": "3.89", "2013-12-31": "3.51", "2013-09-30": "3.65", "2013-06-30": "4.06", "2013-03-31": "5.39", "2012-12-31": "4.84", "2012-09-30": "4.73", "2012-06-30": "3.87", "2012-03-31": "3.80", "2011-12-31": "3.77", "2011-09-30": "3.36", "2011-06-30": "3.68", "2011-03-31": "4.73", "2010-12-31": "3.95", "2010-09-30": "3.76", "2010-06-30": "4.10", "2010-03-31": "5.12", "2009-12-31": "5.16", "2009-09-30": "4.38", "2009-06-30": "4.35", "2009-03-31": "4.67", "2008-12-31": "4.11", "2008-09-30": "3.49", "2008-06-30": "2.96", "2008-03-31": "2.90", "2007-12-31": "2.56", "2007-09-30": "2.36", "2007-06-30": "2.61", "2007-03-31": "2.67", "2006-12-31": "2.08", "2006-09-30": "2.03", "2006-06-30": "1.68", "2006-03-31": "1.47", "2005-12-31": "1.46", "2005-09-30": "2.05", "2005-06-30": "1.95", "2005-03-31": "2.15"}, "quick ratio": {"2020-12-31": "3.89", "2020-09-30": "3.81", "2020-06-30": "3.46", "2020-03-31": "2.46", "2019-12-31": "2.56", "2019-09-30": "2.41", "2019-06-30": "2.14", "2019-03-31": "2.03", "2018-12-31": "1.95", "2018-09-30": "1.53", "2018-06-30": "1.40", "2018-03-31": "1.33", "2017-12-31": "1.67", "2017-09-30": "1.44", "2017-06-30": "1.31", "2017-03-31": "1.26", "2016-12-31": "1.27", "2016-09-30": "0.91", "2016-06-30": "1.09", "2016-03-31": "0.59", "2015-12-31": "1.38", "2015-09-30": "1.10", "2015-06-30": "1.34", "2015-03-31": "1.44", "2014-12-31": "1.46", "2014-09-30": "1.25", "2014-06-30": "1.34", "2014-03-31": "2.12", "2013-12-31": "2.09", "2013-09-30": "1.88", "2013-06-30": "2.06", "2013-03-31": "3.20", "2012-12-31": "3.23", "2012-09-30": "3.00", "2012-06-30": "2.00", "2012-03-31": "1.98", "2011-12-31": "2.19", "2011-09-30": "1.83", "2011-06-30": "2.49", "2011-03-31": "3.45", "2010-12-31": "3.01", "2010-09-30": "2.60", "2010-06-30": "3.21", "2010-03-31": "3.88", "2009-12-31": "4.04", "2009-09-30": "3.32", "2009-06-30": "3.25", "2009-03-31": "3.67", "2008-12-31": "3.10", "2008-09-30": "2.08", "2008-06-30": "1.84", "2008-03-31": "1.68", "2007-12-31": "1.36", "2007-09-30": "0.77", "2007-06-30": "1.19", "2007-03-31": "1.22", "2006-12-31": "1.05", "2006-09-30": "0.63", "2006-06-30": "0.47", "2006-03-31": "0.29", "2005-12-31": "0.50", "2005-09-30": "0.63", "2005-06-30": "0.70", "2005-03-31": "0.77"}, "debt equity ratio": {"current": "0.49", "2020-12-31": "0.86", "2020-09-30": "0.88", "2020-06-30": "0.81", "2020-03-31": "0.61", "2019-12-31": "0.63", "2019-09-30": "0.62", "2019-06-30": "0.70", "2019-03-31": "0.77", "2018-12-31": "0.75", "2018-09-30": "0.84", "2018-06-30": "0.87", "2018-03-31": "0.94", "2017-12-31": "0.86", "2017-09-30": "0.85", "2017-06-30": "0.90", "2017-03-31": "0.95", "2016-12-31": "1.03", "2016-09-30": "1.05", "2016-06-30": "0.99", "2016-03-31": "1.02", "2015-12-31": "1.03", "2015-09-30": "1.07", "2015-06-30": "1.04", "2015-03-31": "1.04", "2014-12-31": "1.09", "2014-09-30": "1.10", "2014-06-30": "1.17", "2014-03-31": "0.90", "2013-12-31": "0.97", "2013-09-30": "0.98", "2013-06-30": "0.92", "2013-03-31": "0.72", "2012-12-31": "0.76", "2012-09-30": "0.80", "2012-06-30": "0.31", "2012-03-31": "0.31", "2011-12-31": "0.29", "2011-09-30": "0.34", "2011-06-30": "0.32", "2011-03-31": "0.25", "2010-12-31": "0.30", "2010-09-30": "0.33", "2010-06-30": "0.30", "2010-03-31": "0.33", "2009-12-31": "0.36", "2009-09-30": "0.42", "2009-06-30": "0.45", "2009-03-31": "0.45", "2008-12-31": "0.53", "2008-09-30": "0.68", "2008-06-30": "0.76", "2008-03-31": "0.81", "2007-12-31": "0.94", "2007-09-30": "1.14", "2007-06-30": "0.96", "2007-03-31": "0.97", "2006-12-31": "1.15", "2006-09-30": "1.28", "2006-06-30": "1.53", "2006-03-31": "2.03", "2005-12-31": "2.30", "2005-09-30": "1.45", "2005-06-30": "1.59", "2005-03-31": "1.35"}, "return on equity": {"2020-12-31": "32.61%", "2020-09-30": "33.12%", "2020-06-30": "33.67%", "2020-03-31": "37.46%", "2019-12-31": "40.23%", "2019-09-30": "41.67%", "2019-06-30": "44.00%", "2019-03-31": "46.81%", "2018-12-31": "48.55%", "2018-09-30": "43.38%", "2018-06-30": "41.45%", "2018-03-31": "38.41%", "2017-12-31": "34.71%", "2017-09-30": "38.24%", "2017-06-30": "37.43%", "2017-03-31": "34.49%", "2016-12-31": "32.59%", "2016-09-30": "31.68%", "2016-06-30": "31.97%", "2016-03-31": "32.57%", "2015-12-31": "31.06%", "2015-09-30": "28.89%", "2015-06-30": "27.23%", "2015-03-31": "26.09%", "2014-12-31": "23.91%", "2014-09-30": "23.15%", "2014-06-30": "22.01%", "2014-03-31": "19.76%", "2013-12-31": "19.75%", "2013-09-30": "16.35%", "2013-06-30": "13.96%", "2013-03-31": "13.21%", "2012-12-31": "12.48%", "2012-09-30": "10.68%", "2012-06-30": "10.03%", "2012-03-31": "9.19%", "2011-12-31": "8.27%", "2011-09-30": "9.46%", "2011-06-30": "9.05%", "2011-03-31": "10.71%", "2010-12-31": "11.59%", "2010-09-30": "11.67%", "2010-06-30": "13.27%", "2010-03-31": "12.03%", "2009-12-31": "11.90%", "2009-09-30": "6.66%", "2009-06-30": "4.58%", "2009-03-31": "5.49%", "2008-12-31": "7.64%", "2008-09-30": "15.71%", "2008-06-30": "21.35%", "2008-03-31": "24.93%", "2007-12-31": "28.33%", "2007-09-30": "33.93%", "2007-06-30": "36.87%", "2007-03-31": "47.98%", "2006-12-31": "58.51%", "2006-09-30": "76.31%", "2006-06-30": "87.60%", "2006-03-31": "89.91%", "2005-12-31": "87.69%"}, "return on assets": {"2020-12-31": "18.12%", "2020-09-30": "19.01%", "2020-06-30": "20.16%", "2020-03-31": "22.87%", "2019-12-31": "24.02%", "2019-09-30": "24.44%", "2019-06-30": "24.99%", "2019-03-31": "25.94%", "2018-12-31": "26.32%", "2018-09-30": "23.13%", "2018-06-30": "22.06%", "2018-03-31": "20.37%", "2017-12-31": "18.39%", "2017-09-30": "19.87%", "2017-06-30": "18.93%", "2017-03-31": "17.23%", "2016-12-31": "16.12%", "2016-09-30": "15.67%", "2016-06-30": "15.77%", "2016-03-31": "15.97%", "2015-12-31": "15.20%", "2015-09-30": "14.03%", "2015-06-30": "13.19%", "2015-03-31": "12.43%", "2014-12-31": "11.62%", "2014-09-30": "11.42%", "2014-06-30": "11.02%", "2014-03-31": "10.18%", "2013-12-31": "10.47%", "2013-09-30": "8.91%", "2013-06-30": "7.78%", "2013-03-31": "8.05%", "2012-12-31": "8.11%", "2012-09-30": "7.50%", "2012-06-30": "7.65%", "2012-03-31": "6.99%", "2011-12-31": "6.38%", "2011-09-30": "7.28%", "2011-06-30": "6.96%", "2011-03-31": "8.27%", "2010-12-31": "8.82%", "2010-09-30": "8.78%", "2010-06-30": "9.83%", "2010-03-31": "8.69%", "2009-12-31": "8.40%", "2009-09-30": "4.57%", "2009-06-30": "3.01%", "2009-03-31": "3.43%", "2008-12-31": "4.52%", "2008-09-30": "8.77%", "2008-06-30": "11.24%", "2008-03-31": "12.76%", "2007-12-31": "14.19%", "2007-09-30": "16.59%", "2007-06-30": "17.75%", "2007-03-31": "21.68%", "2006-12-31": "23.90%", "2006-09-30": "28.16%", "2006-06-30": "31.51%", "2006-03-31": "31.98%", "2005-12-31": "33.18%"}, "return on investments": {"2020-12-31": "28.19%", "2020-09-30": "28.79%", "2020-06-30": "30.23%", "2020-03-31": "34.15%", "2019-12-31": "37.79%", "2019-09-30": "39.02%", "2019-06-30": "41.05%", "2019-03-31": "43.16%", "2018-12-31": "44.00%", "2018-09-30": "44.29%", "2018-06-30": "44.22%", "2018-03-31": "43.06%", "2017-12-31": "40.61%", "2017-09-30": "40.50%", "2017-06-30": "39.27%", "2017-03-31": "36.83%", "2016-12-31": "35.99%", "2016-09-30": "35.14%", "2016-06-30": "35.40%", "2016-03-31": "36.05%", "2015-12-31": "34.30%", "2015-09-30": "31.72%", "2015-06-30": "29.81%", "2015-03-31": "28.26%", "2014-12-31": "26.94%", "2014-09-30": "26.49%", "2014-06-30": "25.34%", "2014-03-31": "23.07%", "2013-12-31": "22.66%", "2013-09-30": "19.24%", "2013-06-30": "16.49%", "2013-03-31": "20.17%", "2012-12-31": "27.90%", "2012-09-30": "46.92%", "2012-06-30": "inf%", "2012-03-31": "inf%", "2011-12-31": "inf%", "2011-09-30": "inf%", "2011-06-30": "inf%", "2011-03-31": "inf%", "2010-12-31": "65.53%", "2010-09-30": "33.70%", "2010-06-30": "26.61%", "2010-03-31": "17.99%", "2009-12-31": "17.73%", "2009-09-30": "10.50%", "2009-06-30": "7.59%", "2009-03-31": "8.88%", "2008-12-31": "12.04%", "2008-09-30": "23.42%", "2008-06-30": "30.94%", "2008-03-31": "35.59%", "2007-12-31": "40.10%", "2007-09-30": "48.10%", "2007-06-30": "52.60%", "2007-03-31": "68.15%", "2006-12-31": "81.86%", "2006-09-30": "104.29%", "2006-06-30": "118.00%", "2006-03-31": "119.44%", "2005-12-31": "116.37%"}, "return on tangible equity": {"2020-09-30": "33.77%", "2020-06-30": "34.36%", "2020-03-31": "38.26%", "2019-12-31": "41.14%", "2019-09-30": "42.68%", "2019-06-30": "45.17%", "2019-03-31": "48.16%", "2018-12-31": "50.05%", "2018-09-30": "44.75%", "2018-06-30": "42.78%", "2018-03-31": "42.16%", "2017-12-31": "38.15%", "2017-09-30": "42.25%", "2017-06-30": "41.63%", "2017-03-31": "35.86%", "2016-12-31": "35.25%", "2016-09-30": "34.34%", "2016-06-30": "34.69%", "2016-03-31": "35.41%", "2015-12-31": "32.48%", "2015-09-30": "30.25%", "2015-06-30": "28.54%", "2015-03-31": "27.39%", "2014-12-31": "25.08%", "2014-09-30": "24.25%", "2014-06-30": "23.04%", "2014-03-31": "20.65%", "2013-12-31": "20.61%", "2013-09-30": "17.04%", "2013-06-30": "14.52%", "2013-03-31": "13.71%", "2012-12-31": "12.94%", "2012-09-30": "11.06%", "2012-06-30": "10.39%", "2012-03-31": "9.51%", "2011-12-31": "8.54%", "2011-09-30": "9.75%", "2011-06-30": "9.31%", "2011-03-31": "11.01%", "2010-12-31": "11.91%", "2010-09-30": "12.00%", "2010-06-30": "13.65%", "2010-03-31": "12.39%", "2009-12-31": "12.27%", "2009-09-30": "6.88%", "2009-06-30": "4.75%", "2009-03-31": "5.72%", "2008-12-31": "7.99%", "2008-09-30": "16.50%", "2008-06-30": "22.51%", "2008-03-31": "26.29%", "2007-12-31": "29.87%", "2007-09-30": "35.77%", "2007-06-30": "38.85%", "2007-03-31": "50.73%", "2006-12-31": "62.30%", "2006-09-30": "81.97%", "2006-06-30": "94.44%", "2006-03-31": "97.34%", "2005-12-31": "94.87%"}, "dividend yield history": {"last payout": "$0.00", "last yield": "0.00%"}}