{"ticker": "NXPI", "price": {"title": "NXP Semiconductors Historical Annual Stock Price Data", "value": 181.99, "historical": {"2020": {"Average Stock Price": "121.7700", "Year Open": "128.5400", "Year High": "166.3700", "Year Low": "64.5600", "Year Close": "159.0100", "Annual % Change": "24.95%"}, "2019": {"Average Stock Price": "100.9043", "Year Open": "75.0300", "Year High": "129.2000", "Year Low": "71.9700", "Year Close": "127.2600", "Annual % Change": "73.66%"}, "2018": {"Average Stock Price": "101.3845", "Year Open": "117.9500", "Year High": "125.7100", "Year Low": "67.7100", "Year Close": "73.2800", "Annual % Change": "-37.42%"}, "2017": {"Average Stock Price": "108.8503", "Year Open": "97.6600", "Year High": "117.4600", "Year Low": "96.0000", "Year Close": "117.0900", "Annual % Change": "19.47%"}, "2016": {"Average Stock Price": "86.1996", "Year Open": "84.4400", "Year High": "104.4900", "Year Low": "64.0000", "Year Close": "98.0100", "Annual % Change": "16.33%"}, "2015": {"Average Stock Price": "91.5860", "Year Open": "76.8100", "Year High": "112.2500", "Year Low": "72.3800", "Year Close": "84.2500", "Annual % Change": "10.27%"}, "2014": {"Average Stock Price": "62.8318", "Year Open": "43.9200", "Year High": "77.8500", "Year Low": "42.9400", "Year Close": "76.4000", "Annual % Change": "66.34%"}, "2013": {"Average Stock Price": "34.0955", "Year Open": "27.8300", "Year High": "45.9500", "Year Low": "25.2900", "Year Close": "45.9300", "Annual % Change": "74.51%"}, "2012": {"Average Stock Price": "23.3304", "Year Open": "16.0100", "Year High": "26.9700", "Year Low": "16.0100", "Year Close": "26.3201", "Annual % Change": "71.24%"}, "2011": {"Average Stock Price": "22.6554", "Year Open": "21.4300", "Year High": "34.1800", "Year Low": "13.6800", "Year Close": "15.3700", "Annual % Change": "-26.56%"}, "2010": {"Average Stock Price": "13.6920", "Year Open": "14.0000", "Year High": "20.9300", "Year Low": "10.6800", "Year Close": "20.9300", "Annual % Change": "0.00%"}}}, "market cap": {"value": "$50.91B"}, "income statement": {"Revenue": {"2019-12-31": "8877.00000", "2018-12-31": "9407.00000", "2017-12-31": "9256.00000", "2016-12-31": "9498.00000", "2015-12-31": "6101.00000", "2014-12-31": "5647.00000", "2013-12-31": "4815.00000", "2012-12-31": "4358.00000", "2011-12-31": "4194.00000", "2010-12-31": "4402.00000", "2009-12-31": "3519.00000", "2008-12-31": "5104.00000"}, "Cost Of Goods Sold": {"2019-12-31": "4259.00000", "2018-12-31": "4556.00000", "2017-12-31": "4637.00000", "2016-12-31": "5429.00000", "2015-12-31": "3314.00000", "2014-12-31": "3007.00000", "2013-12-31": "2638.00000", "2012-12-31": "2370.00000", "2011-12-31": "2288.00000", "2010-12-31": "2579.00000", "2009-12-31": "2621.00000", "2008-12-31": "3958.00000"}, "Gross Profit": {"2019-12-31": "4618.00000", "2018-12-31": "4851.00000", "2017-12-31": "4619.00000", "2016-12-31": "4069.00000", "2015-12-31": "2787.00000", "2014-12-31": "2640.00000", "2013-12-31": "2177.00000", "2012-12-31": "1988.00000", "2011-12-31": "1906.00000", "2010-12-31": "1823.00000", "2009-12-31": "898.00000", "2008-12-31": "1146.00000"}, "Research And Development Expenses": {"2019-12-31": "1643.00000", "2018-12-31": "1700.00000", "2017-12-31": "1554.00000", "2016-12-31": "1560.00000", "2015-12-31": "890.00000", "2014-12-31": "763.00000", "2013-12-31": "639.00000", "2012-12-31": "628.00000", "2011-12-31": "635.00000", "2010-12-31": "568.00000", "2009-12-31": "764.00000", "2008-12-31": "1187.00000"}, "SG&A Expenses": {"2019-12-31": "924.00000", "2018-12-31": "993.00000", "2017-12-31": "1090.00000", "2016-12-31": "1141.00000", "2015-12-31": "922.00000", "2014-12-31": "686.00000", "2013-12-31": "664.00000", "2012-12-31": "977.00000", "2011-12-31": "918.00000", "2010-12-31": "966.00000", "2009-12-31": "1052.00000", "2008-12-31": "2211.00000"}, "Other Operating Income Or Expenses": {"2019-12-31": "25.00000", "2018-12-31": "2001.00000", "2017-12-31": "1575.00000", "2016-12-31": "9.00000", "2015-12-31": "1263.00000", "2014-12-31": "10.00000", "2013-12-31": "9.00000", "2012-12-31": "29.00000", "2011-12-31": "4.00000", "2010-12-31": "-16.00000", "2009-12-31": "-13.00000", "2008-12-31": "-365.00000"}, "Operating Expenses": {"2019-12-31": "8236.00000", "2018-12-31": "6697.00000", "2017-12-31": "7154.00000", "2016-12-31": "9648.00000", "2015-12-31": "4086.00000", "2014-12-31": "4598.00000", "2013-12-31": "4164.00000", "2012-12-31": "3946.00000", "2011-12-31": "3837.00000", "2010-12-31": "4129.00000", "2009-12-31": "4450.00000", "2008-12-31": "7721.00000"}, "Operating Income": {"2019-12-31": "641.00000", "2018-12-31": "2710.00000", "2017-12-31": "2102.00000", "2016-12-31": "-150.00000", "2015-12-31": "2015.00000", "2014-12-31": "1049.00000", "2013-12-31": "651.00000", "2012-12-31": "412.00000", "2011-12-31": "357.00000", "2010-12-31": "273.00000", "2009-12-31": "-931.00000", "2008-12-31": "-2617.00000"}, "Total Non-Operating Income/Expense": {"2019-12-31": "-350.00000", "2018-12-31": "-335.00000", "2017-12-31": "-366.00000", "2016-12-31": "-453.00000", "2015-12-31": "-529.00000", "2014-12-31": "-410.00000", "2013-12-31": "-274.00000", "2012-12-31": "-437.00000", "2011-12-31": "-257.00000", "2010-12-31": "-628.00000", "2009-12-31": "682.00000", "2008-12-31": "-640.00000"}, "Pre-Tax Income": {"2019-12-31": "291.00000", "2018-12-31": "2375.00000", "2017-12-31": "1736.00000", "2016-12-31": "-603.00000", "2015-12-31": "1486.00000", "2014-12-31": "639.00000", "2013-12-31": "377.00000", "2012-12-31": "-25.00000", "2011-12-31": "100.00000", "2010-12-31": "-355.00000", "2009-12-31": "-249.00000", "2008-12-31": "-3257.00000"}, "Income Taxes": {"2019-12-31": "20.00000", "2018-12-31": "176.00000", "2017-12-31": "-483.00000", "2016-12-31": "-851.00000", "2015-12-31": "-104.00000", "2014-12-31": "40.00000", "2013-12-31": "20.00000", "2012-12-31": "1.00000", "2011-12-31": "21.00000", "2010-12-31": "24.00000", "2009-12-31": "10.00000", "2008-12-31": "42.00000"}, "Income After Taxes": {"2019-12-31": "271.00000", "2018-12-31": "2199.00000", "2017-12-31": "2219.00000", "2016-12-31": "248.00000", "2015-12-31": "1590.00000", "2014-12-31": "599.00000", "2013-12-31": "357.00000", "2012-12-31": "-26.00000", "2011-12-31": "79.00000", "2010-12-31": "-379.00000", "2009-12-31": "-259.00000", "2008-12-31": "-3299.00000"}, "Other Income": {"2019-12-31": "", "2018-12-31": "", "2017-12-31": "", "2016-12-31": "", "2015-12-31": "", "2014-12-31": "", "2013-12-31": "", "2012-12-31": "", "2011-12-31": "", "2010-12-31": "", "2009-12-31": "", "2008-12-31": ""}, "Income From Continuous Operations": {"2019-12-31": "272.00000", "2018-12-31": "2258.00000", "2017-12-31": "2272.00000", "2016-12-31": "259.00000", "2015-12-31": "1599.00000", "2014-12-31": "607.00000", "2013-12-31": "415.00000", "2012-12-31": "-53.00000", "2011-12-31": "2.00000", "2010-12-31": "-465.00000", "2009-12-31": "-185.00000", "2008-12-31": "-3567.00000"}, "Income From Discontinued Operations": {"2019-12-31": "", "2018-12-31": "", "2017-12-31": "", "2016-12-31": "", "2015-12-31": "", "2014-12-31": "", "2013-12-31": "", "2012-12-31": "1.00000", "2011-12-31": "434.00000", "2010-12-31": "59.00000", "2009-12-31": "32.00000", "2008-12-31": "36.00000"}, "Net Income": {"2019-12-31": "243.00000", "2018-12-31": "2208.00000", "2017-12-31": "2215.00000", "2016-12-31": "200.00000", "2015-12-31": "1526.00000", "2014-12-31": "539.00000", "2013-12-31": "348.00000", "2012-12-31": "-115.00000", "2011-12-31": "390.00000", "2010-12-31": "-456.00000", "2009-12-31": "-167.00000", "2008-12-31": "-3557.00000"}, "EBITDA": {"2019-12-31": "2688.00000", "2018-12-31": "4697.00000", "2017-12-31": "4275.00000", "2016-12-31": "2055.00000", "2015-12-31": "2532.00000", "2014-12-31": "1454.00000", "2013-12-31": "1165.00000", "2012-12-31": "945.00000", "2011-12-31": "948.00000", "2010-12-31": "957.00000", "2009-12-31": "-113.00000", "2008-12-31": "-1433.00000"}, "EBIT": {"2019-12-31": "641.00000", "2018-12-31": "2710.00000", "2017-12-31": "2102.00000", "2016-12-31": "-150.00000", "2015-12-31": "2015.00000", "2014-12-31": "1049.00000", "2013-12-31": "651.00000", "2012-12-31": "412.00000", "2011-12-31": "357.00000", "2010-12-31": "273.00000", "2009-12-31": "-931.00000", "2008-12-31": "-2617.00000"}, "Basic Shares Outstanding": {"2019-12-31": "282.05600", "2018-12-31": "325.78100", "2017-12-31": "338.64600", "2016-12-31": "338.47700", "2015-12-31": "239.76400", "2014-12-31": "237.95400", "2013-12-31": "248.52600", "2012-12-31": "248.06400", "2011-12-31": "248.81200", "2010-12-31": "229.28000", "2009-12-31": "215.25200", "2008-12-31": "180.21000"}, "Shares Outstanding": {"2019-12-31": "285.91100", "2018-12-31": "328.60600", "2017-12-31": "345.80200", "2016-12-31": "347.60700", "2015-12-31": "250.11600", "2014-12-31": "248.60900", "2013-12-31": "255.05000", "2012-12-31": "248.06400", "2011-12-31": "248.81200", "2010-12-31": "229.28000", "2009-12-31": "215.25200", "2008-12-31": "180.21000"}, "Basic EPS": {"2019-12-31": "0.86000", "2018-12-31": "6.78000", "2017-12-31": "6.54000", "2016-12-31": "0.59000", "2015-12-31": "6.36000", "2014-12-31": "2.27000", "2013-12-31": "1.40000", "2012-12-31": "-0.46000", "2011-12-31": "1.57000", "2010-12-31": "-1.99000", "2009-12-31": "-0.78000", "2008-12-31": "-19.74000"}, "EPS - Earnings Per Share": {"2019-12-31": "0.85000", "2018-12-31": "6.72000", "2017-12-31": "6.41000", "2016-12-31": "0.58000", "2015-12-31": "6.10000", "2014-12-31": "2.17000", "2013-12-31": "1.36000", "2012-12-31": "-0.46000", "2011-12-31": "1.57000", "2010-12-31": "-1.99000", "2009-12-31": "-0.78000", "2008-12-31": "-19.74000"}}, "income statement, quarterly": {"Revenue": {"2020-09-30": "2267.00000", "2020-06-30": "1817.00000", "2020-03-31": "2021.00000", "2019-12-31": "2301.00000", "2019-09-30": "2265.00000", "2019-06-30": "2217.00000", "2019-03-31": "2094.00000", "2018-12-31": "2403.00000", "2018-09-30": "2445.00000", "2018-06-30": "2290.00000", "2018-03-31": "2269.00000", "2017-12-31": "2456.00000", "2017-09-30": "2387.00000", "2017-06-30": "2202.00000", "2017-03-31": "2211.00000", "2016-12-31": "2440.00000", "2016-09-30": "2469.00000", "2016-06-30": "2365.00000", "2016-03-31": "2224.00000", "2015-12-31": "1606.00000", "2015-09-30": "1522.00000", "2015-06-30": "1506.00000", "2015-03-31": "1467.00000", "2014-12-31": "1537.00000", "2014-09-30": "1515.00000", "2014-06-30": "1349.00000", "2014-03-31": "1246.00000", "2013-12-31": "1293.00000", "2013-09-30": "1249.00000", "2013-06-30": "1188.00000", "2013-03-31": "1085.00000", "2012-12-31": "1116.00000", "2012-09-30": "1170.00000", "2012-06-30": "1094.00000", "2012-03-31": "978.00000", "2011-12-31": "931.00000", "2011-09-30": "1060.00000", "2011-06-30": "1121.00000", "2011-03-31": "1082.00000", "2010-12-31": "1078.00000", "2010-09-30": "1120.00000", "2010-06-30": "1119.00000", "2010-03-31": "1085.00000", "2009-12-31": "", "2009-09-30": "1077.00000", "2008-12-31": ""}, "Cost Of Goods Sold": {"2020-09-30": "1177.00000", "2020-06-30": "957.00000", "2020-03-31": "1024.00000", "2019-12-31": "1092.00000", "2019-09-30": "1079.00000", "2019-06-30": "1066.00000", "2019-03-31": "1022.00000", "2018-12-31": "1160.00000", "2018-09-30": "1189.00000", "2018-06-30": "1110.00000", "2018-03-31": "1097.00000", "2017-12-31": "1214.00000", "2017-09-30": "1172.00000", "2017-06-30": "1119.00000", "2017-03-31": "1132.00000", "2016-12-31": "1251.00000", "2016-09-30": "1285.00000", "2016-06-30": "1266.00000", "2016-03-31": "1627.00000", "2015-12-31": "987.00000", "2015-09-30": "782.00000", "2015-06-30": "782.00000", "2015-03-31": "763.00000", "2014-12-31": "833.00000", "2014-09-30": "802.00000", "2014-06-30": "711.00000", "2014-03-31": "661.00000", "2013-12-31": "704.00000", "2013-09-30": "679.00000", "2013-06-30": "653.00000", "2013-03-31": "602.00000", "2012-12-31": "626.00000", "2012-09-30": "634.00000", "2012-06-30": "556.00000", "2012-03-31": "554.00000", "2011-12-31": "542.00000", "2011-09-30": "572.00000", "2011-06-30": "598.00000", "2011-03-31": "576.00000", "2010-12-31": "583.00000", "2010-09-30": "644.00000", "2010-06-30": "673.00000", "2010-03-31": "679.00000", "2009-12-31": "", "2009-09-30": "", "2008-12-31": ""}, "Gross Profit": {"2020-09-30": "1090.00000", "2020-06-30": "860.00000", "2020-03-31": "997.00000", "2019-12-31": "1209.00000", "2019-09-30": "1186.00000", "2019-06-30": "1151.00000", "2019-03-31": "1072.00000", "2018-12-31": "1243.00000", "2018-09-30": "1256.00000", "2018-06-30": "1180.00000", "2018-03-31": "1172.00000", "2017-12-31": "1242.00000", "2017-09-30": "1215.00000", "2017-06-30": "1083.00000", "2017-03-31": "1079.00000", "2016-12-31": "1189.00000", "2016-09-30": "1184.00000", "2016-06-30": "1099.00000", "2016-03-31": "597.00000", "2015-12-31": "619.00000", "2015-09-30": "740.00000", "2015-06-30": "724.00000", "2015-03-31": "704.00000", "2014-12-31": "704.00000", "2014-09-30": "713.00000", "2014-06-30": "638.00000", "2014-03-31": "585.00000", "2013-12-31": "589.00000", "2013-09-30": "570.00000", "2013-06-30": "535.00000", "2013-03-31": "483.00000", "2012-12-31": "490.00000", "2012-09-30": "536.00000", "2012-06-30": "538.00000", "2012-03-31": "424.00000", "2011-12-31": "389.00000", "2011-09-30": "488.00000", "2011-06-30": "523.00000", "2011-03-31": "506.00000", "2010-12-31": "495.00000", "2010-09-30": "476.00000", "2010-06-30": "446.00000", "2010-03-31": "406.00000", "2009-12-31": "", "2009-09-30": "1077.00000", "2008-12-31": ""}, "Research And Development Expenses": {"2020-09-30": "438.00000", "2020-06-30": "402.00000", "2020-03-31": "425.00000", "2019-12-31": "424.00000", "2019-09-30": "396.00000", "2019-06-30": "408.00000", "2019-03-31": "415.00000", "2018-12-31": "403.00000", "2018-09-30": "433.00000", "2018-06-30": "438.00000", "2018-03-31": "426.00000", "2017-12-31": "414.00000", "2017-09-30": "392.00000", "2017-06-30": "381.00000", "2017-03-31": "367.00000", "2016-12-31": "362.00000", "2016-09-30": "379.00000", "2016-06-30": "416.00000", "2016-03-31": "403.00000", "2015-12-31": "318.00000", "2015-09-30": "178.00000", "2015-06-30": "195.00000", "2015-03-31": "199.00000", "2014-12-31": "198.00000", "2014-09-30": "196.00000", "2014-06-30": "180.00000", "2014-03-31": "189.00000", "2013-12-31": "168.00000", "2013-09-30": "163.00000", "2013-06-30": "155.00000", "2013-03-31": "153.00000", "2012-12-31": "171.00000", "2012-09-30": "153.00000", "2012-06-30": "156.00000", "2012-03-31": "148.00000", "2011-12-31": "151.00000", "2011-09-30": "165.00000", "2011-06-30": "165.00000", "2011-03-31": "154.00000", "2010-12-31": "131.00000", "2010-09-30": "146.00000", "2010-06-30": "133.00000", "2010-03-31": "151.00000", "2009-12-31": "", "2009-09-30": "", "2008-12-31": ""}, "SG&A Expenses": {"2020-09-30": "203.00000", "2020-06-30": "222.00000", "2020-03-31": "233.00000", "2019-12-31": "225.00000", "2019-09-30": "221.00000", "2019-06-30": "230.00000", "2019-03-31": "248.00000", "2018-12-31": "251.00000", "2018-09-30": "252.00000", "2018-06-30": "242.00000", "2018-03-31": "248.00000", "2017-12-31": "269.00000", "2017-09-30": "292.00000", "2017-06-30": "263.00000", "2017-03-31": "266.00000", "2016-12-31": "292.00000", "2016-09-30": "270.00000", "2016-06-30": "283.00000", "2016-03-31": "296.00000", "2015-12-31": "413.00000", "2015-09-30": "162.00000", "2015-06-30": "167.00000", "2015-03-31": "180.00000", "2014-12-31": "46.00000", "2014-09-30": "211.00000", "2014-06-30": "216.00000", "2014-03-31": "213.00000", "2013-12-31": "-8.00000", "2013-09-30": "239.00000", "2013-06-30": "211.00000", "2013-03-31": "222.00000", "2012-12-31": "288.00000", "2012-09-30": "236.00000", "2012-06-30": "231.00000", "2012-03-31": "222.00000", "2011-12-31": "236.00000", "2011-09-30": "219.00000", "2011-06-30": "229.00000", "2011-03-31": "234.00000", "2010-12-31": "251.00000", "2010-09-30": "225.00000", "2010-06-30": "237.00000", "2010-03-31": "253.00000", "2009-12-31": "", "2009-09-30": "", "2008-12-31": ""}, "Other Operating Income Or Expenses": {"2020-09-30": "1.00000", "2020-06-30": "-1.00000", "2020-03-31": "110.00000", "2019-12-31": "2.00000", "2019-09-30": "22.00000", "2019-06-30": "-1.00000", "2019-03-31": "2.00000", "2018-12-31": "-1.00000", "2018-09-30": "2002.00000", "2018-06-30": "", "2018-03-31": "", "2017-12-31": "-2.00000", "2017-09-30": "-5.00000", "2017-06-30": "-16.00000", "2017-03-31": "1598.00000", "2016-12-31": "1.00000", "2016-09-30": "", "2016-06-30": "10.00000", "2016-03-31": "-2.00000", "2015-12-31": "1258.00000", "2015-09-30": "4.00000", "2015-06-30": "1.00000", "2015-03-31": "", "2014-12-31": "2.00000", "2014-09-30": "1.00000", "2014-06-30": "7.00000", "2014-03-31": "", "2013-12-31": "1.00000", "2013-09-30": "", "2013-06-30": "1.00000", "2013-03-31": "7.00000", "2012-12-31": "2.00000", "2012-09-30": "21.00000", "2012-06-30": "5.00000", "2012-03-31": "1.00000", "2011-12-31": "5.00000", "2011-09-30": "5.00000", "2011-06-30": "4.00000", "2011-03-31": "-10.00000", "2010-12-31": "", "2010-09-30": "1.00000", "2010-06-30": "", "2010-03-31": "-17.00000", "2009-12-31": "", "2009-09-30": "", "2008-12-31": ""}, "Operating Expenses": {"2020-09-30": "2235.00000", "2020-06-30": "1962.00000", "2020-03-31": "1953.00000", "2019-12-31": "2104.00000", "2019-09-30": "2032.00000", "2019-06-30": "2060.00000", "2019-03-31": "2040.00000", "2018-12-31": "2179.00000", "2018-09-30": "234.00000", "2018-06-30": "2153.00000", "2018-03-31": "2131.00000", "2017-12-31": "2246.00000", "2017-09-30": "2224.00000", "2017-06-30": "2152.00000", "2017-03-31": "532.00000", "2016-12-31": "2267.00000", "2016-09-30": "2295.00000", "2016-06-30": "2391.00000", "2016-03-31": "2695.00000", "2015-12-31": "593.00000", "2015-09-30": "1147.00000", "2015-06-30": "1174.00000", "2015-03-31": "1172.00000", "2014-12-31": "1227.00000", "2014-09-30": "1208.00000", "2014-06-30": "1100.00000", "2014-03-31": "1063.00000", "2013-12-31": "1095.00000", "2013-09-30": "1081.00000", "2013-06-30": "1018.00000", "2013-03-31": "970.00000", "2012-12-31": "1083.00000", "2012-09-30": "1002.00000", "2012-06-30": "938.00000", "2012-03-31": "923.00000", "2011-12-31": "924.00000", "2011-09-30": "951.00000", "2011-06-30": "988.00000", "2011-03-31": "974.00000", "2010-12-31": "965.00000", "2010-09-30": "1014.00000", "2010-06-30": "1043.00000", "2010-03-31": "1100.00000", "2009-12-31": "", "2009-09-30": "", "2008-12-31": ""}, "Operating Income": {"2020-09-30": "32.00000", "2020-06-30": "-145.00000", "2020-03-31": "68.00000", "2019-12-31": "197.00000", "2019-09-30": "233.00000", "2019-06-30": "157.00000", "2019-03-31": "54.00000", "2018-12-31": "224.00000", "2018-09-30": "2211.00000", "2018-06-30": "137.00000", "2018-03-31": "138.00000", "2017-12-31": "210.00000", "2017-09-30": "163.00000", "2017-06-30": "50.00000", "2017-03-31": "1679.00000", "2016-12-31": "173.00000", "2016-09-30": "174.00000", "2016-06-30": "-26.00000", "2016-03-31": "-471.00000", "2015-12-31": "1013.00000", "2015-09-30": "375.00000", "2015-06-30": "332.00000", "2015-03-31": "295.00000", "2014-12-31": "310.00000", "2014-09-30": "307.00000", "2014-06-30": "249.00000", "2014-03-31": "183.00000", "2013-12-31": "198.00000", "2013-09-30": "168.00000", "2013-06-30": "170.00000", "2013-03-31": "115.00000", "2012-12-31": "33.00000", "2012-09-30": "168.00000", "2012-06-30": "156.00000", "2012-03-31": "55.00000", "2011-12-31": "7.00000", "2011-09-30": "109.00000", "2011-06-30": "133.00000", "2011-03-31": "108.00000", "2010-12-31": "113.00000", "2010-09-30": "106.00000", "2010-06-30": "76.00000", "2010-03-31": "-15.00000", "2009-12-31": "", "2009-09-30": "1077.00000", "2008-12-31": ""}, "Total Non-Operating Income/Expense": {"2020-09-30": "-106.00000", "2020-06-30": "-96.00000", "2020-03-31": "-78.00000", "2019-12-31": "-93.00000", "2019-09-30": "-85.00000", "2019-06-30": "-89.00000", "2019-03-31": "-83.00000", "2018-12-31": "-77.00000", "2018-09-30": "-119.00000", "2018-06-30": "-71.00000", "2018-03-31": "-68.00000", "2017-12-31": "-79.00000", "2017-09-30": "-76.00000", "2017-06-30": "-75.00000", "2017-03-31": "-136.00000", "2016-12-31": "-96.00000", "2016-09-30": "-115.00000", "2016-06-30": "-126.00000", "2016-03-31": "-116.00000", "2015-12-31": "-174.00000", "2015-09-30": "16.00000", "2015-06-30": "2.00000", "2015-03-31": "-373.00000", "2014-12-31": "-137.00000", "2014-09-30": "-168.00000", "2014-06-30": "-60.00000", "2014-03-31": "-45.00000", "2013-12-31": "-79.00000", "2013-09-30": "3.00000", "2013-06-30": "-46.00000", "2013-03-31": "-152.00000", "2012-12-31": "-153.00000", "2012-09-30": "-33.00000", "2012-06-30": "-178.00000", "2012-03-31": "-73.00000", "2011-12-31": "-165.00000", "2011-09-30": "-174.00000", "2011-06-30": "-19.00000", "2011-03-31": "101.00000", "2010-12-31": "-192.00000", "2010-09-30": "279.00000", "2010-06-30": "-413.00000", "2010-03-31": "-302.00000", "2009-12-31": "", "2009-09-30": "", "2008-12-31": ""}, "Pre-Tax Income": {"2020-09-30": "-74.00000", "2020-06-30": "-241.00000", "2020-03-31": "-10.00000", "2019-12-31": "104.00000", "2019-09-30": "148.00000", "2019-06-30": "68.00000", "2019-03-31": "-29.00000", "2018-12-31": "147.00000", "2018-09-30": "2092.00000", "2018-06-30": "66.00000", "2018-03-31": "70.00000", "2017-12-31": "131.00000", "2017-09-30": "87.00000", "2017-06-30": "-25.00000", "2017-03-31": "1543.00000", "2016-12-31": "77.00000", "2016-09-30": "59.00000", "2016-06-30": "-152.00000", "2016-03-31": "-587.00000", "2015-12-31": "839.00000", "2015-09-30": "391.00000", "2015-06-30": "334.00000", "2015-03-31": "-78.00000", "2014-12-31": "173.00000", "2014-09-30": "139.00000", "2014-06-30": "189.00000", "2014-03-31": "138.00000", "2013-12-31": "119.00000", "2013-09-30": "171.00000", "2013-06-30": "124.00000", "2013-03-31": "-37.00000", "2012-12-31": "-120.00000", "2012-09-30": "135.00000", "2012-06-30": "-22.00000", "2012-03-31": "-18.00000", "2011-12-31": "-158.00000", "2011-09-30": "-65.00000", "2011-06-30": "114.00000", "2011-03-31": "209.00000", "2010-12-31": "-86.00000", "2010-09-30": "385.00000", "2010-06-30": "-337.00000", "2010-03-31": "-317.00000", "2009-12-31": "", "2009-09-30": "1077.00000", "2008-12-31": ""}, "Income Taxes": {"2020-09-30": "-57.00000", "2020-06-30": "-33.00000", "2020-03-31": "2.00000", "2019-12-31": "-20.00000", "2019-09-30": "28.00000", "2019-06-30": "21.00000", "2019-03-31": "-9.00000", "2018-12-31": "-141.00000", "2018-09-30": "311.00000", "2018-06-30": "4.00000", "2018-03-31": "2.00000", "2017-12-31": "-629.00000", "2017-09-30": "-30.00000", "2017-06-30": "-54.00000", "2017-03-31": "230.00000", "2016-12-31": "-456.00000", "2016-09-30": "-44.00000", "2016-06-30": "-152.00000", "2016-03-31": "-199.00000", "2015-12-31": "-148.00000", "2015-09-30": "15.00000", "2015-06-30": "14.00000", "2015-03-31": "15.00000", "2014-12-31": "9.00000", "2014-09-30": "4.00000", "2014-06-30": "12.00000", "2014-03-31": "15.00000", "2013-12-31": "10.00000", "2013-09-30": "1.00000", "2013-06-30": "-2.00000", "2013-03-31": "11.00000", "2012-12-31": "-7.00000", "2012-09-30": "6.00000", "2012-06-30": "7.00000", "2012-03-31": "-5.00000", "2011-12-31": "2.00000", "2011-09-30": "20.00000", "2011-06-30": "", "2011-03-31": "-1.00000", "2010-12-31": "-5.00000", "2010-09-30": "27.00000", "2010-06-30": "-3.00000", "2010-03-31": "5.00000", "2009-12-31": "", "2009-09-30": "", "2008-12-31": ""}, "Income After Taxes": {"2020-09-30": "-17.00000", "2020-06-30": "-208.00000", "2020-03-31": "-12.00000", "2019-12-31": "124.00000", "2019-09-30": "120.00000", "2019-06-30": "47.00000", "2019-03-31": "-20.00000", "2018-12-31": "288.00000", "2018-09-30": "1781.00000", "2018-06-30": "62.00000", "2018-03-31": "68.00000", "2017-12-31": "760.00000", "2017-09-30": "117.00000", "2017-06-30": "29.00000", "2017-03-31": "1313.00000", "2016-12-31": "533.00000", "2016-09-30": "103.00000", "2016-06-30": "", "2016-03-31": "-388.00000", "2015-12-31": "987.00000", "2015-09-30": "376.00000", "2015-06-30": "320.00000", "2015-03-31": "-93.00000", "2014-12-31": "164.00000", "2014-09-30": "135.00000", "2014-06-30": "177.00000", "2014-03-31": "123.00000", "2013-12-31": "109.00000", "2013-09-30": "170.00000", "2013-06-30": "126.00000", "2013-03-31": "-48.00000", "2012-12-31": "-113.00000", "2012-09-30": "129.00000", "2012-06-30": "-29.00000", "2012-03-31": "-13.00000", "2011-12-31": "-160.00000", "2011-09-30": "-85.00000", "2011-06-30": "114.00000", "2011-03-31": "210.00000", "2010-12-31": "-81.00000", "2010-09-30": "358.00000", "2010-06-30": "-334.00000", "2010-03-31": "-322.00000", "2009-12-31": "", "2009-09-30": "1077.00000", "2008-12-31": ""}, "Other Income": {"2020-09-30": "", "2020-06-30": "", "2020-03-31": "", "2019-12-31": "", "2019-09-30": "", "2019-06-30": "", "2019-03-31": "", "2018-12-31": "", "2018-09-30": "", "2018-06-30": "", "2018-03-31": "", "2017-12-31": "", "2017-09-30": "", "2017-06-30": "", "2017-03-31": "", "2016-12-31": "", "2016-09-30": "", "2016-06-30": "", "2016-03-31": "", "2015-12-31": "", "2015-09-30": "", "2015-06-30": "", "2015-03-31": "", "2014-12-31": "", "2014-09-30": "", "2014-06-30": "", "2014-03-31": "", "2013-12-31": "", "2013-09-30": "", "2013-06-30": "", "2013-03-31": "", "2012-12-31": "", "2012-09-30": "", "2012-06-30": "", "2012-03-31": "", "2011-12-31": "", "2011-09-30": "", "2011-06-30": "", "2011-03-31": "", "2010-12-31": "34.00000", "2010-09-30": "", "2010-06-30": "", "2010-03-31": "", "2009-12-31": "", "2009-09-30": "", "2008-12-31": ""}, "Income From Continuous Operations": {"2020-09-30": "-18.00000", "2020-06-30": "-209.00000", "2020-03-31": "-13.00000", "2019-12-31": "123.00000", "2019-09-30": "119.00000", "2019-06-30": "46.00000", "2019-03-31": "-16.00000", "2018-12-31": "289.00000", "2018-09-30": "1833.00000", "2018-06-30": "66.00000", "2018-03-31": "70.00000", "2017-12-31": "768.00000", "2017-09-30": "123.00000", "2017-06-30": "63.00000", "2017-03-31": "1318.00000", "2016-12-31": "537.00000", "2016-09-30": "108.00000", "2016-06-30": "1.00000", "2016-03-31": "-387.00000", "2015-12-31": "989.00000", "2015-09-30": "379.00000", "2015-06-30": "321.00000", "2015-03-31": "-90.00000", "2014-12-31": "167.00000", "2014-09-30": "138.00000", "2014-06-30": "178.00000", "2014-03-31": "124.00000", "2013-12-31": "115.00000", "2013-09-30": "172.00000", "2013-06-30": "129.00000", "2013-03-31": "-1.00000", "2012-12-31": "-98.00000", "2012-09-30": "131.00000", "2012-06-30": "-74.00000", "2012-03-31": "-12.00000", "2011-12-31": "-175.00000", "2011-09-30": "-110.00000", "2011-06-30": "99.00000", "2011-03-31": "188.00000", "2010-12-31": "-129.00000", "2010-09-30": "353.00000", "2010-06-30": "-363.00000", "2010-03-31": "-348.00000", "2009-12-31": "", "2009-09-30": "418.00000", "2008-12-31": ""}, "Income From Discontinued Operations": {"2020-09-30": "", "2020-06-30": "", "2020-03-31": "", "2019-12-31": "", "2019-09-30": "", "2019-06-30": "", "2019-03-31": "", "2018-12-31": "", "2018-09-30": "", "2018-06-30": "", "2018-03-31": "", "2017-12-31": "", "2017-09-30": "", "2017-06-30": "", "2017-03-31": "", "2016-12-31": "", "2016-09-30": "", "2016-06-30": "", "2016-03-31": "", "2015-12-31": "", "2015-09-30": "", "2015-06-30": "", "2015-03-31": "", "2014-12-31": "", "2014-09-30": "", "2014-06-30": "", "2014-03-31": "", "2013-12-31": "", "2013-09-30": "", "2013-06-30": "", "2013-03-31": "", "2012-12-31": "", "2012-09-30": "", "2012-06-30": "", "2012-03-31": "1.00000", "2011-12-31": "2.00000", "2011-09-30": "421.00000", "2011-06-30": "-2.00000", "2011-03-31": "13.00000", "2010-12-31": "11.00000", "2010-09-30": "23.00000", "2010-06-30": "13.00000", "2010-03-31": "12.00000", "2009-12-31": "", "2009-09-30": "0.00000", "2008-12-31": ""}, "Net Income": {"2020-09-30": "-22.00000", "2020-06-30": "-214.00000", "2020-03-31": "-21.00000", "2019-12-31": "114.00000", "2019-09-30": "109.00000", "2019-06-30": "41.00000", "2019-03-31": "-21.00000", "2018-12-31": "276.00000", "2018-09-30": "1820.00000", "2018-06-30": "54.00000", "2018-03-31": "58.00000", "2017-12-31": "753.00000", "2017-09-30": "108.00000", "2017-06-30": "49.00000", "2017-03-31": "1305.00000", "2016-12-31": "520.00000", "2016-09-30": "91.00000", "2016-06-30": "-13.00000", "2016-03-31": "-398.00000", "2015-12-31": "972.00000", "2015-09-30": "361.00000", "2015-06-30": "300.00000", "2015-03-31": "-107.00000", "2014-12-31": "149.00000", "2014-09-30": "121.00000", "2014-06-30": "159.00000", "2014-03-31": "110.00000", "2013-12-31": "96.00000", "2013-09-30": "155.00000", "2013-06-30": "111.00000", "2013-03-31": "-14.00000", "2012-12-31": "-116.00000", "2012-09-30": "115.00000", "2012-06-30": "-90.00000", "2012-03-31": "-24.00000", "2011-12-31": "-182.00000", "2011-09-30": "301.00000", "2011-06-30": "84.00000", "2011-03-31": "187.00000", "2010-12-31": "-118.00000", "2010-09-30": "369.00000", "2010-06-30": "-362.00000", "2010-03-31": "-345.00000", "2009-12-31": "", "2009-09-30": "418.00000", "2008-12-31": ""}, "EBITDA": {"2020-09-30": "621.00000", "2020-06-30": "398.00000", "2020-03-31": "608.00000", "2019-12-31": "719.00000", "2019-09-30": "750.00000", "2019-06-30": "663.00000", "2019-03-31": "556.00000", "2018-12-31": "727.00000", "2018-09-30": "2708.00000", "2018-06-30": "633.00000", "2018-03-31": "629.00000", "2017-12-31": "752.00000", "2017-09-30": "700.00000", "2017-06-30": "610.00000", "2017-03-31": "2213.00000", "2016-12-31": "703.00000", "2016-09-30": "700.00000", "2016-06-30": "594.00000", "2016-03-31": "58.00000", "2015-12-31": "1243.00000", "2015-09-30": "469.00000", "2015-06-30": "430.00000", "2015-03-31": "390.00000", "2014-12-31": "407.00000", "2014-09-30": "410.00000", "2014-06-30": "352.00000", "2014-03-31": "285.00000", "2013-12-31": "311.00000", "2013-09-30": "305.00000", "2013-06-30": "302.00000", "2013-03-31": "247.00000", "2012-12-31": "165.00000", "2012-09-30": "296.00000", "2012-06-30": "295.00000", "2012-03-31": "189.00000", "2011-12-31": "158.00000", "2011-09-30": "261.00000", "2011-06-30": "276.00000", "2011-03-31": "253.00000", "2010-12-31": "297.00000", "2010-09-30": "261.00000", "2010-06-30": "236.00000", "2010-03-31": "170.00000", "2009-12-31": "", "2009-09-30": "1077.00000", "2008-12-31": ""}, "EBIT": {"2020-09-30": "32.00000", "2020-06-30": "-145.00000", "2020-03-31": "68.00000", "2019-12-31": "197.00000", "2019-09-30": "233.00000", "2019-06-30": "157.00000", "2019-03-31": "54.00000", "2018-12-31": "224.00000", "2018-09-30": "2211.00000", "2018-06-30": "137.00000", "2018-03-31": "138.00000", "2017-12-31": "210.00000", "2017-09-30": "163.00000", "2017-06-30": "50.00000", "2017-03-31": "1679.00000", "2016-12-31": "173.00000", "2016-09-30": "174.00000", "2016-06-30": "-26.00000", "2016-03-31": "-471.00000", "2015-12-31": "1013.00000", "2015-09-30": "375.00000", "2015-06-30": "332.00000", "2015-03-31": "295.00000", "2014-12-31": "310.00000", "2014-09-30": "307.00000", "2014-06-30": "249.00000", "2014-03-31": "183.00000", "2013-12-31": "198.00000", "2013-09-30": "168.00000", "2013-06-30": "170.00000", "2013-03-31": "115.00000", "2012-12-31": "33.00000", "2012-09-30": "168.00000", "2012-06-30": "156.00000", "2012-03-31": "55.00000", "2011-12-31": "7.00000", "2011-09-30": "109.00000", "2011-06-30": "133.00000", "2011-03-31": "108.00000", "2010-12-31": "113.00000", "2010-09-30": "106.00000", "2010-06-30": "76.00000", "2010-03-31": "-15.00000", "2009-12-31": "", "2009-09-30": "1077.00000", "2008-12-31": ""}, "Basic Shares Outstanding": {"2020-09-30": "279.46700", "2020-06-30": "279.14200", "2020-03-31": "279.93300", "2019-12-31": "282.05600", "2019-09-30": "279.07400", "2019-06-30": "281.24100", "2019-03-31": "287.22700", "2018-12-31": "325.78100", "2018-09-30": "322.53300", "2018-06-30": "344.12000", "2018-03-31": "343.66100", "2017-12-31": "338.64600", "2017-09-30": "338.58600", "2017-06-30": "337.53700", "2017-03-31": "336.39600", "2016-12-31": "338.47700", "2016-09-30": "335.85800", "2016-06-30": "341.29900", "2016-03-31": "341.83000", "2015-12-31": "239.76400", "2015-09-30": "231.54500", "2015-06-30": "232.68100", "2015-03-31": "233.11600", "2014-12-31": "237.95400", "2014-09-30": "235.09500", "2014-06-30": "239.85100", "2014-03-31": "245.30000", "2013-12-31": "248.52600", "2013-09-30": "248.79400", "2013-06-30": "249.44900", "2013-03-31": "249.66800", "2012-12-31": "248.06400", "2012-09-30": "247.49800", "2012-06-30": "248.27200", "2012-03-31": "247.97900", "2011-12-31": "248.81200", "2011-09-30": "248.31800", "2011-06-30": "249.95700", "2011-03-31": "250.40200", "2010-12-31": "215.25200", "2010-09-30": "237.29500", "2010-06-30": "215.25200", "2010-03-31": "215.25200", "2009-12-31": "", "2009-09-30": "215.25200", "2008-12-31": ""}, "Shares Outstanding": {"2020-09-30": "279.46700", "2020-06-30": "279.14200", "2020-03-31": "279.93300", "2019-12-31": "285.91100", "2019-09-30": "283.51800", "2019-06-30": "285.08800", "2019-03-31": "287.22700", "2018-12-31": "328.60600", "2018-09-30": "325.26700", "2018-06-30": "347.02700", "2018-03-31": "346.89900", "2017-12-31": "345.80200", "2017-09-30": "346.15200", "2017-06-30": "344.98300", "2017-03-31": "344.01100", "2016-12-31": "347.60700", "2016-09-30": "344.36500", "2016-06-30": "341.29900", "2016-03-31": "341.83000", "2015-12-31": "250.11600", "2015-09-30": "242.12200", "2015-06-30": "243.28800", "2015-03-31": "233.11600", "2014-12-31": "248.60900", "2014-09-30": "246.55000", "2014-06-30": "250.12400", "2014-03-31": "255.16700", "2013-12-31": "255.05000", "2013-09-30": "256.77700", "2013-06-30": "255.26500", "2013-03-31": "249.66800", "2012-12-31": "248.06400", "2012-09-30": "253.06000", "2012-06-30": "248.27200", "2012-03-31": "247.97900", "2011-12-31": "248.81200", "2011-09-30": "248.31800", "2011-06-30": "256.27300", "2011-03-31": "256.58900", "2010-12-31": "215.25200", "2010-09-30": "238.73500", "2010-06-30": "215.25200", "2010-03-31": "215.25200", "2009-12-31": "", "2009-09-30": "216.42900", "2008-12-31": ""}, "Basic EPS": {"2020-09-30": "-0.08000", "2020-06-30": "-0.77000", "2020-03-31": "-0.08000", "2019-12-31": "0.39000", "2019-09-30": "0.39000", "2019-06-30": "0.15000", "2019-03-31": "-0.07000", "2018-12-31": "0.81000", "2018-09-30": "5.64000", "2018-06-30": "0.16000", "2018-03-31": "0.17000", "2017-12-31": "2.19000", "2017-09-30": "0.32000", "2017-06-30": "0.15000", "2017-03-31": "3.88000", "2016-12-31": "1.52000", "2016-09-30": "0.27000", "2016-06-30": "-0.04000", "2016-03-31": "-1.16000", "2015-12-31": "3.97000", "2015-09-30": "1.56000", "2015-06-30": "1.29000", "2015-03-31": "-0.46000", "2014-12-31": "0.65000", "2014-09-30": "0.51000", "2014-06-30": "0.66000", "2014-03-31": "0.45000", "2013-12-31": "0.40000", "2013-09-30": "0.62000", "2013-06-30": "0.44000", "2013-03-31": "-0.06000", "2012-12-31": "-0.46000", "2012-09-30": "0.46000", "2012-06-30": "-0.36000", "2012-03-31": "-0.10000", "2011-12-31": "-0.73000", "2011-09-30": "1.21000", "2011-06-30": "0.34000", "2011-03-31": "0.75000", "2010-12-31": "-0.47000", "2010-09-30": "1.56000", "2010-06-30": "-1.68000", "2010-03-31": "-1.60000", "2009-12-31": "", "2009-09-30": "1.94000", "2008-12-31": ""}, "EPS - Earnings Per Share": {"2020-09-30": "-0.08000", "2020-06-30": "-0.77000", "2020-03-31": "-0.08000", "2019-12-31": "0.40000", "2019-09-30": "0.38000", "2019-06-30": "0.14000", "2019-03-31": "-0.07000", "2018-12-31": "0.79000", "2018-09-30": "5.60000", "2018-06-30": "0.16000", "2018-03-31": "0.17000", "2017-12-31": "2.17000", "2017-09-30": "0.31000", "2017-06-30": "0.14000", "2017-03-31": "3.79000", "2016-12-31": "1.52000", "2016-09-30": "0.26000", "2016-06-30": "-0.04000", "2016-03-31": "-1.16000", "2015-12-31": "3.84000", "2015-09-30": "1.49000", "2015-06-30": "1.23000", "2015-03-31": "-0.46000", "2014-12-31": "0.61000", "2014-09-30": "0.49000", "2014-06-30": "0.64000", "2014-03-31": "0.43000", "2013-12-31": "0.39000", "2013-09-30": "0.60000", "2013-06-30": "0.43000", "2013-03-31": "-0.06000", "2012-12-31": "-0.45000", "2012-09-30": "0.45000", "2012-06-30": "-0.36000", "2012-03-31": "-0.10000", "2011-12-31": "-0.70000", "2011-09-30": "1.21000", "2011-06-30": "0.33000", "2011-03-31": "0.73000", "2010-12-31": "-0.47000", "2010-09-30": "1.55000", "2010-06-30": "-1.68000", "2010-03-31": "-1.60000", "2009-12-31": "0.00000", "2009-09-30": "1.93000", "2008-12-31": "0.00000"}}, "balance sheet": {"Cash On Hand": {"2019-12-31": "1045.00000", "2018-12-31": "2789.00000", "2017-12-31": "3547.00000", "2016-12-31": "1894.00000", "2015-12-31": "1614.00000", "2014-12-31": "1185.00000", "2013-12-31": "670.00000", "2012-12-31": "617.00000", "2011-12-31": "743.00000", "2010-12-31": "898.00000", "2009-12-31": "1026.00000", "2008-12-31": ""}, "Receivables": {"2019-12-31": "667.00000", "2018-12-31": "792.00000", "2017-12-31": "879.00000", "2016-12-31": "1033.00000", "2015-12-31": "1047.00000", "2014-12-31": "593.00000", "2013-12-31": "542.00000", "2012-12-31": "510.00000", "2011-12-31": "479.00000", "2010-12-31": "438.00000", "2009-12-31": "448.00000", "2008-12-31": ""}, "Inventory": {"2019-12-31": "1192.00000", "2018-12-31": "1279.00000", "2017-12-31": "1236.00000", "2016-12-31": "1113.00000", "2015-12-31": "1879.00000", "2014-12-31": "755.00000", "2013-12-31": "740.00000", "2012-12-31": "715.00000", "2011-12-31": "618.00000", "2010-12-31": "513.00000", "2009-12-31": "522.00000", "2008-12-31": ""}, "Pre-Paid Expenses": {"2019-12-31": "", "2018-12-31": "", "2017-12-31": "", "2016-12-31": "", "2015-12-31": "", "2014-12-31": "", "2013-12-31": "", "2012-12-31": "", "2011-12-31": "", "2010-12-31": "", "2009-12-31": "", "2008-12-31": ""}, "Other Current Assets": {"2019-12-31": "313.00000", "2018-12-31": "365.00000", "2017-12-31": "382.00000", "2016-12-31": "254.00000", "2015-12-31": "257.00000", "2014-12-31": "97.00000", "2013-12-31": "116.00000", "2012-12-31": "90.00000", "2011-12-31": "82.00000", "2010-12-31": "129.00000", "2009-12-31": "270.00000", "2008-12-31": ""}, "Total Current Assets": {"2019-12-31": "3267.00000", "2018-12-31": "5225.00000", "2017-12-31": "6044.00000", "2016-12-31": "5398.00000", "2015-12-31": "4812.00000", "2014-12-31": "2630.00000", "2013-12-31": "2092.00000", "2012-12-31": "1954.00000", "2011-12-31": "1966.00000", "2010-12-31": "2136.00000", "2009-12-31": "2513.00000", "2008-12-31": ""}, "Property, Plant, And Equipment": {"2019-12-31": "2448.00000", "2018-12-31": "2436.00000", "2017-12-31": "2295.00000", "2016-12-31": "2352.00000", "2015-12-31": "2922.00000", "2014-12-31": "1123.00000", "2013-12-31": "1048.00000", "2012-12-31": "1070.00000", "2011-12-31": "1063.00000", "2010-12-31": "1164.00000", "2009-12-31": "1328.00000", "2008-12-31": ""}, "Long-Term Investments": {"2019-12-31": "", "2018-12-31": "", "2017-12-31": "", "2016-12-31": "962.00000", "2015-12-31": "", "2014-12-31": "", "2013-12-31": "52.00000", "2012-12-31": "45.00000", "2011-12-31": "37.00000", "2010-12-31": "151.00000", "2009-12-31": "78.00000", "2008-12-31": ""}, "Goodwill And Intangible Assets": {"2019-12-31": "13569.00000", "2018-12-31": "13324.00000", "2017-12-31": "14729.00000", "2016-12-31": "16186.00000", "2015-12-31": "18018.00000", "2014-12-31": "2694.00000", "2013-12-31": "3113.00000", "2012-12-31": "3242.00000", "2011-12-31": "3402.00000", "2010-12-31": "3785.00000", "2009-12-31": "4278.00000", "2008-12-31": "0.00000"}, "Other Long-Term Assets": {"2019-12-31": "732.00000", "2018-12-31": "545.00000", "2017-12-31": "981.00000", "2016-12-31": "", "2015-12-31": "602.00000", "2014-12-31": "403.00000", "2013-12-31": "144.00000", "2012-12-31": "128.00000", "2011-12-31": "144.00000", "2010-12-31": "135.00000", "2009-12-31": "85.00000", "2008-12-31": ""}, "Total Long-Term Assets": {"2019-12-31": "16749.00000", "2018-12-31": "16305.00000", "2017-12-31": "18005.00000", "2016-12-31": "19500.00000", "2015-12-31": "21542.00000", "2014-12-31": "4220.00000", "2013-12-31": "4357.00000", "2012-12-31": "4485.00000", "2011-12-31": "4646.00000", "2010-12-31": "5501.00000", "2009-12-31": "6066.00000", "2008-12-31": ""}, "Total Assets": {"2019-12-31": "20016.00000", "2018-12-31": "21530.00000", "2017-12-31": "24049.00000", "2016-12-31": "24898.00000", "2015-12-31": "26354.00000", "2014-12-31": "6850.00000", "2013-12-31": "6449.00000", "2012-12-31": "6439.00000", "2011-12-31": "6612.00000", "2010-12-31": "7637.00000", "2009-12-31": "8579.00000", "2008-12-31": "0.00000"}, "Total Current Liabilities": {"2019-12-31": "1791.00000", "2018-12-31": "3385.00000", "2017-12-31": "2718.00000", "2016-12-31": "2433.00000", "2015-12-31": "2548.00000", "2014-12-31": "1320.00000", "2013-12-31": "1193.00000", "2012-12-31": "1496.00000", "2011-12-31": "1049.00000", "2010-12-31": "1748.00000", "2009-12-31": "2253.00000", "2008-12-31": ""}, "Long Term Debt": {"2019-12-31": "7365.00000", "2018-12-31": "6247.00000", "2017-12-31": "5814.00000", "2016-12-31": "8766.00000", "2015-12-31": "8656.00000", "2014-12-31": "3936.00000", "2013-12-31": "3281.00000", "2012-12-31": "3185.00000", "2011-12-31": "3747.00000", "2010-12-31": "4128.00000", "2009-12-31": "4673.00000", "2008-12-31": ""}, "Other Non-Current Liabilities": {"2019-12-31": "923.00000", "2018-12-31": "758.00000", "2017-12-31": "1100.00000", "2016-12-31": "884.00000", "2015-12-31": "1054.00000", "2014-12-31": "717.00000", "2013-12-31": "182.00000", "2012-12-31": "205.00000", "2011-12-31": "241.00000", "2010-12-31": "522.00000", "2009-12-31": "582.00000", "2008-12-31": ""}, "Total Long Term Liabilities": {"2019-12-31": "8570.00000", "2018-12-31": "7455.00000", "2017-12-31": "7804.00000", "2016-12-31": "11309.00000", "2015-12-31": "12291.00000", "2014-12-31": "4729.00000", "2013-12-31": "3710.00000", "2012-12-31": "3659.00000", "2011-12-31": "4206.00000", "2010-12-31": "4670.00000", "2009-12-31": "5285.00000", "2008-12-31": ""}, "Total Liabilities": {"2019-12-31": "10361.00000", "2018-12-31": "10840.00000", "2017-12-31": "10522.00000", "2016-12-31": "13742.00000", "2015-12-31": "14839.00000", "2014-12-31": "6049.00000", "2013-12-31": "4903.00000", "2012-12-31": "5155.00000", "2011-12-31": "5255.00000", "2010-12-31": "6418.00000", "2009-12-31": "7538.00000", "2008-12-31": "0.00000"}, "Common Stock Net": {"2019-12-31": "64.00000", "2018-12-31": "67.00000", "2017-12-31": "71.00000", "2016-12-31": "71.00000", "2015-12-31": "68.00000", "2014-12-31": "51.00000", "2013-12-31": "51.00000", "2012-12-31": "51.00000", "2011-12-31": "51.00000", "2010-12-31": "51.00000", "2009-12-31": "42.00000", "2008-12-31": "0.00000"}, "Retained Earnings (Accumulated Deficit)": {"2019-12-31": "-2845.00000", "2018-12-31": "-1907.00000", "2017-12-31": "-2339.00000", "2016-12-31": "-3934.00000", "2015-12-31": "-3542.00000", "2014-12-31": "-4804.00000", "2013-12-31": "-5105.00000", "2012-12-31": "-5334.00000", "2011-12-31": "-5219.00000", "2010-12-31": "-5609.00000", "2009-12-31": "-5153.00000", "2008-12-31": ""}, "Comprehensive Income": {"2019-12-31": "75.00000", "2018-12-31": "123.00000", "2017-12-31": "177.00000", "2016-12-31": "34.00000", "2015-12-31": "181.00000", "2014-12-31": "210.00000", "2013-12-31": "347.00000", "2012-12-31": "300.00000", "2011-12-31": "323.00000", "2010-12-31": "538.00000", "2009-12-31": "399.00000", "2008-12-31": ""}, "Other Share Holders Equity": {"2019-12-31": "", "2018-12-31": "", "2017-12-31": "", "2016-12-31": "", "2015-12-31": "", "2014-12-31": "", "2013-12-31": "", "2012-12-31": "", "2011-12-31": "", "2010-12-31": "", "2009-12-31": "", "2008-12-31": "0.00000"}, "Share Holder Equity": {"2019-12-31": "9655.00000", "2018-12-31": "10690.00000", "2017-12-31": "13527.00000", "2016-12-31": "11156.00000", "2015-12-31": "11515.00000", "2014-12-31": "801.00000", "2013-12-31": "1546.00000", "2012-12-31": "1284.00000", "2011-12-31": "1357.00000", "2010-12-31": "1219.00000", "2009-12-31": "1041.00000", "2008-12-31": "0.00000"}, "Total Liabilities And Share Holders Equity": {"2019-12-31": "20016.00000", "2018-12-31": "21530.00000", "2017-12-31": "24049.00000", "2016-12-31": "24898.00000", "2015-12-31": "26354.00000", "2014-12-31": "6850.00000", "2013-12-31": "6449.00000", "2012-12-31": "6439.00000", "2011-12-31": "6612.00000", "2010-12-31": "7637.00000", "2009-12-31": "8579.00000", "2008-12-31": "0.00000"}}, "balance sheet, quarterly": {"Cash On Hand": {"2020-09-30": "3566.00000", "2020-06-30": "3266.00000", "2020-03-31": "1079.00000", "2019-12-31": "1045.00000", "2019-09-30": "3537.00000", "2019-06-30": "3030.00000", "2019-03-31": "2192.00000", "2018-12-31": "2789.00000", "2018-09-30": "1944.00000", "2018-06-30": "2981.00000", "2018-03-31": "3983.00000", "2017-12-31": "3547.00000", "2017-09-30": "3065.00000", "2017-06-30": "2642.00000", "2017-03-31": "2238.00000", "2016-12-31": "1894.00000", "2016-09-30": "1569.00000", "2016-06-30": "1335.00000", "2016-03-31": "1488.00000", "2015-12-31": "1614.00000", "2015-09-30": "2492.00000", "2015-06-30": "2435.00000", "2015-03-31": "1355.00000", "2014-12-31": "1185.00000", "2014-09-30": "594.00000", "2014-06-30": "661.00000", "2014-03-31": "720.00000", "2013-12-31": "670.00000", "2013-09-30": "941.00000", "2013-06-30": "569.00000", "2013-03-31": "595.00000", "2012-12-31": "617.00000", "2012-09-30": "702.00000", "2012-06-30": "837.00000", "2012-03-31": "782.00000", "2011-12-31": "743.00000", "2011-09-30": "865.00000", "2011-06-30": "859.00000", "2011-03-31": "879.00000", "2010-12-31": "898.00000", "2010-09-30": "962.00000", "2010-06-30": "842.00000", "2010-03-31": "", "2009-12-31": "1026.00000", "2009-09-30": "", "2008-12-31": ""}, "Receivables": {"2020-09-30": "755.00000", "2020-06-30": "481.00000", "2020-03-31": "616.00000", "2019-12-31": "667.00000", "2019-09-30": "786.00000", "2019-06-30": "780.00000", "2019-03-31": "800.00000", "2018-12-31": "792.00000", "2018-09-30": "845.00000", "2018-06-30": "790.00000", "2018-03-31": "791.00000", "2017-12-31": "879.00000", "2017-09-30": "915.00000", "2017-06-30": "915.00000", "2017-03-31": "983.00000", "2016-12-31": "1033.00000", "2016-09-30": "1157.00000", "2016-06-30": "1085.00000", "2016-03-31": "1054.00000", "2015-12-31": "1047.00000", "2015-09-30": "657.00000", "2015-06-30": "574.00000", "2015-03-31": "585.00000", "2014-12-31": "593.00000", "2014-09-30": "728.00000", "2014-06-30": "669.00000", "2014-03-31": "590.00000", "2013-12-31": "542.00000", "2013-09-30": "582.00000", "2013-06-30": "544.00000", "2013-03-31": "512.00000", "2012-12-31": "510.00000", "2012-09-30": "485.00000", "2012-06-30": "467.00000", "2012-03-31": "433.00000", "2011-12-31": "479.00000", "2011-09-30": "446.00000", "2011-06-30": "470.00000", "2011-03-31": "463.00000", "2010-12-31": "438.00000", "2010-09-30": "570.00000", "2010-06-30": "524.00000", "2010-03-31": "", "2009-12-31": "448.00000", "2009-09-30": "", "2008-12-31": ""}, "Inventory": {"2020-09-30": "1064.00000", "2020-06-30": "1228.00000", "2020-03-31": "1227.00000", "2019-12-31": "1192.00000", "2019-09-30": "1134.00000", "2019-06-30": "1144.00000", "2019-03-31": "1241.00000", "2018-12-31": "1279.00000", "2018-09-30": "1284.00000", "2018-06-30": "1326.00000", "2018-03-31": "1251.00000", "2017-12-31": "1236.00000", "2017-09-30": "1205.00000", "2017-06-30": "1178.00000", "2017-03-31": "1144.00000", "2016-12-31": "1113.00000", "2016-09-30": "1141.00000", "2016-06-30": "1167.00000", "2016-03-31": "1452.00000", "2015-12-31": "1879.00000", "2015-09-30": "751.00000", "2015-06-30": "756.00000", "2015-03-31": "772.00000", "2014-12-31": "755.00000", "2014-09-30": "748.00000", "2014-06-30": "751.00000", "2014-03-31": "740.00000", "2013-12-31": "740.00000", "2013-09-30": "754.00000", "2013-06-30": "742.00000", "2013-03-31": "730.00000", "2012-12-31": "715.00000", "2012-09-30": "671.00000", "2012-06-30": "644.00000", "2012-03-31": "619.00000", "2011-12-31": "618.00000", "2011-09-30": "610.00000", "2011-06-30": "571.00000", "2011-03-31": "537.00000", "2010-12-31": "513.00000", "2010-09-30": "504.00000", "2010-06-30": "517.00000", "2010-03-31": "", "2009-12-31": "522.00000", "2009-09-30": "", "2008-12-31": ""}, "Pre-Paid Expenses": {"2020-09-30": "", "2020-06-30": "", "2020-03-31": "", "2019-12-31": "", "2019-09-30": "", "2019-06-30": "", "2019-03-31": "", "2018-12-31": "", "2018-09-30": "", "2018-06-30": "", "2018-03-31": "", "2017-12-31": "", "2017-09-30": "", "2017-06-30": "", "2017-03-31": "", "2016-12-31": "", "2016-09-30": "", "2016-06-30": "", "2016-03-31": "", "2015-12-31": "", "2015-09-30": "", "2015-06-30": "", "2015-03-31": "", "2014-12-31": "", "2014-09-30": "", "2014-06-30": "", "2014-03-31": "", "2013-12-31": "", "2013-09-30": "", "2013-06-30": "", "2013-03-31": "", "2012-12-31": "", "2012-09-30": "", "2012-06-30": "", "2012-03-31": "", "2011-12-31": "", "2011-09-30": "", "2011-06-30": "", "2011-03-31": "", "2010-12-31": "", "2010-09-30": "", "2010-06-30": "", "2010-03-31": "", "2009-12-31": "", "2009-09-30": "", "2008-12-31": ""}, "Other Current Assets": {"2020-09-30": "219.00000", "2020-06-30": "240.00000", "2020-03-31": "327.00000", "2019-12-31": "313.00000", "2019-09-30": "426.00000", "2019-06-30": "396.00000", "2019-03-31": "387.00000", "2018-12-31": "365.00000", "2018-09-30": "330.00000", "2018-06-30": "414.00000", "2018-03-31": "536.00000", "2017-12-31": "382.00000", "2017-09-30": "321.00000", "2017-06-30": "336.00000", "2017-03-31": "317.00000", "2016-12-31": "254.00000", "2016-09-30": "244.00000", "2016-06-30": "251.00000", "2016-03-31": "243.00000", "2015-12-31": "257.00000", "2015-09-30": "140.00000", "2015-06-30": "125.00000", "2015-03-31": "115.00000", "2014-12-31": "97.00000", "2014-09-30": "99.00000", "2014-06-30": "121.00000", "2014-03-31": "112.00000", "2013-12-31": "116.00000", "2013-09-30": "118.00000", "2013-06-30": "121.00000", "2013-03-31": "99.00000", "2012-12-31": "90.00000", "2012-09-30": "105.00000", "2012-06-30": "96.00000", "2012-03-31": "117.00000", "2011-12-31": "82.00000", "2011-09-30": "111.00000", "2011-06-30": "122.00000", "2011-03-31": "129.00000", "2010-12-31": "129.00000", "2010-09-30": "187.00000", "2010-06-30": "226.00000", "2010-03-31": "", "2009-12-31": "517.00000", "2009-09-30": "", "2008-12-31": ""}, "Total Current Assets": {"2020-09-30": "5604.00000", "2020-06-30": "5215.00000", "2020-03-31": "3249.00000", "2019-12-31": "3267.00000", "2019-09-30": "5944.00000", "2019-06-30": "5431.00000", "2019-03-31": "4620.00000", "2018-12-31": "5225.00000", "2018-09-30": "4403.00000", "2018-06-30": "5511.00000", "2018-03-31": "6561.00000", "2017-12-31": "6044.00000", "2017-09-30": "5506.00000", "2017-06-30": "5071.00000", "2017-03-31": "4682.00000", "2016-12-31": "5398.00000", "2016-09-30": "5203.00000", "2016-06-30": "4939.00000", "2016-03-31": "4245.00000", "2015-12-31": "4812.00000", "2015-09-30": "4399.00000", "2015-06-30": "4257.00000", "2015-03-31": "2894.00000", "2014-12-31": "2630.00000", "2014-09-30": "2183.00000", "2014-06-30": "2216.00000", "2014-03-31": "2187.00000", "2013-12-31": "2092.00000", "2013-09-30": "2413.00000", "2013-06-30": "1997.00000", "2013-03-31": "1956.00000", "2012-12-31": "1954.00000", "2012-09-30": "1971.00000", "2012-06-30": "2061.00000", "2012-03-31": "1989.00000", "2011-12-31": "1966.00000", "2011-09-30": "2077.00000", "2011-06-30": "2159.00000", "2011-03-31": "2155.00000", "2010-12-31": "2136.00000", "2010-09-30": "2223.00000", "2010-06-30": "2109.00000", "2010-03-31": "", "2009-12-31": "2513.00000", "2009-09-30": "", "2008-12-31": ""}, "Property, Plant, And Equipment": {"2020-09-30": "2255.00000", "2020-06-30": "2312.00000", "2020-03-31": "2397.00000", "2019-12-31": "2448.00000", "2019-09-30": "2401.00000", "2019-06-30": "2397.00000", "2019-03-31": "2407.00000", "2018-12-31": "2436.00000", "2018-09-30": "2394.00000", "2018-06-30": "2352.00000", "2018-03-31": "2307.00000", "2017-12-31": "2295.00000", "2017-09-30": "2288.00000", "2017-06-30": "2306.00000", "2017-03-31": "2279.00000", "2016-12-31": "2352.00000", "2016-09-30": "2366.00000", "2016-06-30": "2403.00000", "2016-03-31": "2848.00000", "2015-12-31": "2922.00000", "2015-09-30": "1097.00000", "2015-06-30": "1078.00000", "2015-03-31": "1107.00000", "2014-12-31": "1123.00000", "2014-09-30": "1087.00000", "2014-06-30": "1079.00000", "2014-03-31": "1045.00000", "2013-12-31": "1048.00000", "2013-09-30": "1032.00000", "2013-06-30": "1030.00000", "2013-03-31": "1039.00000", "2012-12-31": "1070.00000", "2012-09-30": "1086.00000", "2012-06-30": "1044.00000", "2012-03-31": "1049.00000", "2011-12-31": "1063.00000", "2011-09-30": "1107.00000", "2011-06-30": "1156.00000", "2011-03-31": "1148.00000", "2010-12-31": "1164.00000", "2010-09-30": "", "2010-06-30": "", "2010-03-31": "", "2009-12-31": "2301.00000", "2009-09-30": "", "2008-12-31": ""}, "Long-Term Investments": {"2020-09-30": "", "2020-06-30": "", "2020-03-31": "", "2019-12-31": "", "2019-09-30": "", "2019-06-30": "", "2019-03-31": "", "2018-12-31": "", "2018-09-30": "", "2018-06-30": "", "2018-03-31": "", "2017-12-31": "", "2017-09-30": "862.00000", "2017-06-30": "", "2017-03-31": "", "2016-12-31": "962.00000", "2016-09-30": "", "2016-06-30": "", "2016-03-31": "", "2015-12-31": "", "2015-09-30": "78.00000", "2015-06-30": "75.00000", "2015-03-31": "73.00000", "2014-12-31": "", "2014-09-30": "59.00000", "2014-06-30": "56.00000", "2014-03-31": "53.00000", "2013-12-31": "52.00000", "2013-09-30": "50.00000", "2013-06-30": "47.00000", "2013-03-31": "46.00000", "2012-12-31": "45.00000", "2012-09-30": "42.00000", "2012-06-30": "39.00000", "2012-03-31": "38.00000", "2011-12-31": "37.00000", "2011-09-30": "89.00000", "2011-06-30": "114.00000", "2011-03-31": "129.00000", "2010-12-31": "151.00000", "2010-09-30": "159.00000", "2010-06-30": "166.00000", "2010-03-31": "", "2009-12-31": "78.00000", "2009-09-30": "", "2008-12-31": ""}, "Goodwill And Intangible Assets": {"2020-09-30": "12339.00000", "2020-06-30": "12770.00000", "2020-03-31": "13153.00000", "2019-12-31": "13569.00000", "2019-09-30": "12197.00000", "2019-06-30": "12525.00000", "2019-03-31": "12946.00000", "2018-12-31": "13324.00000", "2018-09-30": "13627.00000", "2018-06-30": "13988.00000", "2018-03-31": "14371.00000", "2017-12-31": "14729.00000", "2017-09-30": "15137.00000", "2017-06-30": "15466.00000", "2017-03-31": "15837.00000", "2016-12-31": "16186.00000", "2016-09-30": "16566.00000", "2016-06-30": "16720.00000", "2016-03-31": "17685.00000", "2015-12-31": "18018.00000", "2015-09-30": "2303.00000", "2015-06-30": "2321.00000", "2015-03-31": "2512.00000", "2014-12-31": "2694.00000", "2014-09-30": "2796.00000", "2014-06-30": "2995.00000", "2014-03-31": "3061.00000", "2013-12-31": "3113.00000", "2013-09-30": "3110.00000", "2013-06-30": "3094.00000", "2013-03-31": "3109.00000", "2012-12-31": "3242.00000", "2012-09-30": "3258.00000", "2012-06-30": "3247.00000", "2012-03-31": "3461.00000", "2011-12-31": "3402.00000", "2011-09-30": "3590.00000", "2011-06-30": "3894.00000", "2011-03-31": "3875.00000", "2010-12-31": "3785.00000", "2010-09-30": "4156.00000", "2010-06-30": "3859.00000", "2010-03-31": "0.00000", "2009-12-31": "4278.00000", "2009-09-30": "", "2008-12-31": "0.00000"}, "Other Long-Term Assets": {"2020-09-30": "924.00000", "2020-06-30": "760.00000", "2020-03-31": "712.00000", "2019-12-31": "732.00000", "2019-09-30": "712.00000", "2019-06-30": "706.00000", "2019-03-31": "699.00000", "2018-12-31": "545.00000", "2018-09-30": "632.00000", "2018-06-30": "793.00000", "2018-03-31": "888.00000", "2017-12-31": "981.00000", "2017-09-30": "", "2017-06-30": "785.00000", "2017-03-31": "816.00000", "2016-12-31": "", "2016-09-30": "657.00000", "2016-06-30": "519.00000", "2016-03-31": "595.00000", "2015-12-31": "602.00000", "2015-09-30": "373.00000", "2015-06-30": "462.00000", "2015-03-31": "479.00000", "2014-12-31": "403.00000", "2014-09-30": "141.00000", "2014-06-30": "150.00000", "2014-03-31": "143.00000", "2013-12-31": "144.00000", "2013-09-30": "139.00000", "2013-06-30": "128.00000", "2013-03-31": "131.00000", "2012-12-31": "128.00000", "2012-09-30": "144.00000", "2012-06-30": "145.00000", "2012-03-31": "145.00000", "2011-12-31": "144.00000", "2011-09-30": "151.00000", "2011-06-30": "173.00000", "2011-03-31": "156.00000", "2010-12-31": "135.00000", "2010-09-30": "168.00000", "2010-06-30": "206.00000", "2010-03-31": "", "2009-12-31": "382.00000", "2009-09-30": "", "2008-12-31": ""}, "Total Long-Term Assets": {"2020-09-30": "15518.00000", "2020-06-30": "15842.00000", "2020-03-31": "16262.00000", "2019-12-31": "16749.00000", "2019-09-30": "15310.00000", "2019-06-30": "15628.00000", "2019-03-31": "16052.00000", "2018-12-31": "16305.00000", "2018-09-30": "16653.00000", "2018-06-30": "17133.00000", "2018-03-31": "17566.00000", "2017-12-31": "18005.00000", "2017-09-30": "18287.00000", "2017-06-30": "18557.00000", "2017-03-31": "18932.00000", "2016-12-31": "19500.00000", "2016-09-30": "19589.00000", "2016-06-30": "19642.00000", "2016-03-31": "21128.00000", "2015-12-31": "21542.00000", "2015-09-30": "3851.00000", "2015-06-30": "3936.00000", "2015-03-31": "4171.00000", "2014-12-31": "4220.00000", "2014-09-30": "4083.00000", "2014-06-30": "4280.00000", "2014-03-31": "4302.00000", "2013-12-31": "4357.00000", "2013-09-30": "4331.00000", "2013-06-30": "4299.00000", "2013-03-31": "4325.00000", "2012-12-31": "4485.00000", "2012-09-30": "4530.00000", "2012-06-30": "4475.00000", "2012-03-31": "4693.00000", "2011-12-31": "4646.00000", "2011-09-30": "4937.00000", "2011-06-30": "5639.00000", "2011-03-31": "5598.00000", "2010-12-31": "5501.00000", "2010-09-30": "4483.00000", "2010-06-30": "4231.00000", "2010-03-31": "", "2009-12-31": "7039.00000", "2009-09-30": "", "2008-12-31": ""}, "Total Assets": {"2020-09-30": "21122.00000", "2020-06-30": "21057.00000", "2020-03-31": "19511.00000", "2019-12-31": "20016.00000", "2019-09-30": "21254.00000", "2019-06-30": "21059.00000", "2019-03-31": "20672.00000", "2018-12-31": "21530.00000", "2018-09-30": "21056.00000", "2018-06-30": "22644.00000", "2018-03-31": "24127.00000", "2017-12-31": "24049.00000", "2017-09-30": "23793.00000", "2017-06-30": "23628.00000", "2017-03-31": "23614.00000", "2016-12-31": "24898.00000", "2016-09-30": "24792.00000", "2016-06-30": "24581.00000", "2016-03-31": "25373.00000", "2015-12-31": "26354.00000", "2015-09-30": "8250.00000", "2015-06-30": "8193.00000", "2015-03-31": "7065.00000", "2014-12-31": "6850.00000", "2014-09-30": "6266.00000", "2014-06-30": "6496.00000", "2014-03-31": "6489.00000", "2013-12-31": "6449.00000", "2013-09-30": "6744.00000", "2013-06-30": "6296.00000", "2013-03-31": "6281.00000", "2012-12-31": "6439.00000", "2012-09-30": "6501.00000", "2012-06-30": "6536.00000", "2012-03-31": "6682.00000", "2011-12-31": "6612.00000", "2011-09-30": "7014.00000", "2011-06-30": "7798.00000", "2011-03-31": "7753.00000", "2010-12-31": "7637.00000", "2010-09-30": "7911.00000", "2010-06-30": "7528.00000", "2010-03-31": "0.00000", "2009-12-31": "8579.00000", "2009-09-30": "0.00000", "2008-12-31": "0.00000"}, "Total Current Liabilities": {"2020-09-30": "3411.00000", "2020-06-30": "2992.00000", "2020-03-31": "1831.00000", "2019-12-31": "1791.00000", "2019-09-30": "3126.00000", "2019-06-30": "2983.00000", "2019-03-31": "3262.00000", "2018-12-31": "3385.00000", "2018-09-30": "3596.00000", "2018-06-30": "1850.00000", "2018-03-31": "3165.00000", "2017-12-31": "2718.00000", "2017-09-30": "2703.00000", "2017-06-30": "2714.00000", "2017-03-31": "2065.00000", "2016-12-31": "2433.00000", "2016-09-30": "2563.00000", "2016-06-30": "2592.00000", "2016-03-31": "2698.00000", "2015-12-31": "2548.00000", "2015-09-30": "1777.00000", "2015-06-30": "1320.00000", "2015-03-31": "1325.00000", "2014-12-31": "1320.00000", "2014-09-30": "1265.00000", "2014-06-30": "1286.00000", "2014-03-31": "1235.00000", "2013-12-31": "1193.00000", "2013-09-30": "1605.00000", "2013-06-30": "1181.00000", "2013-03-31": "1403.00000", "2012-12-31": "1496.00000", "2012-09-30": "1309.00000", "2012-06-30": "1105.00000", "2012-03-31": "1404.00000", "2011-12-31": "1049.00000", "2011-09-30": "1230.00000", "2011-06-30": "1835.00000", "2011-03-31": "1681.00000", "2010-12-31": "1748.00000", "2010-09-30": "1897.00000", "2010-06-30": "2041.00000", "2010-03-31": "", "2009-12-31": "2253.00000", "2009-09-30": "", "2008-12-31": ""}, "Long Term Debt": {"2020-09-30": "7607.00000", "2020-06-30": "8004.00000", "2020-03-31": "7366.00000", "2019-12-31": "7365.00000", "2019-09-30": "7363.00000", "2019-06-30": "7361.00000", "2019-03-31": "6223.00000", "2018-12-31": "6247.00000", "2018-09-30": "5354.00000", "2018-06-30": "5341.00000", "2018-03-31": "5329.00000", "2017-12-31": "5814.00000", "2017-09-30": "5802.00000", "2017-06-30": "5790.00000", "2017-03-31": "6498.00000", "2016-12-31": "8766.00000", "2016-09-30": "8761.00000", "2016-06-30": "8272.00000", "2016-03-31": "8270.00000", "2015-12-31": "8656.00000", "2015-09-30": "4518.00000", "2015-06-30": "5014.00000", "2015-03-31": "4012.00000", "2014-12-31": "3936.00000", "2014-09-30": "3790.00000", "2014-06-30": "3543.00000", "2014-03-31": "3546.00000", "2013-12-31": "3281.00000", "2013-09-30": "3232.00000", "2013-06-30": "3331.00000", "2013-03-31": "3149.00000", "2012-12-31": "3185.00000", "2012-09-30": "3338.00000", "2012-06-30": "3767.00000", "2012-03-31": "3447.00000", "2011-12-31": "3747.00000", "2011-09-30": "3772.00000", "2011-06-30": "4065.00000", "2011-03-31": "4198.00000", "2010-12-31": "4128.00000", "2010-09-30": "4140.00000", "2010-06-30": "4447.00000", "2010-03-31": "", "2009-12-31": "4673.00000", "2009-09-30": "", "2008-12-31": ""}, "Other Non-Current Liabilities": {"2020-09-30": "895.00000", "2020-06-30": "870.00000", "2020-03-31": "857.00000", "2019-12-31": "923.00000", "2019-09-30": "885.00000", "2019-06-30": "858.00000", "2019-03-31": "866.00000", "2018-12-31": "758.00000", "2018-09-30": "799.00000", "2018-06-30": "985.00000", "2018-03-31": "1093.00000", "2017-12-31": "1100.00000", "2017-09-30": "974.00000", "2017-06-30": "913.00000", "2017-03-31": "939.00000", "2016-12-31": "884.00000", "2016-09-30": "904.00000", "2016-06-30": "781.00000", "2016-03-31": "870.00000", "2015-12-31": "1054.00000", "2015-09-30": "528.00000", "2015-06-30": "686.00000", "2015-03-31": "726.00000", "2014-12-31": "717.00000", "2014-09-30": "140.00000", "2014-06-30": "165.00000", "2014-03-31": "179.00000", "2013-12-31": "182.00000", "2013-09-30": "200.00000", "2013-06-30": "191.00000", "2013-03-31": "189.00000", "2012-12-31": "205.00000", "2012-09-30": "226.00000", "2012-06-30": "447.00000", "2012-03-31": "477.00000", "2011-12-31": "241.00000", "2011-09-30": "452.00000", "2011-06-30": "466.00000", "2011-03-31": "475.00000", "2010-12-31": "522.00000", "2010-09-30": "569.00000", "2010-06-30": "490.00000", "2010-03-31": "", "2009-12-31": "612.00000", "2009-09-30": "", "2008-12-31": ""}, "Total Long Term Liabilities": {"2020-09-30": "8638.00000", "2020-06-30": "9010.00000", "2020-03-31": "8422.00000", "2019-12-31": "8570.00000", "2019-09-30": "8738.00000", "2019-06-30": "8751.00000", "2019-03-31": "7479.00000", "2018-12-31": "7455.00000", "2018-09-30": "6655.00000", "2018-06-30": "7064.00000", "2018-03-31": "7072.00000", "2017-12-31": "7804.00000", "2017-09-30": "8101.00000", "2017-06-30": "8082.00000", "2017-03-31": "8926.00000", "2016-12-31": "11309.00000", "2016-09-30": "11475.00000", "2016-06-30": "10920.00000", "2016-03-31": "11184.00000", "2015-12-31": "12291.00000", "2015-09-30": "5316.00000", "2015-06-30": "5972.00000", "2015-03-31": "5005.00000", "2014-12-31": "4729.00000", "2014-09-30": "4170.00000", "2014-06-30": "3956.00000", "2014-03-31": "3971.00000", "2013-12-31": "3710.00000", "2013-09-30": "3701.00000", "2013-06-30": "3782.00000", "2013-03-31": "3603.00000", "2012-12-31": "3659.00000", "2012-09-30": "3788.00000", "2012-06-30": "4214.00000", "2012-03-31": "3924.00000", "2011-12-31": "4206.00000", "2011-09-30": "4224.00000", "2011-06-30": "4552.00000", "2011-03-31": "4695.00000", "2010-12-31": "4670.00000", "2010-09-30": "4709.00000", "2010-06-30": "4937.00000", "2010-03-31": "", "2009-12-31": "5285.00000", "2009-09-30": "", "2008-12-31": ""}, "Total Liabilities": {"2020-09-30": "12049.00000", "2020-06-30": "12002.00000", "2020-03-31": "10253.00000", "2019-12-31": "10361.00000", "2019-09-30": "11864.00000", "2019-06-30": "11734.00000", "2019-03-31": "10741.00000", "2018-12-31": "10840.00000", "2018-09-30": "10251.00000", "2018-06-30": "8914.00000", "2018-03-31": "10237.00000", "2017-12-31": "10522.00000", "2017-09-30": "10804.00000", "2017-06-30": "10796.00000", "2017-03-31": "10991.00000", "2016-12-31": "13742.00000", "2016-09-30": "14038.00000", "2016-06-30": "13512.00000", "2016-03-31": "13882.00000", "2015-12-31": "14839.00000", "2015-09-30": "7093.00000", "2015-06-30": "7292.00000", "2015-03-31": "6330.00000", "2014-12-31": "6049.00000", "2014-09-30": "5435.00000", "2014-06-30": "5242.00000", "2014-03-31": "5206.00000", "2013-12-31": "4903.00000", "2013-09-30": "5306.00000", "2013-06-30": "4963.00000", "2013-03-31": "5006.00000", "2012-12-31": "5155.00000", "2012-09-30": "5097.00000", "2012-06-30": "5319.00000", "2012-03-31": "5328.00000", "2011-12-31": "5255.00000", "2011-09-30": "5454.00000", "2011-06-30": "6387.00000", "2011-03-31": "6376.00000", "2010-12-31": "6418.00000", "2010-09-30": "6606.00000", "2010-06-30": "6978.00000", "2010-03-31": "0.00000", "2009-12-31": "7538.00000", "2009-09-30": "", "2008-12-31": "0.00000"}, "Common Stock Net": {"2020-09-30": "64.00000", "2020-06-30": "64.00000", "2020-03-31": "64.00000", "2019-12-31": "64.00000", "2019-09-30": "67.00000", "2019-06-30": "67.00000", "2019-03-31": "67.00000", "2018-12-31": "67.00000", "2018-09-30": "71.00000", "2018-06-30": "71.00000", "2018-03-31": "71.00000", "2017-12-31": "71.00000", "2017-09-30": "71.00000", "2017-06-30": "71.00000", "2017-03-31": "71.00000", "2016-12-31": "71.00000", "2016-09-30": "71.00000", "2016-06-30": "71.00000", "2016-03-31": "71.00000", "2015-12-31": "68.00000", "2015-09-30": "51.00000", "2015-06-30": "51.00000", "2015-03-31": "51.00000", "2014-12-31": "51.00000", "2014-09-30": "51.00000", "2014-06-30": "51.00000", "2014-03-31": "51.00000", "2013-12-31": "51.00000", "2013-09-30": "51.00000", "2013-06-30": "51.00000", "2013-03-31": "51.00000", "2012-12-31": "51.00000", "2012-09-30": "51.00000", "2012-06-30": "51.00000", "2012-03-31": "51.00000", "2011-12-31": "51.00000", "2011-09-30": "51.00000", "2011-06-30": "51.00000", "2011-03-31": "51.00000", "2010-12-31": "51.00000", "2010-09-30": "", "2010-06-30": "42.00000", "2010-03-31": "0.00000", "2009-12-31": "42.00000", "2009-09-30": "", "2008-12-31": "0.00000"}, "Retained Earnings (Accumulated Deficit)": {"2020-09-30": "-3313.00000", "2020-06-30": "-3155.00000", "2020-03-31": "-2933.00000", "2019-12-31": "-2845.00000", "2019-09-30": "-2037.00000", "2019-06-30": "-1998.00000", "2019-03-31": "-2112.00000", "2018-12-31": "-1907.00000", "2018-09-30": "-996.00000", "2018-06-30": "-2368.00000", "2018-03-31": "-2389.00000", "2017-12-31": "-2339.00000", "2017-09-30": "-2700.00000", "2017-06-30": "-2766.00000", "2017-03-31": "-2737.00000", "2016-12-31": "-3934.00000", "2016-09-30": "-4282.00000", "2016-06-30": "-4350.00000", "2016-03-31": "-4290.00000", "2015-12-31": "-3542.00000", "2015-09-30": "-4318.00000", "2015-06-30": "-4670.00000", "2015-03-31": "-4950.00000", "2014-12-31": "-4804.00000", "2014-09-30": "-4777.00000", "2014-06-30": "-4891.00000", "2014-03-31": "-5044.00000", "2013-12-31": "-5105.00000", "2013-09-30": "-5105.00000", "2013-06-30": "-5247.00000", "2013-03-31": "-5352.00000", "2012-12-31": "-5334.00000", "2012-09-30": "-5218.00000", "2012-06-30": "-5333.00000", "2012-03-31": "-5243.00000", "2011-12-31": "-5219.00000", "2011-09-30": "-5037.00000", "2011-06-30": "-5338.00000", "2011-03-31": "-5422.00000", "2010-12-31": "-5609.00000", "2010-09-30": "", "2010-06-30": "-5926.00000", "2010-03-31": "", "2009-12-31": "-5153.00000", "2009-09-30": "", "2008-12-31": ""}, "Comprehensive Income": {"2020-09-30": "90.00000", "2020-06-30": "50.00000", "2020-03-31": "14.00000", "2019-12-31": "75.00000", "2019-09-30": "67.00000", "2019-06-30": "118.00000", "2019-03-31": "109.00000", "2018-12-31": "123.00000", "2018-09-30": "126.00000", "2018-06-30": "120.00000", "2018-03-31": "212.00000", "2017-12-31": "177.00000", "2017-09-30": "180.00000", "2017-06-30": "159.00000", "2017-03-31": "100.00000", "2016-12-31": "34.00000", "2016-09-30": "232.00000", "2016-06-30": "201.00000", "2016-03-31": "241.00000", "2015-12-31": "181.00000", "2015-09-30": "191.00000", "2015-06-30": "198.00000", "2015-03-31": "189.00000", "2014-12-31": "210.00000", "2014-09-30": "307.00000", "2014-06-30": "350.00000", "2014-03-31": "350.00000", "2013-12-31": "347.00000", "2013-09-30": "307.00000", "2013-06-30": "264.00000", "2013-03-31": "270.00000", "2012-12-31": "300.00000", "2012-09-30": "343.00000", "2012-06-30": "303.00000", "2012-03-31": "359.00000", "2011-12-31": "323.00000", "2011-09-30": "364.00000", "2011-06-30": "472.00000", "2011-03-31": "483.00000", "2010-12-31": "538.00000", "2010-09-30": "", "2010-06-30": "", "2010-03-31": "", "2009-12-31": "", "2009-09-30": "", "2008-12-31": ""}, "Other Share Holders Equity": {"2020-09-30": "", "2020-06-30": "", "2020-03-31": "", "2019-12-31": "", "2019-09-30": "", "2019-06-30": "", "2019-03-31": "", "2018-12-31": "", "2018-09-30": "", "2018-06-30": "", "2018-03-31": "", "2017-12-31": "", "2017-09-30": "", "2017-06-30": "", "2017-03-31": "", "2016-12-31": "", "2016-09-30": "", "2016-06-30": "", "2016-03-31": "", "2015-12-31": "", "2015-09-30": "", "2015-06-30": "", "2015-03-31": "", "2014-12-31": "", "2014-09-30": "", "2014-06-30": "", "2014-03-31": "", "2013-12-31": "", "2013-09-30": "", "2013-06-30": "", "2013-03-31": "", "2012-12-31": "", "2012-09-30": "", "2012-06-30": "", "2012-03-31": "", "2011-12-31": "", "2011-09-30": "", "2011-06-30": "", "2011-03-31": "", "2010-12-31": "", "2010-09-30": "1305.00000", "2010-06-30": "865.00000", "2010-03-31": "0.00000", "2009-12-31": "597.00000", "2009-09-30": "", "2008-12-31": "0.00000"}, "Share Holder Equity": {"2020-09-30": "9073.00000", "2020-06-30": "9055.00000", "2020-03-31": "9258.00000", "2019-12-31": "9655.00000", "2019-09-30": "9390.00000", "2019-06-30": "9325.00000", "2019-03-31": "9931.00000", "2018-12-31": "10690.00000", "2018-09-30": "10805.00000", "2018-06-30": "13730.00000", "2018-03-31": "13890.00000", "2017-12-31": "13527.00000", "2017-09-30": "12989.00000", "2017-06-30": "12832.00000", "2017-03-31": "12623.00000", "2016-12-31": "11156.00000", "2016-09-30": "10754.00000", "2016-06-30": "11069.00000", "2016-03-31": "11491.00000", "2015-12-31": "11515.00000", "2015-09-30": "1157.00000", "2015-06-30": "901.00000", "2015-03-31": "735.00000", "2014-12-31": "801.00000", "2014-09-30": "831.00000", "2014-06-30": "1254.00000", "2014-03-31": "1283.00000", "2013-12-31": "1546.00000", "2013-09-30": "1438.00000", "2013-06-30": "1333.00000", "2013-03-31": "1275.00000", "2012-12-31": "1284.00000", "2012-09-30": "1404.00000", "2012-06-30": "1217.00000", "2012-03-31": "1354.00000", "2011-12-31": "1357.00000", "2011-09-30": "1560.00000", "2011-06-30": "1411.00000", "2011-03-31": "1377.00000", "2010-12-31": "1219.00000", "2010-09-30": "1305.00000", "2010-06-30": "550.00000", "2010-03-31": "0.00000", "2009-12-31": "1041.00000", "2009-09-30": "", "2008-12-31": "0.00000"}, "Total Liabilities And Share Holders Equity": {"2020-09-30": "21122.00000", "2020-06-30": "21057.00000", "2020-03-31": "19511.00000", "2019-12-31": "20016.00000", "2019-09-30": "21254.00000", "2019-06-30": "21059.00000", "2019-03-31": "20672.00000", "2018-12-31": "21530.00000", "2018-09-30": "21056.00000", "2018-06-30": "22644.00000", "2018-03-31": "24127.00000", "2017-12-31": "24049.00000", "2017-09-30": "23793.00000", "2017-06-30": "23628.00000", "2017-03-31": "23614.00000", "2016-12-31": "24898.00000", "2016-09-30": "24792.00000", "2016-06-30": "24581.00000", "2016-03-31": "25373.00000", "2015-12-31": "26354.00000", "2015-09-30": "8250.00000", "2015-06-30": "8193.00000", "2015-03-31": "7065.00000", "2014-12-31": "6850.00000", "2014-09-30": "6266.00000", "2014-06-30": "6496.00000", "2014-03-31": "6489.00000", "2013-12-31": "6449.00000", "2013-09-30": "6744.00000", "2013-06-30": "6296.00000", "2013-03-31": "6281.00000", "2012-12-31": "6439.00000", "2012-09-30": "6501.00000", "2012-06-30": "6536.00000", "2012-03-31": "6682.00000", "2011-12-31": "6612.00000", "2011-09-30": "7014.00000", "2011-06-30": "7798.00000", "2011-03-31": "7753.00000", "2010-12-31": "7637.00000", "2010-09-30": "7911.00000", "2010-06-30": "7528.00000", "2010-03-31": "0.00000", "2009-12-31": "8579.00000", "2009-09-30": "", "2008-12-31": "0.00000"}}, "cash flow statement": {"Net Income/Loss": {"2019-12-31": "272.00000", "2018-12-31": "2258.00000", "2017-12-31": "2272.00000", "2016-12-31": "259.00000", "2015-12-31": "1599.00000", "2014-12-31": "607.00000", "2013-12-31": "415.00000", "2012-12-31": "-52.00000", "2011-12-31": "436.00000", "2010-12-31": "-406.00000", "2009-12-31": "-153.00000", "2008-12-31": "-3531.00000"}, "Total Depreciation And Amortization - Cash Flow": {"2019-12-31": "2047.00000", "2018-12-31": "1987.00000", "2017-12-31": "2173.00000", "2016-12-31": "2205.00000", "2015-12-31": "517.00000", "2014-12-31": "405.00000", "2013-12-31": "514.00000", "2012-12-31": "533.00000", "2011-12-31": "591.00000", "2010-12-31": "684.00000", "2009-12-31": "818.00000", "2008-12-31": "1184.00000"}, "Other Non-Cash Items": {"2019-12-31": "227.00000", "2018-12-31": "153.00000", "2017-12-31": "-1277.00000", "2016-12-31": "364.00000", "2015-12-31": "-818.00000", "2014-12-31": "370.00000", "2013-12-31": "114.00000", "2012-12-31": "213.00000", "2011-12-31": "-394.00000", "2010-12-31": "360.00000", "2009-12-31": "-1064.00000", "2008-12-31": "1442.00000"}, "Total Non-Cash Items": {"2019-12-31": "2274.00000", "2018-12-31": "2140.00000", "2017-12-31": "896.00000", "2016-12-31": "2569.00000", "2015-12-31": "-301.00000", "2014-12-31": "775.00000", "2013-12-31": "628.00000", "2012-12-31": "746.00000", "2011-12-31": "197.00000", "2010-12-31": "1044.00000", "2009-12-31": "-246.00000", "2008-12-31": "2626.00000"}, "Change In Accounts Receivable": {"2019-12-31": "116.00000", "2018-12-31": "187.00000", "2017-12-31": "31.00000", "2016-12-31": "-51.00000", "2015-12-31": "-78.00000", "2014-12-31": "-111.00000", "2013-12-31": "-37.00000", "2012-12-31": "2.00000", "2011-12-31": "-32.00000", "2010-12-31": "109.00000", "2009-12-31": "-66.00000", "2008-12-31": "173.00000"}, "Change In Inventories": {"2019-12-31": "128.00000", "2018-12-31": "-65.00000", "2017-12-31": "-120.00000", "2016-12-31": "568.00000", "2015-12-31": "82.00000", "2014-12-31": "-42.00000", "2013-12-31": "-22.00000", "2012-12-31": "-61.00000", "2011-12-31": "-104.00000", "2010-12-31": "8.00000", "2009-12-31": "31.00000", "2008-12-31": "144.00000"}, "Change In Accounts Payable": {"2019-12-31": "", "2018-12-31": "", "2017-12-31": "", "2016-12-31": "", "2015-12-31": "", "2014-12-31": "", "2013-12-31": "", "2012-12-31": "", "2011-12-31": "", "2010-12-31": "", "2009-12-31": "", "2008-12-31": ""}, "Change In Assets/Liabilities": {"2019-12-31": "43.00000", "2018-12-31": "-22.00000", "2017-12-31": "-897.00000", "2016-12-31": "-920.00000", "2015-12-31": "-138.00000", "2014-12-31": "14.00000", "2013-12-31": "-25.00000", "2012-12-31": "26.00000", "2011-12-31": "51.00000", "2010-12-31": "-157.00000", "2009-12-31": "-73.00000", "2008-12-31": "274.00000"}, "Total Change In Assets/Liabilities": {"2019-12-31": "-173.00000", "2018-12-31": "-29.00000", "2017-12-31": "-761.00000", "2016-12-31": "-559.00000", "2015-12-31": "-7.00000", "2014-12-31": "83.00000", "2013-12-31": "-152.00000", "2012-12-31": "28.00000", "2011-12-31": "-458.00000", "2010-12-31": "-277.00000", "2009-12-31": "-302.00000", "2008-12-31": "248.00000"}, "Cash Flow From Operating Activities": {"2019-12-31": "2373.00000", "2018-12-31": "4369.00000", "2017-12-31": "2447.00000", "2016-12-31": "2303.00000", "2015-12-31": "1330.00000", "2014-12-31": "1468.00000", "2013-12-31": "891.00000", "2012-12-31": "722.00000", "2011-12-31": "175.00000", "2010-12-31": "361.00000", "2009-12-31": "-701.00000", "2008-12-31": "-657.00000"}, "Net Change In Property, Plant, And Equipment": {"2019-12-31": "-503.00000", "2018-12-31": "-610.00000", "2017-12-31": "-550.00000", "2016-12-31": "-388.00000", "2015-12-31": "-334.00000", "2014-12-31": "-325.00000", "2013-12-31": "-209.00000", "2012-12-31": "-249.00000", "2011-12-31": "-206.00000", "2010-12-31": "-227.00000", "2009-12-31": "-71.00000", "2008-12-31": "-295.00000"}, "Net Change In Intangible Assets": {"2019-12-31": "-102.00000", "2018-12-31": "-50.00000", "2017-12-31": "-66.00000", "2016-12-31": "-59.00000", "2015-12-31": "-12.00000", "2014-12-31": "-36.00000", "2013-12-31": "-35.00000", "2012-12-31": "-29.00000", "2011-12-31": "-10.00000", "2010-12-31": "-7.00000", "2009-12-31": "-8.00000", "2008-12-31": "-36.00000"}, "Net Acquisitions/Divestitures": {"2019-12-31": "-1661.00000", "2018-12-31": "141.00000", "2017-12-31": "2682.00000", "2016-12-31": "-182.00000", "2015-12-31": "-87.00000", "2014-12-31": "-1.00000", "2013-12-31": "2.00000", "2012-12-31": "24.00000", "2011-12-31": "11.00000", "2010-12-31": "-60.00000", "2009-12-31": "123.00000", "2008-12-31": "1381.00000"}, "Net Change In Short-term Investments": {"2019-12-31": "", "2018-12-31": "", "2017-12-31": "", "2016-12-31": "", "2015-12-31": "", "2014-12-31": "", "2013-12-31": "", "2012-12-31": "", "2011-12-31": "", "2010-12-31": "", "2009-12-31": "", "2008-12-31": ""}, "Net Change In Long-Term Investments": {"2019-12-31": "-18.00000", "2018-12-31": "-3.00000", "2017-12-31": "", "2016-12-31": "", "2015-12-31": "1.00000", "2014-12-31": "", "2013-12-31": "4.00000", "2012-12-31": "12.00000", "2011-12-31": "", "2010-12-31": "", "2009-12-31": "19.00000", "2008-12-31": "-4.00000"}, "Net Change In Investments - Total": {"2019-12-31": "-18.00000", "2018-12-31": "-3.00000", "2017-12-31": "", "2016-12-31": "", "2015-12-31": "1.00000", "2014-12-31": "", "2013-12-31": "4.00000", "2012-12-31": "12.00000", "2011-12-31": "", "2010-12-31": "", "2009-12-31": "19.00000", "2008-12-31": "-4.00000"}, "Investing Activities - Other": {"2019-12-31": "", "2018-12-31": "", "2017-12-31": "6.00000", "2016-12-31": "2.00000", "2015-12-31": "2.00000", "2014-12-31": "-25.00000", "2013-12-31": "-2.00000", "2012-12-31": "-1.00000", "2011-12-31": "3.00000", "2010-12-31": "25.00000", "2009-12-31": "", "2008-12-31": ""}, "Cash Flow From Investing Activities": {"2019-12-31": "-2284.00000", "2018-12-31": "-522.00000", "2017-12-31": "2072.00000", "2016-12-31": "-627.00000", "2015-12-31": "-430.00000", "2014-12-31": "-387.00000", "2013-12-31": "-240.00000", "2012-12-31": "-243.00000", "2011-12-31": "-202.00000", "2010-12-31": "-269.00000", "2009-12-31": "63.00000", "2008-12-31": "1046.00000"}, "Net Long-Term Debt": {"2019-12-31": "", "2018-12-31": "723.00000", "2017-12-31": "-2744.00000", "2016-12-31": "-3333.00000", "2015-12-31": "62.00000", "2014-12-31": "1043.00000", "2013-12-31": "-196.00000", "2012-12-31": "-729.00000", "2011-12-31": "-429.00000", "2010-12-31": "-411.00000", "2009-12-31": "-287.00000", "2008-12-31": ""}, "Net Current Debt": {"2019-12-31": "", "2018-12-31": "", "2017-12-31": "", "2016-12-31": "-6.00000", "2015-12-31": "-2.00000", "2014-12-31": "-167.00000", "2013-12-31": "-91.00000", "2012-12-31": "230.00000", "2011-12-31": "-383.00000", "2010-12-31": "-192.00000", "2009-12-31": "207.00000", "2008-12-31": "396.00000"}, "Debt Issuance/Retirement Net - Total": {"2019-12-31": "", "2018-12-31": "723.00000", "2017-12-31": "-2744.00000", "2016-12-31": "-3339.00000", "2015-12-31": "60.00000", "2014-12-31": "876.00000", "2013-12-31": "-287.00000", "2012-12-31": "-499.00000", "2011-12-31": "-812.00000", "2010-12-31": "-603.00000", "2009-12-31": "-80.00000", "2008-12-31": "396.00000"}, "Net Common Equity Issued/Repurchased": {"2019-12-31": "-1359.00000", "2018-12-31": "-4967.00000", "2017-12-31": "-53.00000", "2016-12-31": "2094.00000", "2015-12-31": "-424.00000", "2014-12-31": "-1156.00000", "2013-12-31": "-228.00000", "2012-12-31": "-26.00000", "2011-12-31": "-47.00000", "2010-12-31": "448.00000", "2009-12-31": "", "2008-12-31": ""}, "Net Total Equity Issued/Repurchased": {"2019-12-31": "-1359.00000", "2018-12-31": "-4967.00000", "2017-12-31": "-53.00000", "2016-12-31": "2094.00000", "2015-12-31": "-424.00000", "2014-12-31": "-1156.00000", "2013-12-31": "-228.00000", "2012-12-31": "-26.00000", "2011-12-31": "-47.00000", "2010-12-31": "448.00000", "2009-12-31": "", "2008-12-31": ""}, "Total Common And Preferred Stock Dividends Paid": {"2019-12-31": "-319.00000", "2018-12-31": "-128.00000", "2017-12-31": "-89.00000", "2016-12-31": "-126.00000", "2015-12-31": "-51.00000", "2014-12-31": "-50.00000", "2013-12-31": "-48.00000", "2012-12-31": "-40.00000", "2011-12-31": "-67.00000", "2010-12-31": "-2.00000", "2009-12-31": "-29.00000", "2008-12-31": ""}, "Financial Activities - Other": {"2019-12-31": "-153.00000", "2018-12-31": "-225.00000", "2017-12-31": "", "2016-12-31": "-21.00000", "2015-12-31": "-34.00000", "2014-12-31": "-224.00000", "2013-12-31": "-35.00000", "2012-12-31": "-9.00000", "2011-12-31": "", "2010-12-31": "", "2009-12-31": "", "2008-12-31": "-78.00000"}, "Cash Flow From Financial Activities": {"2019-12-31": "-1831.00000", "2018-12-31": "-4597.00000", "2017-12-31": "-2886.00000", "2016-12-31": "-1392.00000", "2015-12-31": "-449.00000", "2014-12-31": "-554.00000", "2013-12-31": "-598.00000", "2012-12-31": "-574.00000", "2011-12-31": "-926.00000", "2010-12-31": "-157.00000", "2009-12-31": "-109.00000", "2008-12-31": "318.00000"}, "Net Cash Flow": {"2019-12-31": "-1744.00000", "2018-12-31": "-758.00000", "2017-12-31": "1653.00000", "2016-12-31": "280.00000", "2015-12-31": "429.00000", "2014-12-31": "515.00000", "2013-12-31": "53.00000", "2012-12-31": "-126.00000", "2011-12-31": "-165.00000", "2010-12-31": "-133.00000", "2009-12-31": "-755.00000", "2008-12-31": "755.00000"}, "Stock-Based Compensation": {"2019-12-31": "346.00000", "2018-12-31": "314.00000", "2017-12-31": "281.00000", "2016-12-31": "338.00000", "2015-12-31": "216.00000", "2014-12-31": "133.00000", "2013-12-31": "88.00000", "2012-12-31": "52.00000", "2011-12-31": "31.00000", "2010-12-31": "12.00000", "2009-12-31": "", "2008-12-31": ""}, "Common Stock Dividends Paid": {"2019-12-31": "-319.00000", "2018-12-31": "-128.00000", "2017-12-31": "-89.00000", "2016-12-31": "-126.00000", "2015-12-31": "-51.00000", "2014-12-31": "-50.00000", "2013-12-31": "-48.00000", "2012-12-31": "-40.00000", "2011-12-31": "-67.00000", "2010-12-31": "-2.00000", "2009-12-31": "-29.00000", "2008-12-31": ""}}, "cash flow statement, quarterly": {"Net Income/Loss": {"2020-09-30": -18, "2020-06-30": -209, "2020-03-31": "-13.00000", "2019-12-31": 123, "2019-09-30": 119, "2019-06-30": 46, "2019-03-31": "-16.00000", "2018-12-31": 289, "2018-09-30": 1833, "2018-06-30": 66, "2018-03-31": "70.00000", "2017-12-31": 768, "2017-09-30": 123, "2017-06-30": 63, "2017-03-31": "1318.00000", "2016-12-31": 537, "2016-09-30": 108, "2016-06-30": 1, "2016-03-31": "-387.00000", "2015-12-31": 989, "2015-09-30": 379, "2015-06-30": 321, "2015-03-31": "-90.00000", "2014-12-31": 167, "2014-09-30": 138, "2014-06-30": 178, "2014-03-31": "124.00000", "2013-12-31": 115, "2013-09-30": 172, "2013-06-30": 129, "2013-03-31": "-1.00000", "2012-12-31": -98, "2012-09-30": 131, "2012-06-30": -74, "2012-03-31": "-11.00000", "2011-12-31": -173, "2011-09-30": 311, "2011-06-30": 97, "2011-03-31": "201.00000", "2010-12-31": -96, "2010-09-30": 376, "2010-06-30": -350, "2010-03-31": "-336.00000", "2009-12-31": -153, "2009-09-30": 3531, "2008-12-31": -3531}, "Total Depreciation And Amortization - Cash Flow": {"2020-09-30": 589, "2020-06-30": 543, "2020-03-31": "540.00000", "2019-12-31": 522, "2019-09-30": 517, "2019-06-30": 506, "2019-03-31": "502.00000", "2018-12-31": 503, "2018-09-30": 497, "2018-06-30": 496, "2018-03-31": "491.00000", "2017-12-31": 542, "2017-09-30": 537, "2017-06-30": 560, "2017-03-31": "534.00000", "2016-12-31": 530, "2016-09-30": 526, "2016-06-30": 620, "2016-03-31": "529.00000", "2015-12-31": 230, "2015-09-30": 94, "2015-06-30": 98, "2015-03-31": "95.00000", "2014-12-31": 97, "2014-09-30": 103, "2014-06-30": 103, "2014-03-31": "102.00000", "2013-12-31": 113, "2013-09-30": 137, "2013-06-30": 132, "2013-03-31": "132.00000", "2012-12-31": 132, "2012-09-30": 128, "2012-06-30": 139, "2012-03-31": "134.00000", "2011-12-31": 151, "2011-09-30": 152, "2011-06-30": 143, "2011-03-31": "145.00000", "2010-12-31": 184, "2010-09-30": 155, "2010-06-30": 160, "2010-03-31": "185.00000", "2009-12-31": 818, "2009-09-30": -1184, "2008-12-31": 1184}, "Other Non-Cash Items": {"2020-09-30": -29, "2020-06-30": 27, "2020-03-31": "-75.00000", "2019-12-31": 60, "2019-09-30": 41, "2019-06-30": 82, "2019-03-31": "44.00000", "2018-12-31": 67, "2018-09-30": 0, "2018-06-30": 14, "2018-03-31": "72.00000", "2017-12-31": 251, "2017-09-30": -102, "2017-06-30": 55, "2017-03-31": "-1481.00000", "2016-12-31": 71, "2016-09-30": 93, "2016-06-30": 113, "2016-03-31": "87.00000", "2015-12-31": -1114, "2015-09-30": -41, "2015-06-30": -8, "2015-03-31": "345.00000", "2014-12-31": 138, "2014-09-30": 148, "2014-06-30": 47, "2014-03-31": "37.00000", "2013-12-31": 82, "2013-09-30": -35, "2013-06-30": 10, "2013-03-31": "57.00000", "2012-12-31": 84, "2012-09-30": -39, "2012-06-30": 171, "2012-03-31": "-3.00000", "2011-12-31": 96, "2011-09-30": -297, "2011-06-30": -45, "2011-03-31": "-148.00000", "2010-12-31": 125, "2010-09-30": -450, "2010-06-30": 387, "2010-03-31": "298.00000", "2009-12-31": -32, "2009-09-30": 36, "2008-12-31": -36}, "Total Non-Cash Items": {"2020-09-30": 560, "2020-06-30": 570, "2020-03-31": "465.00000", "2019-12-31": 582, "2019-09-30": 558, "2019-06-30": 588, "2019-03-31": "546.00000", "2018-12-31": 570, "2018-09-30": 497, "2018-06-30": 510, "2018-03-31": "563.00000", "2017-12-31": 793, "2017-09-30": 435, "2017-06-30": 615, "2017-03-31": "-947.00000", "2016-12-31": 601, "2016-09-30": 619, "2016-06-30": 733, "2016-03-31": "616.00000", "2015-12-31": -884, "2015-09-30": 53, "2015-06-30": 90, "2015-03-31": "440.00000", "2014-12-31": 235, "2014-09-30": 251, "2014-06-30": 150, "2014-03-31": "139.00000", "2013-12-31": 195, "2013-09-30": 102, "2013-06-30": 142, "2013-03-31": "189.00000", "2012-12-31": 216, "2012-09-30": 89, "2012-06-30": 310, "2012-03-31": "131.00000", "2011-12-31": 247, "2011-09-30": -145, "2011-06-30": 98, "2011-03-31": "-3.00000", "2010-12-31": -110, "2010-09-30": -295, "2010-06-30": 547, "2010-03-31": "483.00000", "2009-12-31": 786, "2009-09-30": -1148, "2008-12-31": 1148}, "Change In Accounts Receivable": {"2020-09-30": -252, "2020-06-30": 224, "2020-03-31": "27.00000", "2019-12-31": 144, "2019-09-30": -17, "2019-06-30": 31, "2019-03-31": "-42.00000", "2018-12-31": 51, "2018-09-30": -31, "2018-06-30": 86, "2018-03-31": "81.00000", "2017-12-31": -25, "2017-09-30": 3, "2017-06-30": 49, "2017-03-31": "4.00000", "2016-12-31": 67, "2016-09-30": -57, "2016-06-30": -61, "2016-03-31": "", "2015-12-31": 71, "2015-09-30": -96, "2015-06-30": 11, "2015-03-31": "-64.00000", "2014-12-31": 105, "2014-09-30": -81, "2014-06-30": -88, "2014-03-31": "-47.00000", "2013-12-31": 46, "2013-09-30": -13, "2013-06-30": -47, "2013-03-31": "-23.00000", "2012-12-31": 16, "2012-09-30": 1, "2012-06-30": -45, "2012-03-31": "30.00000", "2011-12-31": -40, "2011-09-30": -19, "2011-06-30": 25, "2011-03-31": "2.00000", "2010-12-31": 68, "2010-09-30": 83, "2010-06-30": 31, "2010-03-31": "-73.00000", "2009-12-31": 0, "2009-09-30": 0, "2008-12-31": 0}, "Change In Inventories": {"2020-09-30": 164, "2020-06-30": 0, "2020-03-31": "-35.00000", "2019-12-31": -7, "2019-09-30": 13, "2019-06-30": 84, "2019-03-31": "38.00000", "2018-12-31": 5, "2018-09-30": 42, "2018-06-30": -76, "2018-03-31": "-36.00000", "2017-12-31": -31, "2017-09-30": -24, "2017-06-30": -37, "2017-03-31": "-28.00000", "2016-12-31": 24, "2016-09-30": 57, "2016-06-30": 46, "2016-03-31": "441.00000", "2015-12-31": 154, "2015-09-30": -5, "2015-06-30": -14, "2015-03-31": "-53.00000", "2014-12-31": -27, "2014-09-30": -6, "2014-06-30": -10, "2014-03-31": "1.00000", "2013-12-31": 13, "2013-09-30": -5, "2013-06-30": -10, "2013-03-31": "-20.00000", "2012-12-31": -41, "2012-09-30": -20, "2012-06-30": -12, "2012-03-31": "12.00000", "2011-12-31": -14, "2011-09-30": -50, "2011-06-30": -30, "2011-03-31": "-10.00000", "2010-12-31": -38, "2010-09-30": -26, "2010-06-30": 2, "2010-03-31": "70.00000", "2009-12-31": 0, "2009-09-30": 0, "2008-12-31": 0}, "Change In Accounts Payable": {"2020-09-30": 0, "2020-06-30": 0, "2020-03-31": "", "2019-12-31": 0, "2019-09-30": 0, "2019-06-30": 0, "2019-03-31": "", "2018-12-31": 0, "2018-09-30": 0, "2018-06-30": 0, "2018-03-31": "", "2017-12-31": 0, "2017-09-30": 0, "2017-06-30": 0, "2017-03-31": "", "2016-12-31": 0, "2016-09-30": 0, "2016-06-30": 0, "2016-03-31": "", "2015-12-31": 0, "2015-09-30": 0, "2015-06-30": 0, "2015-03-31": "", "2014-12-31": 0, "2014-09-30": 0, "2014-06-30": 0, "2014-03-31": "", "2013-12-31": 0, "2013-09-30": 0, "2013-06-30": 0, "2013-03-31": "", "2012-12-31": 0, "2012-09-30": 0, "2012-06-30": 0, "2012-03-31": "", "2011-12-31": 0, "2011-09-30": 0, "2011-06-30": 0, "2011-03-31": "", "2010-12-31": 0, "2010-09-30": 0, "2010-06-30": 0, "2010-03-31": "", "2009-12-31": 0, "2009-09-30": 0, "2008-12-31": 0}, "Change In Assets/Liabilities": {"2020-09-30": -9, "2020-06-30": -11, "2020-03-31": "4.00000", "2019-12-31": 7, "2019-09-30": 30, "2019-06-30": -14, "2019-03-31": "20.00000", "2018-12-31": 4, "2018-09-30": -36, "2018-06-30": 52, "2018-03-31": "-42.00000", "2017-12-31": -889, "2017-09-30": 90, "2017-06-30": -122, "2017-03-31": "24.00000", "2016-12-31": -463, "2016-09-30": -68, "2016-06-30": -172, "2016-03-31": "-217.00000", "2015-12-31": -165, "2015-09-30": 5, "2015-06-30": 7, "2015-03-31": "15.00000", "2014-12-31": -3, "2014-09-30": 2, "2014-06-30": 11, "2014-03-31": "4.00000", "2013-12-31": -35, "2013-09-30": -4, "2013-06-30": 12, "2013-03-31": "2.00000", "2012-12-31": 28, "2012-09-30": -7, "2012-06-30": 0, "2012-03-31": "5.00000", "2011-12-31": 31, "2011-09-30": 11, "2011-06-30": 121, "2011-03-31": "-112.00000", "2010-12-31": 35, "2010-09-30": 54, "2010-06-30": -70, "2010-03-31": "-176.00000", "2009-12-31": 0, "2009-09-30": 0, "2008-12-31": 0}, "Total Change In Assets/Liabilities": {"2020-09-30": -15, "2020-06-30": 53, "2020-03-31": "60.00000", "2019-12-31": 109, "2019-09-30": 69, "2019-06-30": -117, "2019-03-31": "-234.00000", "2018-12-31": -128, "2018-09-30": 285, "2018-06-30": -163, "2018-03-31": "-23.00000", "2017-12-31": -863, "2017-09-30": 105, "2017-06-30": -247, "2017-03-31": "244.00000", "2016-12-31": -411, "2016-09-30": -18, "2016-06-30": -307, "2016-03-31": "177.00000", "2015-12-31": 155, "2015-09-30": -101, "2015-06-30": -69, "2015-03-31": "8.00000", "2014-12-31": 151, "2014-09-30": 8, "2014-06-30": -86, "2014-03-31": "10.00000", "2013-12-31": 4, "2013-09-30": 24, "2013-06-30": -111, "2013-03-31": "-69.00000", "2012-12-31": 46, "2012-09-30": -28, "2012-06-30": 33, "2012-03-31": "-23.00000", "2011-12-31": -108, "2011-09-30": -35, "2011-06-30": -114, "2011-03-31": "-201.00000", "2010-12-31": -62, "2010-09-30": 71, "2010-06-30": -122, "2010-03-31": "-164.00000", "2009-12-31": -302, "2009-09-30": -248, "2008-12-31": 248}, "Cash Flow From Operating Activities": {"2020-09-30": 527, "2020-06-30": 414, "2020-03-31": "512.00000", "2019-12-31": 814, "2019-09-30": 746, "2019-06-30": 517, "2019-03-31": "296.00000", "2018-12-31": 731, "2018-09-30": 2615, "2018-06-30": 403, "2018-03-31": "620.00000", "2017-12-31": 738, "2017-09-30": 643, "2017-06-30": 441, "2017-03-31": "625.00000", "2016-12-31": 737, "2016-09-30": 718, "2016-06-30": 434, "2016-03-31": "414.00000", "2015-12-31": 271, "2015-09-30": 340, "2015-06-30": 351, "2015-03-31": "368.00000", "2014-12-31": 556, "2014-09-30": 397, "2014-06-30": 242, "2014-03-31": "273.00000", "2013-12-31": 314, "2013-09-30": 298, "2013-06-30": 160, "2013-03-31": "119.00000", "2012-12-31": 164, "2012-09-30": 192, "2012-06-30": 269, "2012-03-31": "97.00000", "2011-12-31": -34, "2011-09-30": 131, "2011-06-30": 81, "2011-03-31": "-3.00000", "2010-12-31": 149, "2010-09-30": 152, "2010-06-30": 75, "2010-03-31": "-17.00000", "2009-12-31": -701, "2009-09-30": 657, "2008-12-31": -657}, "Net Change In Property, Plant, And Equipment": {"2020-09-30": -68, "2020-06-30": -74, "2020-03-31": "-143.00000", "2019-12-31": -138, "2019-09-30": -115, "2019-06-30": -106, "2019-03-31": "-144.00000", "2018-12-31": -170, "2018-09-30": -155, "2018-06-30": -129, "2018-03-31": "-156.00000", "2017-12-31": -132, "2017-09-30": -161, "2017-06-30": -96, "2017-03-31": "-161.00000", "2016-12-31": -131, "2016-09-30": -98, "2016-06-30": -71, "2016-03-31": "-88.00000", "2015-12-31": -91, "2015-09-30": -74, "2015-06-30": -89, "2015-03-31": "-80.00000", "2014-12-31": -105, "2014-09-30": -81, "2014-06-30": -89, "2014-03-31": "-50.00000", "2013-12-31": -70, "2013-09-30": -54, "2013-06-30": -46, "2013-03-31": "-39.00000", "2012-12-31": -45, "2012-09-30": -92, "2012-06-30": -73, "2012-03-31": "-39.00000", "2011-12-31": -40, "2011-09-30": -44, "2011-06-30": -69, "2011-03-31": "-53.00000", "2010-12-31": -76, "2010-09-30": -59, "2010-06-30": -47, "2010-03-31": "-45.00000", "2009-12-31": -71, "2009-09-30": 295, "2008-12-31": -295}, "Net Change In Intangible Assets": {"2020-09-30": -22, "2020-06-30": -28, "2020-03-31": "-45.00000", "2019-12-31": -30, "2019-09-30": -21, "2019-06-30": -23, "2019-03-31": "-28.00000", "2018-12-31": -4, "2018-09-30": -18, "2018-06-30": -10, "2018-03-31": "-18.00000", "2017-12-31": -10, "2017-09-30": -16, "2017-06-30": -16, "2017-03-31": "-24.00000", "2016-12-31": -25, "2016-09-30": -9, "2016-06-30": -7, "2016-03-31": "-18.00000", "2015-12-31": -5, "2015-09-30": -1, "2015-06-30": -4, "2015-03-31": "-2.00000", "2014-12-31": -10, "2014-09-30": -8, "2014-06-30": -9, "2014-03-31": "-9.00000", "2013-12-31": -8, "2013-09-30": -10, "2013-06-30": -11, "2013-03-31": "-6.00000", "2012-12-31": -8, "2012-09-30": -7, "2012-06-30": -7, "2012-03-31": "-7.00000", "2011-12-31": -5, "2011-09-30": -1, "2011-06-30": -2, "2011-03-31": "-2.00000", "2010-12-31": -3, "2010-09-30": -2, "2010-06-30": -1, "2010-03-31": "-1.00000", "2009-12-31": 0, "2009-09-30": 0, "2008-12-31": 0}, "Net Acquisitions/Divestitures": {"2020-09-30": 0, "2020-06-30": -11, "2020-03-31": "151.00000", "2019-12-31": -1698, "2019-09-30": 0, "2019-06-30": 0, "2019-03-31": "37.00000", "2018-12-31": 0, "2018-09-30": 127, "2018-06-30": 14, "2018-03-31": "", "2017-12-31": 2682, "2017-09-30": -2668, "2017-06-30": 54, "2017-03-31": "2614.00000", "2016-12-31": 0, "2016-09-30": -198, "2016-06-30": 18, "2016-03-31": "-2.00000", "2015-12-31": 17, "2015-09-30": 0, "2015-06-30": -1, "2015-03-31": "-103.00000", "2014-12-31": -3, "2014-09-30": 0, "2014-06-30": -1, "2014-03-31": "3.00000", "2013-12-31": 3, "2013-09-30": -1, "2013-06-30": 0, "2013-03-31": "", "2012-12-31": -1, "2012-09-30": 27, "2012-06-30": -2, "2012-03-31": "", "2011-12-31": 11, "2011-09-30": 0, "2011-06-30": 0, "2011-03-31": "", "2010-12-31": -5, "2010-09-30": -8, "2010-06-30": 0, "2010-03-31": "-47.00000", "2009-12-31": 123, "2009-09-30": -1381, "2008-12-31": 1381}, "Net Change In Short-term Investments": {"2020-09-30": 0, "2020-06-30": 0, "2020-03-31": "", "2019-12-31": 0, "2019-09-30": 0, "2019-06-30": 0, "2019-03-31": "", "2018-12-31": 0, "2018-09-30": 0, "2018-06-30": 0, "2018-03-31": "", "2017-12-31": 0, "2017-09-30": 0, "2017-06-30": 0, "2017-03-31": "", "2016-12-31": 0, "2016-09-30": 0, "2016-06-30": 0, "2016-03-31": "", "2015-12-31": 0, "2015-09-30": 0, "2015-06-30": 0, "2015-03-31": "", "2014-12-31": 0, "2014-09-30": 0, "2014-06-30": 0, "2014-03-31": "", "2013-12-31": 0, "2013-09-30": 0, "2013-06-30": 0, "2013-03-31": "", "2012-12-31": 0, "2012-09-30": 0, "2012-06-30": 0, "2012-03-31": "", "2011-12-31": 0, "2011-09-30": 0, "2011-06-30": 0, "2011-03-31": "", "2010-12-31": 0, "2010-09-30": 0, "2010-06-30": 0, "2010-03-31": "", "2009-12-31": 0, "2009-09-30": 0, "2008-12-31": 0}, "Net Change In Long-Term Investments": {"2020-09-30": -15, "2020-06-30": 0, "2020-03-31": "", "2019-12-31": 0, "2019-09-30": -2, "2019-06-30": -15, "2019-03-31": "-1.00000", "2018-12-31": 0, "2018-09-30": 4, "2018-06-30": -7, "2018-03-31": "", "2017-12-31": -2682, "2017-09-30": 2682, "2017-06-30": 0, "2017-03-31": "", "2016-12-31": 0, "2016-09-30": 0, "2016-06-30": 0, "2016-03-31": "", "2015-12-31": 0, "2015-09-30": 0, "2015-06-30": 0, "2015-03-31": "1.00000", "2014-12-31": 0, "2014-09-30": 0, "2014-06-30": 0, "2014-03-31": "", "2013-12-31": 3, "2013-09-30": 0, "2013-06-30": 1, "2013-03-31": "", "2012-12-31": 12, "2012-09-30": 0, "2012-06-30": 0, "2012-03-31": "", "2011-12-31": -2, "2011-09-30": 1, "2011-06-30": 0, "2011-03-31": "1.00000", "2010-12-31": -26, "2010-09-30": 26, "2010-06-30": 0, "2010-03-31": "", "2009-12-31": 0, "2009-09-30": 0, "2008-12-31": 0}, "Net Change In Investments - Total": {"2020-09-30": -15, "2020-06-30": 0, "2020-03-31": "", "2019-12-31": 0, "2019-09-30": -2, "2019-06-30": -15, "2019-03-31": "-1.00000", "2018-12-31": 0, "2018-09-30": 4, "2018-06-30": -7, "2018-03-31": "", "2017-12-31": -2682, "2017-09-30": 2682, "2017-06-30": 0, "2017-03-31": "", "2016-12-31": 0, "2016-09-30": 0, "2016-06-30": 0, "2016-03-31": "", "2015-12-31": 0, "2015-09-30": 0, "2015-06-30": 0, "2015-03-31": "1.00000", "2014-12-31": 0, "2014-09-30": 0, "2014-06-30": 0, "2014-03-31": "", "2013-12-31": 3, "2013-09-30": 0, "2013-06-30": 1, "2013-03-31": "", "2012-12-31": 12, "2012-09-30": 0, "2012-06-30": 0, "2012-03-31": "", "2011-12-31": -2, "2011-09-30": 1, "2011-06-30": 0, "2011-03-31": "1.00000", "2010-12-31": -1, "2010-09-30": 26, "2010-06-30": 0, "2010-03-31": "", "2009-12-31": 19, "2009-09-30": 4, "2008-12-31": -4}, "Investing Activities - Other": {"2020-09-30": 0, "2020-06-30": 0, "2020-03-31": "", "2019-12-31": 0, "2019-09-30": 0, "2019-06-30": 0, "2019-03-31": "", "2018-12-31": 0, "2018-09-30": 0, "2018-06-30": 0, "2018-03-31": "", "2017-12-31": 7, "2017-09-30": 0, "2017-06-30": 0, "2017-03-31": "-1.00000", "2016-12-31": -1, "2016-09-30": 0, "2016-06-30": 1, "2016-03-31": "2.00000", "2015-12-31": 2, "2015-09-30": -1, "2015-06-30": 0, "2015-03-31": "1.00000", "2014-12-31": -14, "2014-09-30": -1, "2014-06-30": -10, "2014-03-31": "", "2013-12-31": -3, "2013-09-30": -1, "2013-06-30": 0, "2013-03-31": "2.00000", "2012-12-31": -3, "2012-09-30": 1, "2012-06-30": 0, "2012-03-31": "1.00000", "2011-12-31": 3, "2011-09-30": 0, "2011-06-30": 0, "2011-03-31": "", "2010-12-31": -7, "2010-09-30": 0, "2010-06-30": 0, "2010-03-31": "", "2009-12-31": -8, "2009-09-30": 36, "2008-12-31": -36}, "Cash Flow From Investing Activities": {"2020-09-30": -105, "2020-06-30": -113, "2020-03-31": "-37.00000", "2019-12-31": -1866, "2019-09-30": -138, "2019-06-30": -144, "2019-03-31": "-136.00000", "2018-12-31": -174, "2018-09-30": -42, "2018-06-30": -132, "2018-03-31": "-174.00000", "2017-12-31": -135, "2017-09-30": -163, "2017-06-30": -58, "2017-03-31": "2428.00000", "2016-12-31": -157, "2016-09-30": -305, "2016-06-30": -59, "2016-03-31": "-106.00000", "2015-12-31": -77, "2015-09-30": -76, "2015-06-30": -94, "2015-03-31": "-183.00000", "2014-12-31": -132, "2014-09-30": -90, "2014-06-30": -109, "2014-03-31": "-56.00000", "2013-12-31": -75, "2013-09-30": -66, "2013-06-30": -56, "2013-03-31": "-43.00000", "2012-12-31": -45, "2012-09-30": -71, "2012-06-30": -82, "2012-03-31": "-45.00000", "2011-12-31": -33, "2011-09-30": -44, "2011-06-30": -71, "2011-03-31": "-54.00000", "2010-12-31": -85, "2010-09-30": -43, "2010-06-30": -48, "2010-03-31": "-93.00000", "2009-12-31": 63, "2009-09-30": -1046, "2008-12-31": 1046}, "Net Long-Term Debt": {"2020-09-30": 0, "2020-06-30": 2000, "2020-03-31": "", "2019-12-31": -1150, "2019-09-30": -47, "2019-06-30": 1197, "2019-03-31": "", "2018-12-31": 997, "2018-09-30": 1000, "2018-06-30": -1274, "2018-03-31": "", "2017-12-31": -4, "2017-09-30": -4, "2017-06-30": -4, "2017-03-31": "-2732.00000", "2016-12-31": -9, "2016-09-30": -2976, "2016-06-30": -130, "2016-03-31": "-218.00000", "2015-12-31": -914, "2015-09-30": -6, "2015-06-30": 992, "2015-03-31": "-10.00000", "2014-12-31": 1145, "2014-09-30": -5, "2014-06-30": -4, "2014-03-31": "-93.00000", "2013-12-31": -558, "2013-09-30": 493, "2013-06-30": -137, "2013-03-31": "6.00000", "2012-12-31": -306, "2012-09-30": -64, "2012-06-30": -4, "2012-03-31": "-355.00000", "2011-12-31": -12, "2011-09-30": -232, "2011-06-30": -183, "2011-03-31": "-2.00000", "2010-12-31": -1, "2010-09-30": -397, "2010-06-30": -1, "2010-03-31": "-12.00000", "2009-12-31": 0, "2009-09-30": 0, "2008-12-31": 0}, "Net Current Debt": {"2020-09-30": 0, "2020-06-30": 0, "2020-03-31": "", "2019-12-31": 0, "2019-09-30": 0, "2019-06-30": 0, "2019-03-31": "", "2018-12-31": 0, "2018-09-30": 0, "2018-06-30": 0, "2018-03-31": "", "2017-12-31": 0, "2017-09-30": 0, "2017-06-30": 0, "2017-03-31": "", "2016-12-31": -200, "2016-09-30": 200, "2016-06-30": -1, "2016-03-31": "-5.00000", "2015-12-31": -1, "2015-09-30": -1, "2015-06-30": 1, "2015-03-31": "-1.00000", "2014-12-31": -750, "2014-09-30": 233, "2014-06-30": 1, "2014-03-31": "349.00000", "2013-12-31": 148, "2013-09-30": -182, "2013-06-30": 44, "2013-03-31": "-101.00000", "2012-12-31": 100, "2012-09-30": -196, "2012-06-30": 1, "2012-03-31": "325.00000", "2011-12-31": -1, "2011-09-30": -594, "2011-06-30": 202, "2011-03-31": "10.00000", "2010-12-31": -91, "2010-09-30": -100, "2010-06-30": -2, "2010-03-31": "1.00000", "2009-12-31": 207, "2009-09-30": -396, "2008-12-31": 396}, "Debt Issuance/Retirement Net - Total": {"2020-09-30": 0, "2020-06-30": 2000, "2020-03-31": "", "2019-12-31": -1150, "2019-09-30": -47, "2019-06-30": 1197, "2019-03-31": "", "2018-12-31": 997, "2018-09-30": 1000, "2018-06-30": -1274, "2018-03-31": "", "2017-12-31": -4, "2017-09-30": -4, "2017-06-30": -4, "2017-03-31": "-2732.00000", "2016-12-31": -209, "2016-09-30": -2776, "2016-06-30": -131, "2016-03-31": "-223.00000", "2015-12-31": -915, "2015-09-30": -7, "2015-06-30": 993, "2015-03-31": "-11.00000", "2014-12-31": 395, "2014-09-30": 228, "2014-06-30": -3, "2014-03-31": "256.00000", "2013-12-31": -410, "2013-09-30": 311, "2013-06-30": -93, "2013-03-31": "-95.00000", "2012-12-31": -206, "2012-09-30": -260, "2012-06-30": -3, "2012-03-31": "-30.00000", "2011-12-31": -13, "2011-09-30": -826, "2011-06-30": 19, "2011-03-31": "8.00000", "2010-12-31": 100, "2010-09-30": -497, "2010-06-30": -3, "2010-03-31": "-11.00000", "2009-12-31": -287, "2009-09-30": 0, "2008-12-31": 0}, "Net Common Equity Issued/Repurchased": {"2020-09-30": 15, "2020-06-30": 5, "2020-03-31": "-326.00000", "2019-12-31": -60, "2019-09-30": 24, "2019-06-30": -640, "2019-03-31": "-683.00000", "2018-12-31": -421, "2018-09-30": -4544, "2018-06-30": 8, "2018-03-31": "-10.00000", "2017-12-31": -15, "2017-09-30": -70, "2017-06-30": 22, "2017-03-31": "10.00000", "2016-12-31": -37, "2016-09-30": 2722, "2016-06-30": -370, "2016-03-31": "-221.00000", "2015-12-31": -133, "2015-09-30": -150, "2015-06-30": -153, "2015-03-31": "12.00000", "2014-12-31": 2, "2014-09-30": -549, "2014-06-30": -191, "2014-03-31": "-418.00000", "2013-12-31": -65, "2013-09-30": -130, "2013-06-30": -38, "2013-03-31": "5.00000", "2012-12-31": 6, "2012-09-30": 3, "2012-06-30": -37, "2012-03-31": "2.00000", "2011-12-31": 1, "2011-09-30": -57, "2011-06-30": 9, "2011-03-31": "", "2010-12-31": -2, "2010-09-30": 450, "2010-06-30": 0, "2010-03-31": "", "2009-12-31": 0, "2009-09-30": 0, "2008-12-31": 0}, "Net Total Equity Issued/Repurchased": {"2020-09-30": 15, "2020-06-30": 5, "2020-03-31": "-326.00000", "2019-12-31": -60, "2019-09-30": 24, "2019-06-30": -640, "2019-03-31": "-683.00000", "2018-12-31": -421, "2018-09-30": -4544, "2018-06-30": 8, "2018-03-31": "-10.00000", "2017-12-31": -15, "2017-09-30": -70, "2017-06-30": 22, "2017-03-31": "10.00000", "2016-12-31": -37, "2016-09-30": 2722, "2016-06-30": -370, "2016-03-31": "-221.00000", "2015-12-31": -133, "2015-09-30": -150, "2015-06-30": -153, "2015-03-31": "12.00000", "2014-12-31": 2, "2014-09-30": -549, "2014-06-30": -191, "2014-03-31": "-418.00000", "2013-12-31": -65, "2013-09-30": -130, "2013-06-30": -38, "2013-03-31": "5.00000", "2012-12-31": 6, "2012-09-30": 3, "2012-06-30": -37, "2012-03-31": "2.00000", "2011-12-31": 1, "2011-09-30": -57, "2011-06-30": 9, "2011-03-31": "", "2010-12-31": -2, "2010-09-30": 450, "2010-06-30": 0, "2010-03-31": "", "2009-12-31": 0, "2009-09-30": 0, "2008-12-31": 0}, "Total Common And Preferred Stock Dividends Paid": {"2020-09-30": -139, "2020-06-30": -105, "2020-03-31": "-105.00000", "2019-12-31": -105, "2019-09-30": -70, "2019-06-30": -71, "2019-03-31": "-73.00000", "2018-12-31": -74, "2018-09-30": -54, "2018-06-30": 0, "2018-03-31": "", "2017-12-31": 0, "2017-09-30": -89, "2017-06-30": 0, "2017-03-31": "", "2016-12-31": 0, "2016-09-30": -126, "2016-06-30": 0, "2016-03-31": "", "2015-12-31": 0, "2015-09-30": -51, "2015-06-30": 0, "2015-03-31": "", "2014-12-31": 0, "2014-09-30": -50, "2014-06-30": 0, "2014-03-31": "", "2013-12-31": -1, "2013-09-30": -47, "2013-06-30": 0, "2013-03-31": "", "2012-12-31": 0, "2012-09-30": -1, "2012-06-30": -39, "2012-03-31": "", "2011-12-31": 0, "2011-09-30": 0, "2011-06-30": -67, "2011-03-31": "", "2010-12-31": 1, "2010-09-30": -1, "2010-06-30": 0, "2010-03-31": "", "2009-12-31": -29, "2009-09-30": 0, "2008-12-31": 0}, "Financial Activities - Other": {"2020-09-30": 0, "2020-06-30": -15, "2020-03-31": "", "2019-12-31": -128, "2019-09-30": -2, "2019-06-30": -23, "2019-03-31": "", "2018-12-31": -214, "2018-09-30": -11, "2018-06-30": 0, "2018-03-31": "", "2017-12-31": -104, "2017-09-30": 104, "2017-06-30": 0, "2017-03-31": "", "2016-12-31": 0, "2016-09-30": -11, "2016-06-30": -13, "2016-03-31": "3.00000", "2015-12-31": -22, "2015-09-30": 0, "2015-06-30": -12, "2015-03-31": "", "2014-12-31": -224, "2014-09-30": 0, "2014-06-30": 0, "2014-03-31": "", "2013-12-31": -35, "2013-09-30": 0, "2013-06-30": 0, "2013-03-31": "", "2012-12-31": -9, "2012-09-30": 0, "2012-06-30": 0, "2012-03-31": "", "2011-12-31": 0, "2011-09-30": 0, "2011-06-30": 0, "2011-03-31": "", "2010-12-31": 0, "2010-09-30": 0, "2010-06-30": 0, "2010-03-31": "", "2009-12-31": 0, "2009-09-30": 78, "2008-12-31": -78}, "Cash Flow From Financial Activities": {"2020-09-30": -124, "2020-06-30": 1885, "2020-03-31": "-431.00000", "2019-12-31": -1443, "2019-09-30": -95, "2019-06-30": 463, "2019-03-31": "-756.00000", "2018-12-31": 288, "2018-09-30": -3609, "2018-06-30": -1266, "2018-03-31": "-10.00000", "2017-12-31": -123, "2017-09-30": -59, "2017-06-30": 18, "2017-03-31": "-2722.00000", "2016-12-31": -246, "2016-09-30": -191, "2016-06-30": -514, "2016-03-31": "-441.00000", "2015-12-31": -1070, "2015-09-30": -208, "2015-06-30": 828, "2015-03-31": "1.00000", "2014-12-31": 173, "2014-09-30": -371, "2014-06-30": -194, "2014-03-31": "-162.00000", "2013-12-31": -511, "2013-09-30": 134, "2013-06-30": -131, "2013-03-31": "-90.00000", "2012-12-31": -209, "2012-09-30": -258, "2012-06-30": -79, "2012-03-31": "-28.00000", "2011-12-31": -12, "2011-09-30": -883, "2011-06-30": -39, "2011-03-31": "8.00000", "2010-12-31": -93, "2010-09-30": -48, "2010-06-30": -3, "2010-03-31": "-11.00000", "2009-12-31": -109, "2009-09-30": -318, "2008-12-31": 318}, "Net Cash Flow": {"2020-09-30": 300, "2020-06-30": 2187, "2020-03-31": "34.00000", "2019-12-31": -2492, "2019-09-30": 507, "2019-06-30": 838, "2019-03-31": "-597.00000", "2018-12-31": 845, "2018-09-30": -1037, "2018-06-30": -1002, "2018-03-31": "436.00000", "2017-12-31": 482, "2017-09-30": 423, "2017-06-30": 404, "2017-03-31": "344.00000", "2016-12-31": 325, "2016-09-30": 234, "2016-06-30": -153, "2016-03-31": "-126.00000", "2015-12-31": -878, "2015-09-30": 57, "2015-06-30": 1080, "2015-03-31": "170.00000", "2014-12-31": 591, "2014-09-30": -67, "2014-06-30": -59, "2014-03-31": "50.00000", "2013-12-31": -271, "2013-09-30": 372, "2013-06-30": -26, "2013-03-31": "-22.00000", "2012-12-31": -85, "2012-09-30": -135, "2012-06-30": 55, "2012-03-31": "39.00000", "2011-12-31": -122, "2011-09-30": -2, "2011-06-30": -28, "2011-03-31": "-13.00000", "2010-12-31": -54, "2010-09-30": 120, "2010-06-30": -28, "2010-03-31": "-171.00000", "2009-12-31": -755, "2009-09-30": -755, "2008-12-31": 755}, "Stock-Based Compensation": {"2020-09-30": 83, "2020-06-30": 105, "2020-03-31": "107.00000", "2019-12-31": 89, "2019-09-30": 84, "2019-06-30": 87, "2019-03-31": "86.00000", "2018-12-31": 93, "2018-09-30": 83, "2018-06-30": 69, "2018-03-31": "69.00000", "2017-12-31": 78, "2017-09-30": 68, "2017-06-30": 67, "2017-03-31": "68.00000", "2016-12-31": 82, "2016-09-30": 77, "2016-06-30": 80, "2016-03-31": "99.00000", "2015-12-31": 111, "2015-09-30": 34, "2015-06-30": 36, "2015-03-31": "35.00000", "2014-12-31": 34, "2014-09-30": 34, "2014-06-30": 37, "2014-03-31": "28.00000", "2013-12-31": 31, "2013-09-30": 20, "2013-06-30": 20, "2013-03-31": "17.00000", "2012-12-31": 16, "2012-09-30": 12, "2012-06-30": 15, "2012-03-31": "9.00000", "2011-12-31": 10, "2011-09-30": 21, "2011-06-30": 0, "2011-03-31": "", "2010-12-31": 12, "2010-09-30": 0, "2010-06-30": 0, "2010-03-31": "", "2009-12-31": 0, "2009-09-30": 0, "2008-12-31": 0}, "Common Stock Dividends Paid": {"2020-09-30": -139, "2020-06-30": -105, "2020-03-31": "-105.00000", "2019-12-31": -105, "2019-09-30": -70, "2019-06-30": -71, "2019-03-31": "-73.00000", "2018-12-31": -74, "2018-09-30": -54, "2018-06-30": 0, "2018-03-31": "", "2017-12-31": 0, "2017-09-30": -89, "2017-06-30": 0, "2017-03-31": "", "2016-12-31": 0, "2016-09-30": -126, "2016-06-30": 0, "2016-03-31": "", "2015-12-31": 0, "2015-09-30": -51, "2015-06-30": 0, "2015-03-31": "", "2014-12-31": 0, "2014-09-30": -50, "2014-06-30": 0, "2014-03-31": "", "2013-12-31": -1, "2013-09-30": -47, "2013-06-30": 0, "2013-03-31": "", "2012-12-31": 0, "2012-09-30": -1, "2012-06-30": -39, "2012-03-31": "", "2011-12-31": 0, "2011-09-30": 0, "2011-06-30": -67, "2011-03-31": "", "2010-12-31": -1, "2010-09-30": -1, "2010-06-30": 0, "2010-03-31": "", "2009-12-31": 0, "2009-09-30": 0, "2008-12-31": 0}}, "financial ratios": {"Current Ratio": {"2019-12-31": "1.82410", "2018-12-31": "1.54360", "2017-12-31": "2.22370", "2016-12-31": "2.21870", "2015-12-31": "1.88850", "2014-12-31": "1.99240", "2013-12-31": "1.75360", "2012-12-31": "1.30620", "2011-12-31": "1.87420", "2010-12-31": "1.22200", "2009-12-31": "1.11540", "2008-12-31": ""}, "Long-term Debt / Capital": {"2019-12-31": "0.43270", "2018-12-31": "0.36880", "2017-12-31": "0.30060", "2016-12-31": "0.44000", "2015-12-31": "0.42910", "2014-12-31": "0.83090", "2013-12-31": "0.67970", "2012-12-31": "0.71270", "2011-12-31": "0.73410", "2010-12-31": "0.77200", "2009-12-31": "0.81780", "2008-12-31": ""}, "Debt/Equity Ratio": {"2019-12-31": "0.76280", "2018-12-31": "0.68790", "2017-12-31": "0.48530", "2016-12-31": "0.82350", "2015-12-31": "0.80000", "2014-12-31": "4.93880", "2013-12-31": "2.14810", "2012-12-31": "2.71960", "2011-12-31": "2.79960", "2010-12-31": "3.73340", "2009-12-31": "5.07490", "2008-12-31": ""}, "Gross Margin": {"2019-12-31": "52.02210", "2018-12-31": "51.56800", "2017-12-31": "49.90280", "2016-12-31": "42.84060", "2015-12-31": "45.68100", "2014-12-31": "46.75050", "2013-12-31": "45.21290", "2012-12-31": "45.61730", "2011-12-31": "45.44590", "2010-12-31": "41.41300", "2009-12-31": "25.51860", "2008-12-31": "22.45300"}, "Operating Margin": {"2019-12-31": "7.22090", "2018-12-31": "28.80830", "2017-12-31": "22.70960", "2016-12-31": "-1.57930", "2015-12-31": "33.02740", "2014-12-31": "18.57620", "2013-12-31": "13.52030", "2012-12-31": "9.45390", "2011-12-31": "8.51220", "2010-12-31": "6.20170", "2009-12-31": "-26.45640", "2008-12-31": "-51.27350"}, "EBIT Margin": {"2019-12-31": "7.22090", "2018-12-31": "28.80830", "2017-12-31": "22.70960", "2016-12-31": "-1.57930", "2015-12-31": "33.02740", "2014-12-31": "18.57620", "2013-12-31": "13.52030", "2012-12-31": "9.45390", "2011-12-31": "8.51220", "2010-12-31": "6.20170", "2009-12-31": "-26.45640", "2008-12-31": "-51.27350"}, "EBITDA Margin": {"2019-12-31": "30.28050", "2018-12-31": "49.93090", "2017-12-31": "46.18630", "2016-12-31": "21.63610", "2015-12-31": "41.50140", "2014-12-31": "25.74820", "2013-12-31": "24.19520", "2012-12-31": "21.68430", "2011-12-31": "22.60370", "2010-12-31": "21.74010", "2009-12-31": "-3.21110", "2008-12-31": "-28.07600"}, "Pre-Tax Profit Margin": {"2019-12-31": "3.27810", "2018-12-31": "25.24720", "2017-12-31": "18.75540", "2016-12-31": "-6.34870", "2015-12-31": "24.35670", "2014-12-31": "11.31570", "2013-12-31": "7.82970", "2012-12-31": "-0.57370", "2011-12-31": "2.38440", "2010-12-31": "-8.06450", "2009-12-31": "-7.07590", "2008-12-31": "-63.81270"}, "Net Profit Margin": {"2019-12-31": "2.73740", "2018-12-31": "23.47190", "2017-12-31": "23.93040", "2016-12-31": "2.10570", "2015-12-31": "25.01230", "2014-12-31": "9.54490", "2013-12-31": "7.22740", "2012-12-31": "-2.63880", "2011-12-31": "9.29900", "2010-12-31": "-10.35890", "2009-12-31": "-4.74570", "2008-12-31": "-69.69040"}, "Asset Turnover": {"2019-12-31": "0.44350", "2018-12-31": "0.43690", "2017-12-31": "0.38490", "2016-12-31": "0.38150", "2015-12-31": "0.23150", "2014-12-31": "0.82440", "2013-12-31": "0.74660", "2012-12-31": "0.67680", "2011-12-31": "0.63430", "2010-12-31": "0.57640", "2009-12-31": "0.41020", "2008-12-31": ""}, "Inventory Turnover Ratio": {"2019-12-31": "3.57300", "2018-12-31": "3.56220", "2017-12-31": "3.75160", "2016-12-31": "4.87780", "2015-12-31": "1.76370", "2014-12-31": "3.98280", "2013-12-31": "3.56490", "2012-12-31": "3.31470", "2011-12-31": "3.70230", "2010-12-31": "5.02730", "2009-12-31": "5.02110", "2008-12-31": ""}, "Receiveable Turnover": {"2019-12-31": "13.30890", "2018-12-31": "11.87750", "2017-12-31": "10.53020", "2016-12-31": "9.19460", "2015-12-31": "5.82710", "2014-12-31": "9.52280", "2013-12-31": "8.88380", "2012-12-31": "8.54510", "2011-12-31": "8.75570", "2010-12-31": "10.05020", "2009-12-31": "7.85490", "2008-12-31": ""}, "Days Sales In Receivables": {"2019-12-31": "27.42540", "2018-12-31": "30.73030", "2017-12-31": "34.66240", "2016-12-31": "39.69730", "2015-12-31": "62.63810", "2014-12-31": "38.32920", "2013-12-31": "41.08620", "2012-12-31": "42.71460", "2011-12-31": "41.68690", "2010-12-31": "36.31760", "2009-12-31": "46.46780", "2008-12-31": ""}, "ROE - Return On Equity": {"2019-12-31": "2.81720", "2018-12-31": "21.12260", "2017-12-31": "16.79600", "2016-12-31": "2.32160", "2015-12-31": "13.88620", "2014-12-31": "75.78030", "2013-12-31": "26.84350", "2012-12-31": "-4.12770", "2011-12-31": "0.14740", "2010-12-31": "-38.14600", "2009-12-31": "-17.77140", "2008-12-31": ""}, "Return On Tangible Equity": {"2019-12-31": "-6.94940", "2018-12-31": "-85.72510", "2017-12-31": "-189.01830", "2016-12-31": "-5.14910", "2015-12-31": "-24.58870", "2014-12-31": "-32.06550", "2013-12-31": "-26.48370", "2012-12-31": "2.70680", "2011-12-31": "-0.09780", "2010-12-31": "18.12160", "2009-12-31": "5.71520", "2008-12-31": ""}, "ROA - Return On Assets": {"2019-12-31": "1.35890", "2018-12-31": "10.48770", "2017-12-31": "9.44740", "2016-12-31": "1.04020", "2015-12-31": "6.06740", "2014-12-31": "8.86130", "2013-12-31": "6.43510", "2012-12-31": "-0.82310", "2011-12-31": "0.03020", "2010-12-31": "-6.08880", "2009-12-31": "-2.15640", "2008-12-31": ""}, "ROI - Return On Investment": {"2019-12-31": "1.59810", "2018-12-31": "13.33180", "2017-12-31": "11.74710", "2016-12-31": "1.30010", "2015-12-31": "7.92720", "2014-12-31": "12.81400", "2013-12-31": "8.59750", "2012-12-31": "-1.18590", "2011-12-31": "0.03920", "2010-12-31": "-8.69650", "2009-12-31": "-3.23770", "2008-12-31": ""}, "Book Value Per Share": {"2019-12-31": "34.30600", "2018-12-31": "36.51090", "2017-12-31": "39.44610", "2016-12-31": "33.26250", "2015-12-31": "33.66920", "2014-12-31": "3.44400", "2013-12-31": "6.24440", "2012-12-31": "5.15610", "2011-12-31": "5.47540", "2010-12-31": "4.86140", "2009-12-31": "4.83620", "2008-12-31": ""}, "Operating Cash Flow Per Share": {"2019-12-31": -4.9958, "2018-12-31": 6.2193, "2017-12-31": 0.451, "2016-12-31": 1.3078, "2015-12-31": -0.5874, "2014-12-31": 2.4115, "2013-12-31": 0.5829, "2012-12-31": 2.2072, "2011-12-31": -0.8712, "2010-12-31": 4.8311, "2009-12-31": 0.3891, "2008-12-31": -3.6457}, "Free Cash Flow Per Share": {"2019-12-31": -4.8987, "2018-12-31": 5.9534, "2017-12-31": -0.0233, "2016-12-31": 1.5269, "2015-12-31": -0.6154, "2014-12-31": 1.9236, "2013-12-31": 0.7672, "2012-12-31": 2.0314, "2011-12-31": -0.709, "2010-12-31": 4.1709, "2009-12-31": 1.6962, "2008-12-31": -5.2827}}, "financial ratios, quarterly": {"Current Ratio": {"2020-09-30": "1.64290", "2020-06-30": "1.74300", "2020-03-31": "1.77440", "2019-12-31": "1.82410", "2019-09-30": "1.90150", "2019-06-30": "1.82070", "2019-03-31": "1.41630", "2018-12-31": "1.54360", "2018-09-30": "1.22440", "2018-06-30": "2.97890", "2018-03-31": "2.07300", "2017-12-31": "2.22370", "2017-09-30": "2.03700", "2017-06-30": "1.86850", "2017-03-31": "2.26730", "2016-12-31": "2.21870", "2016-09-30": "2.03000", "2016-06-30": "1.90550", "2016-03-31": "1.57340", "2015-12-31": "1.88850", "2015-09-30": "2.47550", "2015-06-30": "3.22500", "2015-03-31": "2.18420", "2014-12-31": "1.99240", "2014-09-30": "1.72570", "2014-06-30": "1.72320", "2014-03-31": "1.77090", "2013-12-31": "1.75360", "2013-09-30": "1.50340", "2013-06-30": "1.69090", "2013-03-31": "1.39420", "2012-12-31": "1.30620", "2012-09-30": "1.50570", "2012-06-30": "1.86520", "2012-03-31": "1.41670", "2011-12-31": "1.87420", "2011-09-30": "1.68860", "2011-06-30": "1.17660", "2011-03-31": "1.28200", "2010-12-31": "1.22200", "2010-09-30": "1.17190", "2010-06-30": "1.03330", "2010-03-31": "", "2009-12-31": "", "2009-09-30": "", "2008-12-31": ""}, "Long-term Debt / Capital": {"2020-09-30": "0.45610", "2020-06-30": "0.46920", "2020-03-31": "0.44310", "2019-12-31": "0.43270", "2019-09-30": "0.43950", "2019-06-30": "0.44110", "2019-03-31": "0.38520", "2018-12-31": "0.36880", "2018-09-30": "0.33130", "2018-06-30": "0.28010", "2018-03-31": "0.27730", "2017-12-31": "0.30060", "2017-09-30": "0.30880", "2017-06-30": "0.31090", "2017-03-31": "0.33980", "2016-12-31": "0.44000", "2016-09-30": "0.44890", "2016-06-30": "0.42770", "2016-03-31": "0.41850", "2015-12-31": "0.42910", "2015-09-30": "0.79610", "2015-06-30": "0.84770", "2015-03-31": "0.84520", "2014-12-31": "0.83090", "2014-09-30": "0.82020", "2014-06-30": "0.73860", "2014-03-31": "0.73430", "2013-12-31": "0.67970", "2013-09-30": "0.69210", "2013-06-30": "0.71420", "2013-03-31": "0.71180", "2012-12-31": "0.71270", "2012-09-30": "0.70390", "2012-06-30": "0.75580", "2012-03-31": "0.71800", "2011-12-31": "0.73410", "2011-09-30": "0.70740", "2011-06-30": "0.74230", "2011-03-31": "0.75300", "2010-12-31": "0.77200", "2010-09-30": "0.76030", "2010-06-30": "0.88990", "2010-03-31": "", "2009-12-31": "", "2009-09-30": "", "2008-12-31": ""}, "Debt/Equity Ratio": {"2020-09-30": "1.03120", "2020-06-30": "1.03290", "2020-03-31": "0.79560", "2019-12-31": "0.76280", "2019-09-30": "0.90580", "2019-06-30": "0.91560", "2019-03-31": "0.73910", "2018-12-31": "0.68790", "2018-09-30": "0.58820", "2018-06-30": "0.38910", "2018-03-31": "0.47360", "2017-12-31": "0.48530", "2017-09-30": "0.50470", "2017-06-30": "0.51030", "2017-03-31": "0.51560", "2016-12-31": "0.82350", "2016-09-30": "0.87240", "2016-06-30": "0.80350", "2016-03-31": "0.78370", "2015-12-31": "0.80000", "2015-09-30": "4.36470", "2015-06-30": "5.60160", "2015-03-31": "5.50200", "2014-12-31": "4.93880", "2014-09-30": "4.58240", "2014-06-30": "2.85490", "2014-03-31": "2.79270", "2013-12-31": "2.14810", "2013-09-30": "2.57090", "2013-06-30": "2.53640", "2013-03-31": "2.69800", "2012-12-31": "2.71960", "2012-09-30": "2.55130", "2012-06-30": "3.13800", "2012-03-31": "2.82790", "2011-12-31": "2.79960", "2011-09-30": "2.44940", "2011-06-30": "3.33520", "2011-03-31": "3.36460", "2010-12-31": "3.73340", "2010-09-30": "3.56250", "2010-06-30": "9.19270", "2010-03-31": "", "2009-12-31": "", "2009-09-30": "", "2008-12-31": ""}, "Gross Margin": {"2020-09-30": "48.08120", "2020-06-30": "47.33080", "2020-03-31": "49.33200", "2019-12-31": "52.54240", "2019-09-30": "52.36200", "2019-06-30": "51.91700", "2019-03-31": "51.19390", "2018-12-31": "51.72700", "2018-09-30": "51.37010", "2018-06-30": "51.52840", "2018-03-31": "51.65270", "2017-12-31": "50.57000", "2017-09-30": "50.90070", "2017-06-30": "49.18260", "2017-03-31": "48.80150", "2016-12-31": "48.72950", "2016-09-30": "47.95460", "2016-06-30": "46.46940", "2016-03-31": "26.84350", "2015-12-31": "38.54300", "2015-09-30": "48.62020", "2015-06-30": "48.07440", "2015-03-31": "47.98910", "2014-12-31": "45.80350", "2014-09-30": "47.06270", "2014-06-30": "47.29430", "2014-03-31": "46.95020", "2013-12-31": "45.55300", "2013-09-30": "45.63650", "2013-06-30": "45.03370", "2013-03-31": "44.51610", "2012-12-31": "43.90680", "2012-09-30": "45.81200", "2012-06-30": "49.17730", "2012-03-31": "43.35380", "2011-12-31": "41.78300", "2011-09-30": "46.03770", "2011-06-30": "46.65480", "2011-03-31": "46.76530", "2010-12-31": "40.63080", "2010-09-30": "42.50000", "2010-06-30": "39.85700", "2010-03-31": "37.41940", "2009-12-31": "", "2009-09-30": "100.00000", "2008-12-31": ""}, "Operating Margin": {"2020-09-30": "1.41160", "2020-06-30": "-7.98020", "2020-03-31": "3.36470", "2019-12-31": "8.56150", "2019-09-30": "10.28700", "2019-06-30": "7.08160", "2019-03-31": "2.57880", "2018-12-31": "9.32170", "2018-09-30": "90.42950", "2018-06-30": "5.98250", "2018-03-31": "6.08200", "2017-12-31": "8.55050", "2017-09-30": "6.82870", "2017-06-30": "2.27070", "2017-03-31": "75.93850", "2016-12-31": "7.09020", "2016-09-30": "7.04740", "2016-06-30": "-1.09940", "2016-03-31": "-21.17810", "2015-12-31": "63.07600", "2015-09-30": "24.63860", "2015-06-30": "22.04520", "2015-03-31": "20.10910", "2014-12-31": "20.16920", "2014-09-30": "20.26400", "2014-06-30": "18.45810", "2014-03-31": "14.68700", "2013-12-31": "15.31320", "2013-09-30": "13.45080", "2013-06-30": "14.30980", "2013-03-31": "10.59910", "2012-12-31": "2.95700", "2012-09-30": "14.35900", "2012-06-30": "14.25960", "2012-03-31": "5.62370", "2011-12-31": "0.75190", "2011-09-30": "10.28300", "2011-06-30": "11.86440", "2011-03-31": "9.98150", "2010-12-31": "10.48240", "2010-09-30": "9.46430", "2010-06-30": "6.79180", "2010-03-31": "-1.38250", "2009-12-31": "", "2009-09-30": "100.00000", "2008-12-31": ""}, "EBIT Margin": {"2020-09-30": "1.41160", "2020-06-30": "-7.98020", "2020-03-31": "3.36470", "2019-12-31": "8.56150", "2019-09-30": "10.28700", "2019-06-30": "7.08160", "2019-03-31": "2.57880", "2018-12-31": "9.32170", "2018-09-30": "90.42950", "2018-06-30": "5.98250", "2018-03-31": "6.08200", "2017-12-31": "8.55050", "2017-09-30": "6.82870", "2017-06-30": "2.27070", "2017-03-31": "75.93850", "2016-12-31": "7.09020", "2016-09-30": "7.04740", "2016-06-30": "-1.09940", "2016-03-31": "-21.17810", "2015-12-31": "63.07600", "2015-09-30": "24.63860", "2015-06-30": "22.04520", "2015-03-31": "20.10910", "2014-12-31": "20.16920", "2014-09-30": "20.26400", "2014-06-30": "18.45810", "2014-03-31": "14.68700", "2013-12-31": "15.31320", "2013-09-30": "13.45080", "2013-06-30": "14.30980", "2013-03-31": "10.59910", "2012-12-31": "2.95700", "2012-09-30": "14.35900", "2012-06-30": "14.25960", "2012-03-31": "5.62370", "2011-12-31": "0.75190", "2011-09-30": "10.28300", "2011-06-30": "11.86440", "2011-03-31": "9.98150", "2010-12-31": "10.48240", "2010-09-30": "9.46430", "2010-06-30": "6.79180", "2010-03-31": "-1.38250", "2009-12-31": "", "2009-09-30": "100.00000", "2008-12-31": ""}, "EBITDA Margin": {"2020-09-30": "", "2020-06-30": "", "2020-03-31": "", "2019-12-31": "", "2019-09-30": "", "2019-06-30": "", "2019-03-31": "", "2018-12-31": "", "2018-09-30": "", "2018-06-30": "", "2018-03-31": "", "2017-12-31": "", "2017-09-30": "", "2017-06-30": "", "2017-03-31": "", "2016-12-31": "", "2016-09-30": "", "2016-06-30": "", "2016-03-31": "", "2015-12-31": "", "2015-09-30": "", "2015-06-30": "", "2015-03-31": "", "2014-12-31": "", "2014-09-30": "", "2014-06-30": "", "2014-03-31": "", "2013-12-31": "", "2013-09-30": "", "2013-06-30": "", "2013-03-31": "", "2012-12-31": "", "2012-09-30": "", "2012-06-30": "", "2012-03-31": "", "2011-12-31": "", "2011-09-30": "", "2011-06-30": "", "2011-03-31": "", "2010-12-31": "", "2010-09-30": "", "2010-06-30": "", "2010-03-31": "", "2009-12-31": "", "2009-09-30": "", "2008-12-31": ""}, "Pre-Tax Profit Margin": {"2020-09-30": "-3.26420", "2020-06-30": "-13.26360", "2020-03-31": "-0.49480", "2019-12-31": "4.51980", "2019-09-30": "6.53420", "2019-06-30": "3.06720", "2019-03-31": "-1.38490", "2018-12-31": "6.11740", "2018-09-30": "85.56240", "2018-06-30": "2.88210", "2018-03-31": "3.08510", "2017-12-31": "5.33390", "2017-09-30": "3.64470", "2017-06-30": "-1.13530", "2017-03-31": "69.78740", "2016-12-31": "3.15570", "2016-09-30": "2.38960", "2016-06-30": "-6.42710", "2016-03-31": "-26.39390", "2015-12-31": "52.24160", "2015-09-30": "25.68990", "2015-06-30": "22.17800", "2015-03-31": "-5.31700", "2014-12-31": "11.25570", "2014-09-30": "9.17490", "2014-06-30": "14.01040", "2014-03-31": "11.07540", "2013-12-31": "9.20340", "2013-09-30": "13.69100", "2013-06-30": "10.43770", "2013-03-31": "-3.41010", "2012-12-31": "-10.75270", "2012-09-30": "11.53850", "2012-06-30": "-2.01100", "2012-03-31": "-1.84050", "2011-12-31": "-16.97100", "2011-09-30": "-6.13210", "2011-06-30": "10.16950", "2011-03-31": "19.31610", "2010-12-31": "-7.97770", "2010-09-30": "34.37500", "2010-06-30": "-30.11620", "2010-03-31": "-29.21660", "2009-12-31": "", "2009-09-30": "100.00000", "2008-12-31": ""}, "Net Profit Margin": {"2020-09-30": "-0.97040", "2020-06-30": "-11.77770", "2020-03-31": "-1.03910", "2019-12-31": "4.95440", "2019-09-30": "4.81240", "2019-06-30": "1.84930", "2019-03-31": "-1.00290", "2018-12-31": "11.48560", "2018-09-30": "74.43760", "2018-06-30": "2.35810", "2018-03-31": "2.55620", "2017-12-31": "30.65960", "2017-09-30": "4.52450", "2017-06-30": "2.22530", "2017-03-31": "59.02310", "2016-12-31": "21.31150", "2016-09-30": "3.68570", "2016-06-30": "-0.54970", "2016-03-31": "-17.89570", "2015-12-31": "60.52300", "2015-09-30": "23.71880", "2015-06-30": "19.92030", "2015-03-31": "-7.29380", "2014-12-31": "9.69420", "2014-09-30": "7.98680", "2014-06-30": "11.78650", "2014-03-31": "8.82830", "2013-12-31": "7.42460", "2013-09-30": "12.40990", "2013-06-30": "9.34340", "2013-03-31": "-1.29030", "2012-12-31": "-10.39430", "2012-09-30": "9.82910", "2012-06-30": "-8.22670", "2012-03-31": "-2.45400", "2011-12-31": "-19.54890", "2011-09-30": "28.39620", "2011-06-30": "7.49330", "2011-03-31": "17.28280", "2010-12-31": "-10.94620", "2010-09-30": "32.94640", "2010-06-30": "-32.35030", "2010-03-31": "-31.79720", "2009-12-31": "", "2009-09-30": "38.81150", "2008-12-31": ""}, "Asset Turnover": {"2020-09-30": "0.10730", "2020-06-30": "0.08630", "2020-03-31": "0.10360", "2019-12-31": "0.11500", "2019-09-30": "0.10660", "2019-06-30": "0.10530", "2019-03-31": "0.10130", "2018-12-31": "0.11160", "2018-09-30": "0.11610", "2018-06-30": "0.10110", "2018-03-31": "0.09400", "2017-12-31": "0.10210", "2017-09-30": "0.10030", "2017-06-30": "0.09320", "2017-03-31": "0.09360", "2016-12-31": "0.09800", "2016-09-30": "0.09960", "2016-06-30": "0.09620", "2016-03-31": "0.08770", "2015-12-31": "0.06090", "2015-09-30": "0.18450", "2015-06-30": "0.18380", "2015-03-31": "0.20760", "2014-12-31": "0.22440", "2014-09-30": "0.24180", "2014-06-30": "0.20770", "2014-03-31": "0.19200", "2013-12-31": "0.20050", "2013-09-30": "0.18520", "2013-06-30": "0.18870", "2013-03-31": "0.17270", "2012-12-31": "0.17330", "2012-09-30": "0.18000", "2012-06-30": "0.16740", "2012-03-31": "0.14640", "2011-12-31": "0.14080", "2011-09-30": "0.15110", "2011-06-30": "0.14380", "2011-03-31": "0.13960", "2010-12-31": "0.14120", "2010-09-30": "0.14160", "2010-06-30": "0.14860", "2010-03-31": "", "2009-12-31": "", "2009-09-30": "", "2008-12-31": ""}, "Inventory Turnover Ratio": {"2020-09-30": "1.10620", "2020-06-30": "0.77930", "2020-03-31": "0.83460", "2019-12-31": "0.91610", "2019-09-30": "0.95150", "2019-06-30": "0.93180", "2019-03-31": "0.82350", "2018-12-31": "0.90700", "2018-09-30": "0.92600", "2018-06-30": "0.83710", "2018-03-31": "0.87690", "2017-12-31": "0.98220", "2017-09-30": "0.97260", "2017-06-30": "0.94990", "2017-03-31": "0.98950", "2016-12-31": "1.12400", "2016-09-30": "1.12620", "2016-06-30": "1.08480", "2016-03-31": "1.12050", "2015-12-31": "0.52530", "2015-09-30": "1.04130", "2015-06-30": "1.03440", "2015-03-31": "0.98830", "2014-12-31": "1.10330", "2014-09-30": "1.07220", "2014-06-30": "0.94670", "2014-03-31": "0.89320", "2013-12-31": "0.95140", "2013-09-30": "0.90050", "2013-06-30": "0.88010", "2013-03-31": "0.82470", "2012-12-31": "0.87550", "2012-09-30": "0.94490", "2012-06-30": "0.86340", "2012-03-31": "0.89500", "2011-12-31": "0.87700", "2011-09-30": "0.93770", "2011-06-30": "1.04730", "2011-03-31": "1.07260", "2010-12-31": "1.13650", "2010-09-30": "1.27780", "2010-06-30": "1.30170", "2010-03-31": "", "2009-12-31": "", "2009-09-30": "", "2008-12-31": ""}, "Receiveable Turnover": {"2020-09-30": "3.00260", "2020-06-30": "3.77750", "2020-03-31": "3.28080", "2019-12-31": "3.44980", "2019-09-30": "2.88170", "2019-06-30": "2.84230", "2019-03-31": "2.61750", "2018-12-31": "3.03410", "2018-09-30": "2.89350", "2018-06-30": "2.89870", "2018-03-31": "2.86850", "2017-12-31": "2.79410", "2017-09-30": "2.60870", "2017-06-30": "2.40660", "2017-03-31": "2.24920", "2016-12-31": "2.36210", "2016-09-30": "2.13400", "2016-06-30": "2.17970", "2016-03-31": "2.11010", "2015-12-31": "1.53390", "2015-09-30": "2.31660", "2015-06-30": "2.62370", "2015-03-31": "2.50770", "2014-12-31": "2.59190", "2014-09-30": "2.08100", "2014-06-30": "2.01640", "2014-03-31": "2.11190", "2013-12-31": "2.38560", "2013-09-30": "2.14600", "2013-06-30": "2.18380", "2013-03-31": "2.11910", "2012-12-31": "2.18820", "2012-09-30": "2.41240", "2012-06-30": "2.34260", "2012-03-31": "2.25870", "2011-12-31": "1.94360", "2011-09-30": "2.37670", "2011-06-30": "2.38510", "2011-03-31": "2.33690", "2010-12-31": "2.46120", "2010-09-30": "1.96490", "2010-06-30": "2.13550", "2010-03-31": "", "2009-12-31": "", "2009-09-30": "", "2008-12-31": ""}, "Days Sales In Receivables": {"2020-09-30": "29.97350", "2020-06-30": "23.82500", "2020-03-31": "27.43200", "2019-12-31": "26.08870", "2019-09-30": "31.23180", "2019-06-30": "31.66440", "2019-03-31": "34.38400", "2018-12-31": "29.66290", "2018-09-30": "31.10430", "2018-06-30": "31.04800", "2018-03-31": "31.37510", "2017-12-31": "32.21090", "2017-09-30": "34.49940", "2017-06-30": "37.39780", "2017-03-31": "40.01360", "2016-12-31": "38.10250", "2016-09-30": "42.17500", "2016-06-30": "41.28960", "2016-03-31": "42.65290", "2015-12-31": "58.67370", "2015-09-30": "38.85020", "2015-06-30": "34.30280", "2015-03-31": "35.88960", "2014-12-31": "34.72350", "2014-09-30": "43.24750", "2014-06-30": "44.63310", "2014-03-31": "42.61640", "2013-12-31": "37.72620", "2013-09-30": "41.93760", "2013-06-30": "41.21210", "2013-03-31": "42.47010", "2012-12-31": "41.12900", "2012-09-30": "37.30770", "2012-06-30": "38.41860", "2012-03-31": "39.84660", "2011-12-31": "46.30510", "2011-09-30": "37.86790", "2011-06-30": "37.73420", "2011-03-31": "38.51200", "2010-12-31": "36.56770", "2010-09-30": "45.80360", "2010-06-30": "42.14480", "2010-03-31": "", "2009-12-31": "", "2009-09-30": "", "2008-12-31": ""}, "ROE - Return On Equity": {"2020-09-30": "-0.19840", "2020-06-30": "-2.30810", "2020-03-31": "-0.14040", "2019-12-31": "1.27400", "2019-09-30": "1.26730", "2019-06-30": "0.49330", "2019-03-31": "-0.16110", "2018-12-31": "2.70350", "2018-09-30": "16.96440", "2018-06-30": "0.48070", "2018-03-31": "0.50400", "2017-12-31": "5.67750", "2017-09-30": "0.94700", "2017-06-30": "0.49100", "2017-03-31": "10.44130", "2016-12-31": "4.81360", "2016-09-30": "1.00430", "2016-06-30": "0.00900", "2016-03-31": "-3.36790", "2015-12-31": "8.58880", "2015-09-30": "32.75710", "2015-06-30": "35.62710", "2015-03-31": "-12.24490", "2014-12-31": "20.84890", "2014-09-30": "16.60650", "2014-06-30": "14.19460", "2014-03-31": "9.66480", "2013-12-31": "7.43860", "2013-09-30": "11.96110", "2013-06-30": "9.67740", "2013-03-31": "-0.07840", "2012-12-31": "-7.63240", "2012-09-30": "9.33050", "2012-06-30": "-6.08050", "2012-03-31": "-0.88630", "2011-12-31": "-12.89610", "2011-09-30": "-7.05130", "2011-06-30": "7.01630", "2011-03-31": "13.65290", "2010-12-31": "-10.58250", "2010-09-30": "27.04980", "2010-06-30": "-66.00000", "2010-03-31": "", "2009-12-31": "", "2009-09-30": "", "2008-12-31": ""}, "Return On Tangible Equity": {"2020-09-30": "0.55110", "2020-06-30": "5.62580", "2020-03-31": "0.33380", "2019-12-31": "-3.14260", "2019-09-30": "-4.23940", "2019-06-30": "-1.43750", "2019-03-31": "0.53070", "2018-12-31": "-10.97190", "2018-09-30": "-64.95390", "2018-06-30": "-25.58140", "2018-03-31": "-14.55300", "2017-12-31": "-63.89350", "2017-09-30": "-5.72630", "2017-06-30": "-2.39180", "2017-03-31": "-41.00810", "2016-12-31": "-10.67590", "2016-09-30": "-1.85820", "2016-06-30": "-0.01770", "2016-03-31": "6.24800", "2015-12-31": "-15.20840", "2015-09-30": "-33.07160", "2015-06-30": "-22.60560", "2015-03-31": "5.06470", "2014-12-31": "-8.82200", "2014-09-30": "-7.02290", "2014-06-30": "-10.22400", "2014-03-31": "-6.97410", "2013-12-31": "-7.33890", "2013-09-30": "-10.28710", "2013-06-30": "-7.32540", "2013-03-31": "0.05450", "2012-12-31": "5.00510", "2012-09-30": "-7.06580", "2012-06-30": "3.64530", "2012-03-31": "0.56950", "2011-12-31": "8.55750", "2011-09-30": "5.41870", "2011-06-30": "-3.98710", "2011-03-31": "-7.52600", "2010-12-31": "5.02730", "2010-09-30": "-12.38160", "2010-06-30": "10.97010", "2010-03-31": "", "2009-12-31": "", "2009-09-30": "", "2008-12-31": ""}, "ROA - Return On Assets": {"2020-09-30": "-0.08520", "2020-06-30": "-0.99250", "2020-03-31": "-0.06660", "2019-12-31": "0.61450", "2019-09-30": "0.55990", "2019-06-30": "0.21840", "2019-03-31": "-0.07740", "2018-12-31": "1.34230", "2018-09-30": "8.70540", "2018-06-30": "0.29150", "2018-03-31": "0.29010", "2017-12-31": "3.19350", "2017-09-30": "0.51700", "2017-06-30": "0.26660", "2017-03-31": "5.58140", "2016-12-31": "2.15680", "2016-09-30": "0.43560", "2016-06-30": "0.00410", "2016-03-31": "-1.52520", "2015-12-31": "3.75280", "2015-09-30": "4.59390", "2015-06-30": "3.91800", "2015-03-31": "-1.27390", "2014-12-31": "2.43800", "2014-09-30": "2.20240", "2014-06-30": "2.74010", "2014-03-31": "1.91090", "2013-12-31": "1.78320", "2013-09-30": "2.55040", "2013-06-30": "2.04890", "2013-03-31": "-0.01590", "2012-12-31": "-1.52200", "2012-09-30": "2.01510", "2012-06-30": "-1.13220", "2012-03-31": "-0.17960", "2011-12-31": "-2.64670", "2011-09-30": "-1.56830", "2011-06-30": "1.26960", "2011-03-31": "2.42490", "2010-12-31": "-1.68910", "2010-09-30": "4.46210", "2010-06-30": "-4.82200", "2010-03-31": "", "2009-12-31": "", "2009-09-30": "", "2008-12-31": ""}, "ROI - Return On Investment": {"2020-09-30": "-0.10790", "2020-06-30": "-1.22520", "2020-03-31": "-0.07820", "2019-12-31": "0.72270", "2019-09-30": "0.71030", "2019-06-30": "0.27570", "2019-03-31": "-0.09900", "2018-12-31": "1.70630", "2018-09-30": "11.34350", "2018-06-30": "0.34610", "2018-03-31": "0.36420", "2017-12-31": "3.97080", "2017-09-30": "0.65460", "2017-06-30": "0.33830", "2017-03-31": "6.89290", "2016-12-31": "2.69550", "2016-09-30": "0.55340", "2016-06-30": "0.00520", "2016-03-31": "-1.95840", "2015-12-31": "4.90310", "2015-09-30": "6.67840", "2015-06-30": "5.42690", "2015-03-31": "-1.89590", "2014-12-31": "3.52540", "2014-09-30": "2.98640", "2014-06-30": "3.71070", "2014-03-31": "2.56780", "2013-12-31": "2.38240", "2013-09-30": "3.68310", "2013-06-30": "2.76590", "2013-03-31": "-0.02260", "2012-12-31": "-2.19290", "2012-09-30": "2.76250", "2012-06-30": "-1.48480", "2012-03-31": "-0.24990", "2011-12-31": "-3.42870", "2011-09-30": "-2.06300", "2011-06-30": "1.80790", "2011-03-31": "3.37220", "2010-12-31": "-2.41260", "2010-09-30": "6.48300", "2010-06-30": "-7.26440", "2010-03-31": "", "2009-12-31": "", "2009-09-30": "", "2008-12-31": ""}, "Book Value Per Share": {"2020-09-30": "32.43500", "2020-06-30": "32.43040", "2020-03-31": "33.18270", "2019-12-31": "34.30610", "2019-09-30": "33.59820", "2019-06-30": "33.45260", "2019-03-31": "34.82420", "2018-12-31": "36.51090", "2018-09-30": "36.56490", "2018-06-30": "39.87370", "2018-03-31": "40.14450", "2017-12-31": "39.44610", "2017-09-30": "38.31340", "2017-06-30": "37.95110", "2017-03-31": "37.46260", "2016-12-31": "33.26250", "2016-09-30": "32.24940", "2016-06-30": "32.63160", "2016-03-31": "33.54630", "2015-12-31": "33.66920", "2015-09-30": "5.01210", "2015-06-30": "3.87830", "2015-03-31": "2.91950", "2014-12-31": "3.44400", "2014-09-30": "3.60130", "2014-06-30": "5.25420", "2014-03-31": "5.31380", "2013-12-31": "6.24440", "2013-09-30": "5.84120", "2013-06-30": "5.35230", "2013-03-31": "5.09900", "2012-12-31": "5.15610", "2012-09-30": "5.58580", "2012-06-30": "4.91780", "2012-03-31": "5.50150", "2011-12-31": "5.47540", "2011-09-30": "6.31540", "2011-06-30": "5.66690", "2011-03-31": "5.53510", "2010-12-31": "4.86140", "2010-09-30": "", "2010-06-30": "", "2010-03-31": "", "2009-12-31": "", "2009-09-30": "", "2008-12-31": ""}, "Operating Cash Flow Per Share": {"2020-09-30": 1.8819, "2020-06-30": 1.4883, "2020-03-31": "1.82900", "2019-12-31": 2.801, "2019-09-30": 2.647, "2019-06-30": 1.8213, "2019-03-31": "1.03050", "2018-12-31": 2.1109, "2018-09-30": 8.2368, "2018-06-30": 1.1606, "2018-03-31": "1.78730", "2017-12-31": 2.1392, "2017-09-30": 1.8471, "2017-06-30": 1.2732, "2017-03-31": "1.81680", "2016-12-31": 2.0778, "2016-09-30": 2.0629, "2016-06-30": 1.2735, "2016-03-31": "1.21110", "2015-12-31": 0.9437, "2015-09-30": 1.4185, "2015-06-30": 1.3767, "2015-03-31": "1.57860", "2014-12-31": 2.2059, "2014-09-30": 1.64, "2014-06-30": 0.9891, "2014-03-31": "1.06990", "2013-12-31": 1.2463, "2013-09-30": 1.1541, "2013-06-30": 0.6164, "2013-03-31": "0.47660", "2012-12-31": 0.7055, "2012-09-30": 0.7308, "2012-06-30": 1.083, "2012-03-31": "0.39120", "2011-12-31": -0.1384, "2011-09-30": 0.5373, "2011-06-30": 0.3161, "2011-03-31": "-0.01170", "2010-12-31": 0.7882, "2010-09-30": 0.6101, "2010-06-30": 0.3485, "2010-03-31": "-0.07900", "2009-12-31": 0, "2009-09-30": 0, "2008-12-31": 0}, "Free Cash Flow Per Share": {"2020-09-30": 1.6395, "2020-06-30": 1.2217, "2020-03-31": "1.31820", "2019-12-31": 2.3291, "2019-09-30": 2.2366, "2019-06-30": 1.4456, "2019-03-31": "0.52920", "2018-12-31": 1.6073, "2018-09-30": 7.7053, "2018-06-30": 0.789, "2018-03-31": "1.33760", "2017-12-31": 1.7562, "2017-09-30": 1.3846, "2017-06-30": 0.9962, "2017-03-31": "1.34880", "2016-12-31": 1.7079, "2016-09-30": 1.7824, "2016-06-30": 1.0651, "2016-03-31": "0.95370", "2015-12-31": 0.612, "2015-09-30": 1.1095, "2015-06-30": 1.0253, "2015-03-31": "1.23540", "2014-12-31": 1.7909, "2014-09-30": 1.3034, "2014-06-30": 0.6294, "2014-03-31": "0.87390", "2013-12-31": 0.9682, "2013-09-30": 0.9458, "2013-06-30": 0.4396, "2013-03-31": "0.32040", "2012-12-31": 0.5079, "2012-09-30": 0.3758, "2012-06-30": 0.7892, "2012-03-31": "0.23390", "2011-12-31": -0.2978, "2011-09-30": 0.3449, "2011-06-30": 0.0465, "2011-03-31": "-0.21820", "2010-12-31": 0.3661, "2010-09-30": 0.4051, "2010-06-30": 0.13, "2010-03-31": "-0.28800", "2009-12-31": 0, "2009-09-30": 0, "2008-12-31": 0}}, "revenue": {"NXP Semiconductors Annual Revenue (Millions of US $)": {"2019": "$8,877", "2018": "$9,407", "2017": "$9,256", "2016": "$9,498", "2015": "$6,101", "2014": "$5,647", "2013": "$4,815", "2012": "$4,358", "2011": "$4,194", "2010": "$4,402", "2009": "$3,519", "2008": "$5,104"}, "NXP Semiconductors Quarterly Revenue (Millions of US $)": {"2020-09-30": "$2,267", "2020-06-30": "$1,817", "2020-03-31": "$2,021", "2019-12-31": "$2,301", "2019-09-30": "$2,265", "2019-06-30": "$2,217", "2019-03-31": "$2,094", "2018-12-31": "$2,403", "2018-09-30": "$2,445", "2018-06-30": "$2,290", "2018-03-31": "$2,269", "2017-12-31": "$2,456", "2017-09-30": "$2,387", "2017-06-30": "$2,202", "2017-03-31": "$2,211", "2016-12-31": "$2,440", "2016-09-30": "$2,469", "2016-06-30": "$2,365", "2016-03-31": "$2,224", "2015-12-31": "$1,606", "2015-09-30": "$1,522", "2015-06-30": "$1,506", "2015-03-31": "$1,467", "2014-12-31": "$1,537", "2014-09-30": "$1,515", "2014-06-30": "$1,349", "2014-03-31": "$1,246", "2013-12-31": "$1,293", "2013-09-30": "$1,249", "2013-06-30": "$1,188", "2013-03-31": "$1,085", "2012-12-31": "$1,116", "2012-09-30": "$1,170", "2012-06-30": "$1,094", "2012-03-31": "$978", "2011-12-31": "$931", "2011-09-30": "$1,060", "2011-06-30": "$1,121", "2011-03-31": "$1,082", "2010-12-31": "$1,078", "2010-09-30": "$1,120", "2010-06-30": "$1,119", "2010-03-31": "$1,085", "2009-12-31": "", "2009-09-30": "$1,077", "2008-12-31": ""}}, "gross-profit": {"NXP Semiconductors Annual Gross Profit (Millions of US $)": {"2019": "$4,618", "2018": "$4,851", "2017": "$4,619", "2016": "$4,069", "2015": "$2,787", "2014": "$2,640", "2013": "$2,177", "2012": "$1,988", "2011": "$1,906", "2010": "$1,823", "2009": "$898", "2008": "$1,146"}, "NXP Semiconductors Quarterly Gross Profit (Millions of US $)": {"2020-09-30": "$1,090", "2020-06-30": "$860", "2020-03-31": "$997", "2019-12-31": "$1,209", "2019-09-30": "$1,186", "2019-06-30": "$1,151", "2019-03-31": "$1,072", "2018-12-31": "$1,243", "2018-09-30": "$1,256", "2018-06-30": "$1,180", "2018-03-31": "$1,172", "2017-12-31": "$1,242", "2017-09-30": "$1,215", "2017-06-30": "$1,083", "2017-03-31": "$1,079", "2016-12-31": "$1,189", "2016-09-30": "$1,184", "2016-06-30": "$1,099", "2016-03-31": "$597", "2015-12-31": "$619", "2015-09-30": "$740", "2015-06-30": "$724", "2015-03-31": "$704", "2014-12-31": "$704", "2014-09-30": "$713", "2014-06-30": "$638", "2014-03-31": "$585", "2013-12-31": "$589", "2013-09-30": "$570", "2013-06-30": "$535", "2013-03-31": "$483", "2012-12-31": "$490", "2012-09-30": "$536", "2012-06-30": "$538", "2012-03-31": "$424", "2011-12-31": "$389", "2011-09-30": "$488", "2011-06-30": "$523", "2011-03-31": "$506", "2010-12-31": "$495", "2010-09-30": "$476", "2010-06-30": "$446", "2010-03-31": "$406", "2009-12-31": "", "2009-09-30": "$1,077", "2008-12-31": ""}}, "operating-income": {"NXP Semiconductors Annual Operating Income (Millions of US $)": {"2019": "$641", "2018": "$2,710", "2017": "$2,102", "2016": "$-150", "2015": "$2,015", "2014": "$1,049", "2013": "$651", "2012": "$412", "2011": "$357", "2010": "$273", "2009": "$-931", "2008": "$-2,617"}, "NXP Semiconductors Quarterly Operating Income (Millions of US $)": {"2020-09-30": "$32", "2020-06-30": "$-145", "2020-03-31": "$68", "2019-12-31": "$197", "2019-09-30": "$233", "2019-06-30": "$157", "2019-03-31": "$54", "2018-12-31": "$224", "2018-09-30": "$2,211", "2018-06-30": "$137", "2018-03-31": "$138", "2017-12-31": "$210", "2017-09-30": "$163", "2017-06-30": "$50", "2017-03-31": "$1,679", "2016-12-31": "$173", "2016-09-30": "$174", "2016-06-30": "$-26", "2016-03-31": "$-471", "2015-12-31": "$1,013", "2015-09-30": "$375", "2015-06-30": "$332", "2015-03-31": "$295", "2014-12-31": "$310", "2014-09-30": "$307", "2014-06-30": "$249", "2014-03-31": "$183", "2013-12-31": "$198", "2013-09-30": "$168", "2013-06-30": "$170", "2013-03-31": "$115", "2012-12-31": "$33", "2012-09-30": "$168", "2012-06-30": "$156", "2012-03-31": "$55", "2011-12-31": "$7", "2011-09-30": "$109", "2011-06-30": "$133", "2011-03-31": "$108", "2010-12-31": "$113", "2010-09-30": "$106", "2010-06-30": "$76", "2010-03-31": "$-15", "2009-12-31": "", "2009-09-30": "$1,077", "2008-12-31": ""}}, "ebitda": {"NXP Semiconductors Annual EBITDA (Millions of US $)": {"2019": "$2,688", "2018": "$4,697", "2017": "$4,275", "2016": "$2,055", "2015": "$2,532", "2014": "$1,454", "2013": "$1,165", "2012": "$945", "2011": "$948", "2010": "$957", "2009": "$-113", "2008": "$-1,433"}, "NXP Semiconductors Quarterly EBITDA (Millions of US $)": {"2020-09-30": "$621", "2020-06-30": "$398", "2020-03-31": "$608", "2019-12-31": "$719", "2019-09-30": "$750", "2019-06-30": "$663", "2019-03-31": "$556", "2018-12-31": "$727", "2018-09-30": "$2,708", "2018-06-30": "$633", "2018-03-31": "$629", "2017-12-31": "$752", "2017-09-30": "$700", "2017-06-30": "$610", "2017-03-31": "$2,213", "2016-12-31": "$703", "2016-09-30": "$700", "2016-06-30": "$594", "2016-03-31": "$58", "2015-12-31": "$1,243", "2015-09-30": "$469", "2015-06-30": "$430", "2015-03-31": "$390", "2014-12-31": "$407", "2014-09-30": "$410", "2014-06-30": "$352", "2014-03-31": "$285", "2013-12-31": "$311", "2013-09-30": "$305", "2013-06-30": "$302", "2013-03-31": "$247", "2012-12-31": "$165", "2012-09-30": "$296", "2012-06-30": "$295", "2012-03-31": "$189", "2011-12-31": "$158", "2011-09-30": "$261", "2011-06-30": "$276", "2011-03-31": "$253", "2010-12-31": "$297", "2010-09-30": "$261", "2010-06-30": "$236", "2010-03-31": "$170", "2009-12-31": "", "2009-09-30": "$1,077", "2008-12-31": ""}}, "net-income": {"NXP Semiconductors Annual Net Income (Millions of US $)": {"2019": "$243", "2018": "$2,208", "2017": "$2,215", "2016": "$200", "2015": "$1,526", "2014": "$539", "2013": "$348", "2012": "$-115", "2011": "$390", "2010": "$-456", "2009": "$-167", "2008": "$-3,557"}, "NXP Semiconductors Quarterly Net Income (Millions of US $)": {"2020-09-30": "$-22", "2020-06-30": "$-214", "2020-03-31": "$-21", "2019-12-31": "$114", "2019-09-30": "$109", "2019-06-30": "$41", "2019-03-31": "$-21", "2018-12-31": "$276", "2018-09-30": "$1,820", "2018-06-30": "$54", "2018-03-31": "$58", "2017-12-31": "$753", "2017-09-30": "$108", "2017-06-30": "$49", "2017-03-31": "$1,305", "2016-12-31": "$520", "2016-09-30": "$91", "2016-06-30": "$-13", "2016-03-31": "$-398", "2015-12-31": "$972", "2015-09-30": "$361", "2015-06-30": "$300", "2015-03-31": "$-107", "2014-12-31": "$149", "2014-09-30": "$121", "2014-06-30": "$159", "2014-03-31": "$110", "2013-12-31": "$96", "2013-09-30": "$155", "2013-06-30": "$111", "2013-03-31": "$-14", "2012-12-31": "$-116", "2012-09-30": "$115", "2012-06-30": "$-90", "2012-03-31": "$-24", "2011-12-31": "$-182", "2011-09-30": "$301", "2011-06-30": "$84", "2011-03-31": "$187", "2010-12-31": "$-118", "2010-09-30": "$369", "2010-06-30": "$-362", "2010-03-31": "$-345", "2009-12-31": "", "2009-09-30": "$418", "2008-12-31": ""}}, "eps-earnings-per-share-diluted": {"NXP Semiconductors Annual EPS": {"2019": "$0.85", "2018": "$6.72", "2017": "$6.41", "2016": "$0.58", "2015": "$6.10", "2014": "$2.17", "2013": "$1.36", "2012": "$-0.46", "2011": "$1.57", "2010": "$-1.99", "2009": "$-0.78", "2008": "$-19.74"}, "NXP Semiconductors Quarterly EPS": {"2020-09-30": "$-0.08", "2020-06-30": "$-0.77", "2020-03-31": "$-0.08", "2019-12-31": "$0.40", "2019-09-30": "$0.38", "2019-06-30": "$0.14", "2019-03-31": "$-0.07", "2018-12-31": "$0.79", "2018-09-30": "$5.60", "2018-06-30": "$0.16", "2018-03-31": "$0.17", "2017-12-31": "$2.17", "2017-09-30": "$0.31", "2017-06-30": "$0.14", "2017-03-31": "$3.79", "2016-12-31": "$1.52", "2016-09-30": "$0.26", "2016-06-30": "$-0.04", "2016-03-31": "$-1.16", "2015-12-31": "$3.84", "2015-09-30": "$1.49", "2015-06-30": "$1.23", "2015-03-31": "$-0.46", "2014-12-31": "$0.61", "2014-09-30": "$0.49", "2014-06-30": "$0.64", "2014-03-31": "$0.43", "2013-12-31": "$0.39", "2013-09-30": "$0.60", "2013-06-30": "$0.43", "2013-03-31": "$-0.06", "2012-12-31": "$-0.45", "2012-09-30": "$0.45", "2012-06-30": "$-0.36", "2012-03-31": "$-0.10", "2011-12-31": "$-0.70", "2011-09-30": "$1.21", "2011-06-30": "$0.33", "2011-03-31": "$0.73", "2010-12-31": "$-0.47", "2010-09-30": "$1.55", "2010-06-30": "$-1.68", "2010-03-31": "$-1.60", "2009-12-31": "$0.00", "2009-09-30": "$1.93", "2008-12-31": "$0.00"}}, "shares-outstanding": {"NXP Semiconductors Annual Shares Outstanding (Millions of Shares)": {"2019": "286", "2018": "329", "2017": "346", "2016": "348", "2015": "250", "2014": "249", "2013": "255", "2012": "248", "2011": "249", "2010": "229", "2009": "215", "2008": "180"}, "NXP Semiconductors Quarterly Shares Outstanding (Millions of Shares)": {"2020-09-30": "279", "2020-06-30": "279", "2020-03-31": "280", "2019-12-31": "286", "2019-09-30": "284", "2019-06-30": "285", "2019-03-31": "287", "2018-12-31": "329", "2018-09-30": "325", "2018-06-30": "347", "2018-03-31": "347", "2017-12-31": "346", "2017-09-30": "346", "2017-06-30": "345", "2017-03-31": "344", "2016-12-31": "348", "2016-09-30": "344", "2016-06-30": "341", "2016-03-31": "342", "2015-12-31": "250", "2015-09-30": "242", "2015-06-30": "243", "2015-03-31": "233", "2014-12-31": "249", "2014-09-30": "247", "2014-06-30": "250", "2014-03-31": "255", "2013-12-31": "255", "2013-09-30": "257", "2013-06-30": "255", "2013-03-31": "250", "2012-12-31": "248", "2012-09-30": "253", "2012-06-30": "248", "2012-03-31": "248", "2011-12-31": "249", "2011-09-30": "248", "2011-06-30": "256", "2011-03-31": "257", "2010-12-31": "215", "2010-09-30": "239", "2010-06-30": "215", "2010-03-31": "215", "2009-12-31": "", "2009-09-30": "216", "2008-12-31": ""}}, "total-assets": {"NXP Semiconductors Annual Total Assets (Millions of US $)": {"2019": "$20,016", "2018": "$21,530", "2017": "$24,049", "2016": "$24,898", "2015": "$26,354", "2014": "$6,850", "2013": "$6,449", "2012": "$6,439", "2011": "$6,612", "2010": "$7,637", "2009": "$8,579", "2008": "$0"}, "NXP Semiconductors Quarterly Total Assets (Millions of US $)": {"2020-09-30": "$21,122", "2020-06-30": "$21,057", "2020-03-31": "$19,511", "2019-12-31": "$20,016", "2019-09-30": "$21,254", "2019-06-30": "$21,059", "2019-03-31": "$20,672", "2018-12-31": "$21,530", "2018-09-30": "$21,056", "2018-06-30": "$22,644", "2018-03-31": "$24,127", "2017-12-31": "$24,049", "2017-09-30": "$23,793", "2017-06-30": "$23,628", "2017-03-31": "$23,614", "2016-12-31": "$24,898", "2016-09-30": "$24,792", "2016-06-30": "$24,581", "2016-03-31": "$25,373", "2015-12-31": "$26,354", "2015-09-30": "$8,250", "2015-06-30": "$8,193", "2015-03-31": "$7,065", "2014-12-31": "$6,850", "2014-09-30": "$6,266", "2014-06-30": "$6,496", "2014-03-31": "$6,489", "2013-12-31": "$6,449", "2013-09-30": "$6,744", "2013-06-30": "$6,296", "2013-03-31": "$6,281", "2012-12-31": "$6,439", "2012-09-30": "$6,501", "2012-06-30": "$6,536", "2012-03-31": "$6,682", "2011-12-31": "$6,612", "2011-09-30": "$7,014", "2011-06-30": "$7,798", "2011-03-31": "$7,753", "2010-12-31": "$7,637", "2010-09-30": "$7,911", "2010-06-30": "$7,528", "2010-03-31": "$0", "2009-12-31": "$8,579", "2009-09-30": "$0", "2008-12-31": "$0"}}, "cash-on-hand": {"NXP Semiconductors Annual Cash on Hand (Millions of US $)": {"2019": "$1,045", "2018": "$2,789", "2017": "$3,547", "2016": "$1,894", "2015": "$1,614", "2014": "$1,185", "2013": "$670", "2012": "$617", "2011": "$743", "2010": "$898", "2009": "$1,026", "2008": "$"}, "NXP Semiconductors Quarterly Cash on Hand (Millions of US $)": {"2020-09-30": "$3,566", "2020-06-30": "$3,266", "2020-03-31": "$1,079", "2019-12-31": "$1,045", "2019-09-30": "$3,537", "2019-06-30": "$3,030", "2019-03-31": "$2,192", "2018-12-31": "$2,789", "2018-09-30": "$1,944", "2018-06-30": "$2,981", "2018-03-31": "$3,983", "2017-12-31": "$3,547", "2017-09-30": "$3,065", "2017-06-30": "$2,642", "2017-03-31": "$2,238", "2016-12-31": "$1,894", "2016-09-30": "$1,569", "2016-06-30": "$1,335", "2016-03-31": "$1,488", "2015-12-31": "$1,614", "2015-09-30": "$2,492", "2015-06-30": "$2,435", "2015-03-31": "$1,355", "2014-12-31": "$1,185", "2014-09-30": "$594", "2014-06-30": "$661", "2014-03-31": "$720", "2013-12-31": "$670", "2013-09-30": "$941", "2013-06-30": "$569", "2013-03-31": "$595", "2012-12-31": "$617", "2012-09-30": "$702", "2012-06-30": "$837", "2012-03-31": "$782", "2011-12-31": "$743", "2011-09-30": "$865", "2011-06-30": "$859", "2011-03-31": "$879", "2010-12-31": "$898", "2010-09-30": "$962", "2010-06-30": "$842", "2010-03-31": "", "2009-12-31": "$1,026", "2009-09-30": "", "2008-12-31": ""}}, "long-term-debt": {"NXP Semiconductors Annual Long Term Debt (Millions of US $)": {"2019": "$7,365", "2018": "$6,247", "2017": "$5,814", "2016": "$8,766", "2015": "$8,656", "2014": "$3,936", "2013": "$3,281", "2012": "$3,185", "2011": "$3,747", "2010": "$4,128", "2009": "$4,673", "2008": "$"}, "NXP Semiconductors Quarterly Long Term Debt (Millions of US $)": {"2020-09-30": "$7,607", "2020-06-30": "$8,004", "2020-03-31": "$7,366", "2019-12-31": "$7,365", "2019-09-30": "$7,363", "2019-06-30": "$7,361", "2019-03-31": "$6,223", "2018-12-31": "$6,247", "2018-09-30": "$5,354", "2018-06-30": "$5,341", "2018-03-31": "$5,329", "2017-12-31": "$5,814", "2017-09-30": "$5,802", "2017-06-30": "$5,790", "2017-03-31": "$6,498", "2016-12-31": "$8,766", "2016-09-30": "$8,761", "2016-06-30": "$8,272", "2016-03-31": "$8,270", "2015-12-31": "$8,656", "2015-09-30": "$4,518", "2015-06-30": "$5,014", "2015-03-31": "$4,012", "2014-12-31": "$3,936", "2014-09-30": "$3,790", "2014-06-30": "$3,543", "2014-03-31": "$3,546", "2013-12-31": "$3,281", "2013-09-30": "$3,232", "2013-06-30": "$3,331", "2013-03-31": "$3,149", "2012-12-31": "$3,185", "2012-09-30": "$3,338", "2012-06-30": "$3,767", "2012-03-31": "$3,447", "2011-12-31": "$3,747", "2011-09-30": "$3,772", "2011-06-30": "$4,065", "2011-03-31": "$4,198", "2010-12-31": "$4,128", "2010-09-30": "$4,140", "2010-06-30": "$4,447", "2010-03-31": "", "2009-12-31": "$4,673", "2009-09-30": "", "2008-12-31": ""}}, "total-liabilities": {"NXP Semiconductors Annual Total Liabilities (Millions of US $)": {"2019": "$10,361", "2018": "$10,840", "2017": "$10,522", "2016": "$13,742", "2015": "$14,839", "2014": "$6,049", "2013": "$4,903", "2012": "$5,155", "2011": "$5,255", "2010": "$6,418", "2009": "$7,538", "2008": "$0"}, "NXP Semiconductors Quarterly Total Liabilities (Millions of US $)": {"2020-09-30": "$12,049", "2020-06-30": "$12,002", "2020-03-31": "$10,253", "2019-12-31": "$10,361", "2019-09-30": "$11,864", "2019-06-30": "$11,734", "2019-03-31": "$10,741", "2018-12-31": "$10,840", "2018-09-30": "$10,251", "2018-06-30": "$8,914", "2018-03-31": "$10,237", "2017-12-31": "$10,522", "2017-09-30": "$10,804", "2017-06-30": "$10,796", "2017-03-31": "$10,991", "2016-12-31": "$13,742", "2016-09-30": "$14,038", "2016-06-30": "$13,512", "2016-03-31": "$13,882", "2015-12-31": "$14,839", "2015-09-30": "$7,093", "2015-06-30": "$7,292", "2015-03-31": "$6,330", "2014-12-31": "$6,049", "2014-09-30": "$5,435", "2014-06-30": "$5,242", "2014-03-31": "$5,206", "2013-12-31": "$4,903", "2013-09-30": "$5,306", "2013-06-30": "$4,963", "2013-03-31": "$5,006", "2012-12-31": "$5,155", "2012-09-30": "$5,097", "2012-06-30": "$5,319", "2012-03-31": "$5,328", "2011-12-31": "$5,255", "2011-09-30": "$5,454", "2011-06-30": "$6,387", "2011-03-31": "$6,376", "2010-12-31": "$6,418", "2010-09-30": "$6,606", "2010-06-30": "$6,978", "2010-03-31": "$0", "2009-12-31": "$7,538", "2009-09-30": "", "2008-12-31": "$0"}}, "total-share-holder-equity": {"NXP Semiconductors Annual Share Holder Equity (Millions of US $)": {"2019": "$9,655", "2018": "$10,690", "2017": "$13,527", "2016": "$11,156", "2015": "$11,515", "2014": "$801", "2013": "$1,546", "2012": "$1,284", "2011": "$1,357", "2010": "$1,219", "2009": "$1,041", "2008": "$0"}, "NXP Semiconductors Quarterly Share Holder Equity (Millions of US $)": {"2020-09-30": "$9,073", "2020-06-30": "$9,055", "2020-03-31": "$9,258", "2019-12-31": "$9,655", "2019-09-30": "$9,390", "2019-06-30": "$9,325", "2019-03-31": "$9,931", "2018-12-31": "$10,690", "2018-09-30": "$10,805", "2018-06-30": "$13,730", "2018-03-31": "$13,890", "2017-12-31": "$13,527", "2017-09-30": "$12,989", "2017-06-30": "$12,832", "2017-03-31": "$12,623", "2016-12-31": "$11,156", "2016-09-30": "$10,754", "2016-06-30": "$11,069", "2016-03-31": "$11,491", "2015-12-31": "$11,515", "2015-09-30": "$1,157", "2015-06-30": "$901", "2015-03-31": "$735", "2014-12-31": "$801", "2014-09-30": "$831", "2014-06-30": "$1,254", "2014-03-31": "$1,283", "2013-12-31": "$1,546", "2013-09-30": "$1,438", "2013-06-30": "$1,333", "2013-03-31": "$1,275", "2012-12-31": "$1,284", "2012-09-30": "$1,404", "2012-06-30": "$1,217", "2012-03-31": "$1,354", "2011-12-31": "$1,357", "2011-09-30": "$1,560", "2011-06-30": "$1,411", "2011-03-31": "$1,377", "2010-12-31": "$1,219", "2010-09-30": "$1,305", "2010-06-30": "$550", "2010-03-31": "$0", "2009-12-31": "$1,041", "2009-09-30": "", "2008-12-31": "$0"}}, "profit-margins": {"current": "0.6%"}, "gross margin": {"2020-09-30": "49.44%", "2020-06-30": "50.59%", "2020-03-31": "51.60%", "2019-12-31": "52.02%", "2019-09-30": "51.81%", "2019-06-30": "51.56%", "2019-03-31": "51.46%", "2018-12-31": "51.57%", "2018-09-30": "51.27%", "2018-06-30": "51.15%", "2018-03-31": "50.59%", "2017-12-31": "49.90%", "2017-09-30": "49.42%", "2017-06-30": "48.65%", "2017-03-31": "47.98%", "2016-12-31": "42.84%", "2016-09-30": "40.39%", "2016-06-30": "39.59%", "2016-03-31": "39.08%", "2015-12-31": "45.68%", "2015-09-30": "47.61%", "2015-06-30": "47.22%", "2015-03-31": "47.02%", "2014-12-31": "46.75%", "2014-09-30": "46.73%", "2014-06-30": "46.37%", "2014-03-31": "45.80%", "2013-12-31": "45.21%", "2013-09-30": "44.80%", "2013-06-30": "44.83%", "2013-03-31": "45.85%", "2012-12-31": "45.62%", "2012-09-30": "45.22%", "2012-06-30": "45.26%", "2012-03-31": "44.60%", "2011-12-31": "45.45%", "2011-09-30": "46.35%", "2011-06-30": "45.44%", "2011-03-31": "43.71%", "2010-12-31": "41.41%", "2010-06-30": "58.79%"}, "operating margin": {"2020-09-30": "1.81%", "2020-06-30": "4.20%", "2020-03-31": "7.44%", "2019-12-31": "7.22%", "2019-09-30": "7.44%", "2019-06-30": "28.89%", "2019-03-31": "28.44%", "2018-12-31": "28.81%", "2018-09-30": "28.50%", "2018-06-30": "6.89%", "2018-03-31": "6.02%", "2017-12-31": "22.71%", "2017-09-30": "22.35%", "2017-06-30": "22.27%", "2017-03-31": "21.09%", "2016-12-31": "-1.58%", "2016-09-30": "7.96%", "2016-06-30": "11.55%", "2016-03-31": "18.21%", "2015-12-31": "33.03%", "2015-09-30": "21.75%", "2015-06-30": "20.65%", "2015-03-31": "19.79%", "2014-12-31": "18.58%", "2014-09-30": "17.34%", "2014-06-30": "15.53%", "2014-03-31": "14.45%", "2013-12-31": "13.52%", "2013-09-30": "10.48%", "2013-06-30": "10.66%", "2013-03-31": "10.57%", "2012-12-31": "9.45%", "2012-09-30": "9.25%", "2012-06-30": "8.05%", "2012-03-31": "7.43%", "2011-12-31": "8.51%", "2011-09-30": "10.67%", "2011-06-30": "10.45%", "2011-03-31": "9.16%", "2010-12-31": "6.36%", "2010-06-30": "34.68%"}, "ebitda margin": {"2020-09-30": "27.91%", "2020-06-30": "29.45%", "2020-03-31": "31.12%", "2019-12-31": "30.28%", "2019-09-30": "30.03%", "2019-06-30": "50.81%", "2019-03-31": "50.09%", "2018-12-31": "49.93%", "2018-09-30": "49.92%", "2018-06-30": "28.87%", "2018-03-31": "28.89%", "2017-12-31": "46.19%", "2017-09-30": "45.74%", "2017-06-30": "45.33%", "2017-03-31": "44.39%", "2016-12-31": "21.64%", "2016-09-30": "29.95%", "2016-06-30": "30.63%", "2016-03-31": "32.08%", "2015-12-31": "41.50%", "2015-09-30": "28.12%", "2015-06-30": "27.17%", "2015-03-31": "26.57%", "2014-12-31": "25.75%", "2014-09-30": "25.13%", "2014-06-30": "24.39%", "2014-03-31": "24.18%", "2013-12-31": "24.20%", "2013-09-30": "21.97%", "2013-06-30": "22.15%", "2013-03-31": "22.46%", "2012-12-31": "21.68%", "2012-09-30": "22.48%", "2012-06-30": "22.22%", "2012-03-31": "21.61%", "2011-12-31": "22.60%", "2011-09-30": "25.04%", "2011-06-30": "24.70%", "2011-03-31": "23.80%", "2010-12-31": "21.90%", "2010-06-30": "45.20%"}, "pre tax profit margin": {"2020-09-30": "-2.63%", "2020-06-30": "0.01%", "2020-03-31": "3.52%", "2019-12-31": "3.28%", "2019-09-30": "3.72%", "2019-06-30": "24.87%", "2019-03-31": "24.65%", "2018-12-31": "25.25%", "2018-09-30": "24.94%", "2018-06-30": "3.77%", "2018-03-31": "2.82%", "2017-12-31": "18.76%", "2017-09-30": "18.20%", "2017-06-30": "17.74%", "2017-03-31": "16.10%", "2016-12-31": "-6.35%", "2016-09-30": "1.84%", "2016-06-30": "6.36%", "2016-03-31": "14.25%", "2015-12-31": "24.36%", "2015-09-30": "13.59%", "2015-06-30": "9.43%", "2015-03-31": "7.21%", "2014-12-31": "11.32%", "2014-09-30": "10.83%", "2014-06-30": "12.01%", "2014-03-31": "11.09%", "2013-12-31": "7.83%", "2013-09-30": "2.98%", "2013-06-30": "2.24%", "2013-03-31": "-0.99%", "2012-12-31": "-0.57%", "2012-09-30": "-1.51%", "2012-06-30": "-6.47%", "2012-03-31": "-3.11%", "2011-12-31": "2.38%", "2011-09-30": "3.96%", "2011-06-30": "14.13%", "2011-03-31": "3.89%", "2010-12-31": "-8.06%", "2010-06-30": "12.89%"}, "net profit margin": {"2020-09-30": "-1.70%", "2020-06-30": "-0.14%", "2020-03-31": "2.76%", "2019-12-31": "2.74%", "2019-09-30": "4.51%", "2019-06-30": "23.10%", "2019-03-31": "23.06%", "2018-12-31": "23.47%", "2018-09-30": "28.38%", "2018-06-30": "10.35%", "2018-03-31": "10.39%", "2017-12-31": "23.93%", "2017-09-30": "21.45%", "2017-06-30": "21.08%", "2017-03-31": "20.06%", "2016-12-31": "2.11%", "2016-09-30": "7.53%", "2016-06-30": "11.95%", "2016-03-31": "18.01%", "2015-12-31": "25.01%", "2015-09-30": "11.65%", "2015-06-30": "7.68%", "2015-03-31": "5.49%", "2014-12-31": "9.54%", "2014-09-30": "9.00%", "2014-06-30": "10.12%", "2014-03-31": "9.49%", "2013-12-31": "7.23%", "2013-09-30": "2.93%", "2013-06-30": "2.11%", "2013-03-31": "-2.35%", "2012-12-31": "-2.64%", "2012-09-30": "-4.34%", "2012-06-30": "0.12%", "2012-03-31": "4.38%", "2011-12-31": "9.30%", "2011-09-30": "10.46%", "2011-06-30": "11.86%", "2011-03-31": "1.73%", "2010-12-31": "-10.36%", "2010-06-30": "-8.81%"}, "pe ratio": {"current": "30.85", "2021-02-05": "0.00", "2020-09-30": "0.00", "2020-06-30": "0.00", "2020-03-31": "97.85", "2019-12-31": "147.82", "2019-09-30": "77.27", "2019-06-30": "14.49", "2019-03-31": "13.04", "2018-12-31": "10.41", "2018-09-30": "10.27", "2018-06-30": "37.72", "2018-03-31": "40.68", "2017-12-31": "17.72", "2017-09-30": "23.80", "2017-06-30": "23.28", "2017-03-31": "22.92", "2016-12-31": "0.00", "2016-09-30": "37.77", "2016-06-30": "19.74", "2016-03-31": "15.36", "2015-12-31": "14.04", "2015-09-30": "29.43", "2015-06-30": "50.94", "2015-03-31": "76.06", "2014-12-31": "34.15", "2014-09-30": "34.39", "2014-06-30": "31.47", "2014-03-31": "31.17", "2013-12-31": "33.25", "2013-09-30": "72.19", "2013-06-30": "85.97", "2013-03-31": "117.53", "2012-12-31": "121.58", "2012-09-30": "0.00", "2012-06-30": "31.74", "2012-03-31": "36.36", "2011-12-31": "9.68", "2011-09-30": "7.61", "2011-06-30": "12.12"}, "price sales": {"2021-02-05": "6.09", "2020-09-30": "4.17", "2020-06-30": "3.81", "2020-03-31": "2.65", "2019-12-31": "4.04", "2019-09-30": "3.54", "2019-06-30": "3.20", "2019-03-31": "3.01", "2018-12-31": "2.56", "2018-09-30": "3.00", "2018-06-30": "3.91", "2018-03-31": "4.22", "2017-12-31": "4.24", "2017-09-30": "4.10", "2017-06-30": "3.93", "2017-03-31": "3.64", "2016-12-31": "3.44", "2016-09-30": "3.66", "2016-06-30": "2.91", "2016-03-31": "3.10", "2015-12-31": "3.24", "2015-09-30": "3.39", "2015-06-30": "3.84", "2015-03-31": "4.05", "2014-12-31": "3.28", "2014-09-30": "3.09", "2014-06-30": "3.18", "2014-03-31": "2.93", "2013-12-31": "2.35", "2013-09-30": "1.97", "2013-06-30": "1.66", "2013-03-31": "1.64", "2012-12-31": "1.46", "2012-09-30": "1.45", "2012-06-30": "1.38", "2012-03-31": "1.58", "2011-12-31": "0.90", "2011-09-30": "0.77", "2011-06-30": "1.42"}, "price book": {"current": "5.61", "2021-02-05": "5.61", "2020-09-30": "3.84", "2020-06-30": "3.50", "2020-03-31": "2.48", "2019-12-31": "3.66", "2019-09-30": "3.20", "2019-06-30": "2.86", "2019-03-31": "2.48", "2018-12-31": "1.96", "2018-09-30": "2.27", "2018-06-30": "2.66", "2018-03-31": "2.83", "2017-12-31": "2.88", "2017-09-30": "2.86", "2017-06-30": "2.80", "2017-03-31": "2.68", "2016-12-31": "2.86", "2016-09-30": "3.07", "2016-06-30": "2.33", "2016-03-31": "2.34", "2015-12-31": "2.43", "2015-09-30": "16.85", "2015-06-30": "24.56", "2015-03-31": "33.35", "2014-12-31": "21.52", "2014-09-30": "18.43", "2014-06-30": "12.22", "2014-03-31": "10.74", "2013-12-31": "7.14", "2013-09-30": "6.18", "2013-06-30": "5.62", "2013-03-31": "5.76", "2012-12-31": "4.95", "2012-09-30": "4.34", "2012-06-30": "4.58", "2012-03-31": "4.69", "2011-12-31": "2.72", "2011-09-30": "2.17", "2011-06-30": "4.58", "2011-03-31": "5.25", "2010-12-31": "4.18", "2010-09-30": "0.00"}, "price fcf": {"2021-02-05": "", "2020-09-30": "$6.51", "2020-06-30": "$7.11", "2020-03-31": "$7.33", "2019-12-31": "$6.54", "2019-09-30": "$5.82", "2019-06-30": "$11.29", "2019-03-31": "$10.63", "2018-12-31": "$11.44", "2018-09-30": "$11.59", "2018-06-30": "$5.27", "2018-03-31": "$5.47", "2017-12-31": "$5.49", "2017-09-30": "$5.44", "2017-06-30": "$5.84", "2017-03-31": "$5.90", "2016-12-31": "$5.51", "2016-09-30": "$4.41", "2016-06-30": "$3.74", "2016-03-31": "$3.70", "2015-12-31": "$3.98", "2015-09-30": "$5.16", "2015-06-30": "$5.36", "2015-03-31": "$4.96", "2014-12-31": "$4.60", "2014-09-30": "$3.77", "2014-06-30": "$3.42", "2014-03-31": "$3.23", "2013-12-31": "$2.67", "2013-09-30": "$2.21", "2013-06-30": "$1.64", "2013-03-31": "$1.99", "2012-12-31": "$1.91", "2012-09-30": "$1.10", "2012-06-30": "$1.07", "2012-03-31": "$0.33", "2011-12-31": "$-0.12", "2011-09-30": "$0.54", "2011-06-30": "$0.44"}, "net worth": {"value": "$50.91B"}, "current ratio": {"current": "1.64", "2020-09-30": "1.64", "2020-06-30": "1.74", "2020-03-31": "1.77", "2019-12-31": "1.82", "2019-09-30": "1.90", "2019-06-30": "1.82", "2019-03-31": "1.42", "2018-12-31": "1.54", "2018-09-30": "1.22", "2018-06-30": "2.98", "2018-03-31": "2.07", "2017-12-31": "2.22", "2017-09-30": "2.04", "2017-06-30": "1.87", "2017-03-31": "2.27", "2016-12-31": "2.22", "2016-09-30": "2.03", "2016-06-30": "1.91", "2016-03-31": "1.57", "2015-12-31": "1.89", "2015-09-30": "2.48", "2015-06-30": "3.23", "2015-03-31": "2.18", "2014-12-31": "1.99", "2014-09-30": "1.73", "2014-06-30": "1.72", "2014-03-31": "1.77", "2013-12-31": "1.75", "2013-09-30": "1.50", "2013-06-30": "1.69", "2013-03-31": "1.39", "2012-12-31": "1.31", "2012-09-30": "1.51", "2012-06-30": "1.87", "2012-03-31": "1.42", "2011-12-31": "1.87", "2011-09-30": "1.69", "2011-06-30": "1.18", "2011-03-31": "1.28", "2010-12-31": "1.22", "2010-09-30": "1.17", "2010-06-30": "1.03", "2010-03-31": "0.00", "2009-12-31": "1.12", "2009-09-30": "0.00", "2008-12-31": "0.00"}, "quick ratio": {"2020-09-30": "1.33", "2020-06-30": "1.33", "2020-03-31": "1.10", "2019-12-31": "1.16", "2019-09-30": "1.54", "2019-06-30": "1.44", "2019-03-31": "1.04", "2018-12-31": "1.17", "2018-09-30": "0.87", "2018-06-30": "2.26", "2018-03-31": "1.68", "2017-12-31": "1.77", "2017-09-30": "1.59", "2017-06-30": "1.43", "2017-03-31": "1.71", "2016-12-31": "1.76", "2016-09-30": "1.59", "2016-06-30": "1.46", "2016-03-31": "1.04", "2015-12-31": "1.15", "2015-09-30": "2.05", "2015-06-30": "2.65", "2015-03-31": "1.60", "2014-12-31": "1.42", "2014-09-30": "1.13", "2014-06-30": "1.14", "2014-03-31": "1.17", "2013-12-31": "1.13", "2013-09-30": "1.03", "2013-06-30": "1.06", "2013-03-31": "0.87", "2012-12-31": "0.83", "2012-09-30": "0.99", "2012-06-30": "1.28", "2012-03-31": "0.98", "2011-12-31": "1.29", "2011-09-30": "1.19", "2011-06-30": "0.87", "2011-03-31": "0.96", "2010-12-31": "0.93", "2010-09-30": "0.91", "2010-06-30": "0.78", "2010-03-31": "0.00", "2009-12-31": "0.88", "2009-09-30": "0.00", "2008-12-31": "0.00"}, "debt equity ratio": {"current": "0.84", "2020-09-30": "1.33", "2020-06-30": "1.33", "2020-03-31": "1.11", "2019-12-31": "1.07", "2019-09-30": "1.26", "2019-06-30": "1.26", "2019-03-31": "1.08", "2018-12-31": "1.01", "2018-09-30": "0.95", "2018-06-30": "0.65", "2018-03-31": "0.74", "2017-12-31": "0.78", "2017-09-30": "0.83", "2017-06-30": "0.84", "2017-03-31": "0.87", "2016-12-31": "1.23", "2016-09-30": "1.31", "2016-06-30": "1.22", "2016-03-31": "1.21", "2015-12-31": "1.29", "2015-09-30": "6.13", "2015-06-30": "8.09", "2015-03-31": "8.61", "2014-12-31": "7.55", "2014-09-30": "6.54", "2014-06-30": "4.18", "2014-03-31": "4.06", "2013-12-31": "3.17", "2013-09-30": "3.69", "2013-06-30": "3.72", "2013-03-31": "3.93", "2012-12-31": "4.02", "2012-09-30": "3.63", "2012-06-30": "4.37", "2012-03-31": "3.94", "2011-12-31": "3.87", "2011-09-30": "3.50", "2011-06-30": "4.53", "2011-03-31": "4.63", "2010-12-31": "5.27", "2010-09-30": "5.06", "2010-06-30": "12.69", "2010-03-31": "0.00", "2009-12-31": "7.24", "2009-09-30": "0.00", "2008-12-31": "0.00"}, "return on equity": {"2020-09-30": "-1.54%", "2020-06-30": "-0.13%", "2020-03-31": "2.58%", "2019-12-31": "2.54%", "2019-09-30": "4.12%", "2019-06-30": "20.77%", "2019-03-31": "18.86%", "2018-12-31": "17.98%", "2018-09-30": "20.67%", "2018-06-30": "7.19%", "2018-03-31": "7.27%", "2017-12-31": "17.05%", "2017-09-30": "15.98%", "2017-06-30": "16.59%", "2017-03-31": "16.69%", "2016-12-31": "1.80%", "2016-09-30": "5.82%", "2016-06-30": "10.47%", "2016-03-31": "19.71%", "2015-12-31": "42.66%", "2015-09-30": "78.24%", "2015-06-30": "56.67%", "2015-03-31": "35.57%", "2014-12-31": "51.72%", "2014-09-30": "39.56%", "2014-06-30": "37.67%", "2014-03-31": "33.71%", "2013-12-31": "24.89%", "2013-09-30": "10.21%", "2013-06-30": "7.25%", "2013-03-31": "-8.11%", "2012-12-31": "-8.75%", "2012-09-30": "-13.58%", "2012-06-30": "0.36%", "2012-03-31": "12.60%", "2011-12-31": "27.34%", "2011-09-30": "32.62%", "2011-06-30": "39.31%", "2011-03-31": "6.83%", "2010-12-31": "-59.34%", "2010-06-30": "-72.66%"}, "return on assets": {"2020-09-30": "-0.70%", "2020-06-30": "-0.06%", "2020-03-31": "1.19%", "2019-12-31": "1.17%", "2019-09-30": "1.92%", "2019-06-30": "10.04%", "2019-03-31": "9.91%", "2018-12-31": "9.88%", "2018-09-30": "11.69%", "2018-06-30": "4.11%", "2018-03-31": "4.05%", "2017-12-31": "9.32%", "2017-09-30": "8.26%", "2017-06-30": "8.11%", "2017-03-31": "7.78%", "2016-12-31": "0.80%", "2016-09-30": "2.58%", "2016-06-30": "4.36%", "2016-03-31": "7.25%", "2015-12-31": "12.24%", "2015-09-30": "9.26%", "2015-06-30": "6.53%", "2015-03-31": "4.83%", "2014-12-31": "8.26%", "2014-09-30": "7.56%", "2014-06-30": "7.95%", "2014-03-31": "7.27%", "2013-12-31": "5.40%", "2013-09-30": "2.11%", "2013-06-30": "1.50%", "2013-03-31": "-1.63%", "2012-12-31": "-1.76%", "2012-09-30": "-2.75%", "2012-06-30": "0.07%", "2012-03-31": "2.55%", "2011-12-31": "5.35%", "2011-09-30": "6.01%", "2011-06-30": "6.71%", "2011-03-31": "0.99%", "2010-12-31": "-7.90%", "2010-06-30": "-7.18%"}, "return on investments": {"2020-09-30": "0.90%", "2020-06-30": "2.09%", "2020-03-31": "3.91%", "2019-12-31": "3.85%", "2019-09-30": "4.02%", "2019-06-30": "16.05%", "2019-03-31": "15.37%", "2018-12-31": "15.19%", "2018-09-30": "14.61%", "2018-06-30": "3.39%", "2018-03-31": "2.95%", "2017-12-31": "11.08%", "2017-09-30": "10.80%", "2017-06-30": "10.76%", "2017-03-31": "10.27%", "2016-12-31": "-0.76%", "2016-09-30": "3.50%", "2016-06-30": "5.49%", "2016-03-31": "9.70%", "2015-12-31": "22.08%", "2015-09-30": "24.90%", "2015-06-30": "24.86%", "2015-03-31": "24.57%", "2014-12-31": "22.10%", "2014-09-30": "19.65%", "2014-06-30": "16.69%", "2014-03-31": "15.14%", "2013-12-31": "14.01%", "2013-09-30": "10.67%", "2013-06-30": "10.62%", "2013-03-31": "10.14%", "2012-12-31": "8.68%", "2012-09-30": "7.87%", "2012-06-30": "6.47%", "2012-03-31": "5.87%", "2011-12-31": "6.65%", "2011-09-30": "8.52%", "2011-06-30": "8.42%", "2011-03-31": "7.55%", "2010-12-31": "7.09%", "2010-06-30": "42.50%"}, "return on tangible equity": {"2020-09-30": "3.87%", "2020-06-30": "0.33%", "2020-03-31": "-7.04%", "2019-12-31": "-7.51%", "2019-09-30": "-13.90%", "2019-06-30": "-72.52%", "2019-03-31": "-97.56%", "2018-12-31": "-142.57%", "2018-09-30": "-225.49%", "2018-06-30": "-95.18%", "2018-03-31": "-59.89%", "2017-12-31": "-96.33%", "2017-09-30": "-60.86%", "2017-06-30": "-47.09%", "2017-03-31": "-38.63%", "2016-12-31": "-3.53%", "2016-09-30": "-10.79%", "2016-06-30": "-18.92%", "2016-03-31": "-32.37%", "2015-12-31": "-56.28%", "2015-09-30": "-45.09%", "2015-06-30": "-26.25%", "2015-03-31": "-17.46%", "2014-12-31": "-29.23%", "2014-09-30": "-27.57%", "2014-06-30": "-30.78%", "2014-03-31": "-27.85%", "2013-12-31": "-20.37%", "2013-09-30": "-7.53%", "2013-06-30": "-5.18%", "2013-03-31": "5.47%", "2012-12-31": "5.79%", "2012-09-30": "9.01%", "2012-06-30": "-0.24%", "2012-03-31": "-8.26%", "2011-12-31": "-17.23%", "2011-09-30": "-18.96%", "2011-06-30": "-20.08%", "2011-03-31": "-2.71%", "2010-12-31": "20.90%", "2010-06-30": "17.66%"}, "dividend yield history": {"last payout": "$1.50", "last yield": "0.82%"}}