{"ticker": "ORLY", "price": {"title": "O'Reilly Automotive Historical Annual Stock Price Data", "value": 448.29, "historical": {"2021": {"Average Stock Price": "457.9863", "Year Open": "453.9700", "Year High": "495.4000", "Year Low": "425.4700", "Year Close": "448.2900", "Annual % Change": "-0.95%"}, "2020": {"Average Stock Price": "421.4134", "Year Open": "437.5200", "Year High": "482.6200", "Year Low": "260.9200", "Year Close": "452.5700", "Annual % Change": "3.27%"}, "2019": {"Average Stock Price": "390.2198", "Year Open": "341.1500", "Year High": "449.8900", "Year Low": "335.6700", "Year Close": "438.2600", "Annual % Change": "27.28%"}, "2018": {"Average Stock Price": "293.9546", "Year Open": "249.2600", "Year High": "358.8700", "Year Low": "221.4800", "Year Close": "344.3300", "Annual % Change": "43.15%"}, "2017": {"Average Stock Price": "234.1488", "Year Open": "280.8200", "Year High": "282.8100", "Year Low": "172.8500", "Year Close": "240.5400", "Annual % Change": "-13.60%"}, "2016": {"Average Stock Price": "269.2490", "Year Open": "246.1100", "Year High": "290.6300", "Year Low": "232.1600", "Year Close": "278.4100", "Annual % Change": "9.86%"}, "2015": {"Average Stock Price": "231.9778", "Year Open": "192.1100", "Year High": "276.2600", "Year Low": "179.9600", "Year Close": "253.4200", "Annual % Change": "31.56%"}, "2014": {"Average Stock Price": "155.1731", "Year Open": "128.7600", "Year High": "195.4800", "Year Low": "128.7600", "Year Close": "192.6200", "Annual % Change": "49.65%"}, "2013": {"Average Stock Price": "113.9157", "Year Open": "89.8700", "Year High": "135.1880", "Year Low": "87.7400", "Year Close": "128.7100", "Annual % Change": "43.94%"}, "2012": {"Average Stock Price": "89.2414", "Year Open": "78.1500", "Year High": "106.7100", "Year Low": "78.1500", "Year Close": "89.4200", "Annual % Change": "11.84%"}, "2011": {"Average Stock Price": "64.0015", "Year Open": "60.6900", "Year High": "81.7000", "Year Low": "54.4200", "Year Close": "79.9500", "Annual % Change": "32.32%"}, "2010": {"Average Stock Price": "48.6610", "Year Open": "38.5000", "Year High": "63.0400", "Year Low": "37.7300", "Year Close": "60.4200", "Annual % Change": "58.50%"}, "2009": {"Average Stock Price": "36.1871", "Year Open": "31.4300", "Year High": "42.2200", "Year Low": "27.0000", "Year Close": "38.1200", "Annual % Change": "24.01%"}, "2008": {"Average Stock Price": "26.8645", "Year Open": "32.3300", "Year High": "32.3300", "Year Low": "20.8700", "Year Close": "30.7400", "Annual % Change": "-5.21%"}, "2007": {"Average Stock Price": "34.0637", "Year Open": "32.1900", "Year High": "38.1300", "Year Low": "30.5500", "Year Close": "32.4300", "Annual % Change": "1.15%"}, "2006": {"Average Stock Price": "32.4283", "Year Open": "31.9900", "Year High": "37.2000", "Year Low": "27.8800", "Year Close": "32.0600", "Annual % Change": "0.16%"}, "2005": {"Average Stock Price": "27.6134", "Year Open": "22.5450", "Year High": "32.4100", "Year Low": "22.1800", "Year Close": "32.0100", "Annual % Change": "42.11%"}, "2004": {"Average Stock Price": "20.6023", "Year Open": "18.9600", "Year High": "23.3750", "Year Low": "18.3900", "Year Close": "22.5250", "Annual % Change": "16.83%"}, "2003": {"Average Stock Price": "16.7015", "Year Open": "12.7700", "Year High": "22.3450", "Year Low": "11.5050", "Year Close": "19.2800", "Annual % Change": "52.47%"}, "2002": {"Average Stock Price": "14.7879", "Year Open": "17.5900", "Year High": "17.7400", "Year Low": "12.3050", "Year Close": "12.6450", "Annual % Change": "-30.66%"}, "2001": {"Average Stock Price": "13.4687", "Year Open": "12.1900", "Year High": "19.0950", "Year Low": "8.9050", "Year Close": "18.2350", "Annual % Change": "36.34%"}, "2000": {"Average Stock Price": "7.5220", "Year Open": "10.7500", "Year High": "13.3750", "Year Low": "4.6250", "Year Close": "13.3750", "Annual % Change": "24.42%"}, "1999": {"Average Stock Price": "11.1964", "Year Open": "11.7500", "Year High": "13.3750", "Year Low": "9.2200", "Year Close": "10.7500", "Annual % Change": "-8.99%"}, "1998": {"Average Stock Price": "8.3991", "Year Open": "6.1875", "Year High": "12.0150", "Year Low": "6.1875", "Year Close": "11.8125", "Annual % Change": "80.00%"}, "1997": {"Average Stock Price": "5.1035", "Year Open": "3.9850", "Year High": "7.0000", "Year Low": "3.9063", "Year Close": "6.5625", "Annual % Change": "64.06%"}, "1996": {"Average Stock Price": "4.3604", "Year Open": "3.5938", "Year High": "5.0625", "Year Low": "3.5938", "Year Close": "4.0000", "Annual % Change": "10.34%"}, "1995": {"Average Stock Price": "3.4838", "Year Open": "2.9375", "Year High": "4.1250", "Year Low": "2.9063", "Year Close": "3.6250", "Annual % Change": "20.83%"}, "1994": {"Average Stock Price": "3.3838", "Year Open": "3.6563", "Year High": "4.3125", "Year Low": "2.9375", "Year Close": "3.0000", "Annual % Change": "-17.24%"}}}, "market cap": {"value": "$32.48B"}, "income statement": {"Revenue": {"2019-12-31": "10149.99000", "2018-12-31": "9536.42800", "2017-12-31": "8977.72600", "2016-12-31": "8593.09600", "2015-12-31": "7966.67400", "2014-12-31": "7216.08100", "2013-12-31": "6649.23700", "2012-12-31": "6182.18400", "2011-12-31": "5788.81600", "2010-12-31": "5397.52500", "2009-12-31": "4847.06200", "2008-12-31": "3576.55300", "2007-12-31": "2522.31900", "2006-12-31": "2283.22200", "2005-12-31": "2045.31800"}, "Cost Of Goods Sold": {"2019-12-31": "4755.29400", "2018-12-31": "4496.46200", "2017-12-31": "4257.04300", "2016-12-31": "4084.08500", "2015-12-31": "3804.03100", "2014-12-31": "3507.18000", "2013-12-31": "3280.23600", "2012-12-31": "3084.76600", "2011-12-31": "2951.46700", "2010-12-31": "2776.53300", "2009-12-31": "2520.53400", "2008-12-31": "1948.62700", "2007-12-31": "1401.85900", "2006-12-31": "1276.51100", "2005-12-31": "1152.81500"}, "Gross Profit": {"2019-12-31": "5394.69100", "2018-12-31": "5039.96600", "2017-12-31": "4720.68300", "2016-12-31": "4509.01100", "2015-12-31": "4162.64300", "2014-12-31": "3708.90100", "2013-12-31": "3369.00100", "2012-12-31": "3097.41800", "2011-12-31": "2837.34900", "2010-12-31": "2620.99200", "2009-12-31": "2326.52800", "2008-12-31": "1627.92600", "2007-12-31": "1120.46000", "2006-12-31": "1006.71100", "2005-12-31": "892.50310"}, "Research And Development Expenses": {"2019-12-31": "", "2018-12-31": "", "2017-12-31": "", "2016-12-31": "", "2015-12-31": "", "2014-12-31": "", "2013-12-31": "", "2012-12-31": "", "2011-12-31": "", "2010-12-31": "", "2009-12-31": "", "2008-12-31": "", "2007-12-31": "", "2006-12-31": "", "2005-12-31": ""}, "SG&A Expenses": {"2019-12-31": "3473.96500", "2018-12-31": "3224.78200", "2017-12-31": "2995.28300", "2016-12-31": "2809.80500", "2015-12-31": "2648.62200", "2014-12-31": "2438.52700", "2013-12-31": "2265.51600", "2012-12-31": "2120.02500", "2011-12-31": "1973.38100", "2010-12-31": "1887.31600", "2009-12-31": "1788.90900", "2008-12-31": "1292.30900", "2007-12-31": "815.30900", "2006-12-31": "724.39600", "2005-12-31": "639.97900"}, "Other Operating Income Or Expenses": {"2019-12-31": "", "2018-12-31": "", "2017-12-31": "", "2016-12-31": "", "2015-12-31": "", "2014-12-31": "", "2013-12-31": "", "2012-12-31": "", "2011-12-31": "2.79800", "2010-12-31": "", "2009-12-31": "", "2008-12-31": "", "2007-12-31": "", "2006-12-31": "", "2005-12-31": ""}, "Operating Expenses": {"2019-12-31": "8229.25900", "2018-12-31": "7721.24400", "2017-12-31": "7252.32600", "2016-12-31": "6893.89000", "2015-12-31": "6452.65300", "2014-12-31": "5945.70700", "2013-12-31": "5545.75200", "2012-12-31": "5204.79100", "2011-12-31": "4922.05000", "2010-12-31": "4684.74900", "2009-12-31": "4309.44300", "2008-12-31": "3240.93600", "2007-12-31": "2217.16800", "2006-12-31": "2000.90700", "2005-12-31": "1792.79400"}, "Operating Income": {"2019-12-31": "1920.72700", "2018-12-31": "1815.18400", "2017-12-31": "1725.39900", "2016-12-31": "1699.20600", "2015-12-31": "1514.02100", "2014-12-31": "1270.37400", "2013-12-31": "1103.48500", "2012-12-31": "977.39310", "2011-12-31": "866.76560", "2010-12-31": "712.77590", "2009-12-31": "537.61910", "2008-12-31": "335.61690", "2007-12-31": "305.15110", "2006-12-31": "282.31490", "2005-12-31": "252.52400"}, "Total Non-Operating Income/Expense": {"2019-12-31": "-130.39700", "2018-12-31": "-121.09700", "2017-12-31": "-87.59600", "2016-12-31": "-62.01500", "2015-12-31": "-53.65500", "2014-12-31": "-48.19200", "2013-12-31": "-44.54300", "2012-12-31": "-35.87200", "2011-12-31": "-50.99300", "2010-12-31": "-23.40300", "2009-12-31": "-40.72100", "2008-12-31": "-33.08500", "2007-12-31": "2.33700", "2006-12-31": "-0.05000", "2005-12-31": "-1.45500"}, "Pre-Tax Income": {"2019-12-31": "1790.32900", "2018-12-31": "1694.08700", "2017-12-31": "1637.80400", "2016-12-31": "1637.19100", "2015-12-31": "1460.36600", "2014-12-31": "1222.18200", "2013-12-31": "1058.94200", "2012-12-31": "941.52100", "2011-12-31": "815.77300", "2010-12-31": "689.37300", "2009-12-31": "496.89800", "2008-12-31": "302.53200", "2007-12-31": "307.48800", "2006-12-31": "282.26500", "2005-12-31": "251.06900"}, "Income Taxes": {"2019-12-31": "399.28700", "2018-12-31": "369.60000", "2017-12-31": "504.00000", "2016-12-31": "599.50000", "2015-12-31": "529.15000", "2014-12-31": "444.00000", "2013-12-31": "388.65000", "2012-12-31": "355.77500", "2011-12-31": "308.10000", "2010-12-31": "270.00000", "2009-12-31": "189.40000", "2008-12-31": "116.30000", "2007-12-31": "113.50000", "2006-12-31": "104.18000", "2005-12-31": "86.80300"}, "Income After Taxes": {"2019-12-31": "1391.04200", "2018-12-31": "1324.48700", "2017-12-31": "1133.80400", "2016-12-31": "1037.69100", "2015-12-31": "931.21590", "2014-12-31": "778.18200", "2013-12-31": "670.29200", "2012-12-31": "585.74600", "2011-12-31": "507.67300", "2010-12-31": "419.37300", "2009-12-31": "307.49800", "2008-12-31": "186.23200", "2007-12-31": "193.98800", "2006-12-31": "178.08500", "2005-12-31": "164.26600"}, "Other Income": {"2019-12-31": "", "2018-12-31": "", "2017-12-31": "", "2016-12-31": "", "2015-12-31": "", "2014-12-31": "", "2013-12-31": "", "2012-12-31": "", "2011-12-31": "", "2010-12-31": "", "2009-12-31": "", "2008-12-31": "", "2007-12-31": "", "2006-12-31": "", "2005-12-31": ""}, "Income From Continuous Operations": {"2019-12-31": "1391.04200", "2018-12-31": "1324.48700", "2017-12-31": "1133.80400", "2016-12-31": "1037.69100", "2015-12-31": "931.21590", "2014-12-31": "778.18200", "2013-12-31": "670.29200", "2012-12-31": "585.74600", "2011-12-31": "507.67300", "2010-12-31": "419.37300", "2009-12-31": "307.49800", "2008-12-31": "186.23200", "2007-12-31": "193.98800", "2006-12-31": "178.08500", "2005-12-31": "164.26600"}, "Income From Discontinued Operations": {"2019-12-31": "", "2018-12-31": "", "2017-12-31": "", "2016-12-31": "", "2015-12-31": "", "2014-12-31": "", "2013-12-31": "", "2012-12-31": "", "2011-12-31": "", "2010-12-31": "", "2009-12-31": "", "2008-12-31": "", "2007-12-31": "", "2006-12-31": "", "2005-12-31": ""}, "Net Income": {"2019-12-31": "1391.04200", "2018-12-31": "1324.48700", "2017-12-31": "1133.80400", "2016-12-31": "1037.69100", "2015-12-31": "931.21600", "2014-12-31": "778.18200", "2013-12-31": "670.29200", "2012-12-31": "585.74600", "2011-12-31": "507.67300", "2010-12-31": "419.37300", "2009-12-31": "307.49800", "2008-12-31": "186.23200", "2007-12-31": "193.98800", "2006-12-31": "178.08500", "2005-12-31": "164.26600"}, "EBITDA": {"2019-12-31": "2195.51800", "2018-12-31": "2077.59100", "2017-12-31": "1962.11500", "2016-12-31": "1919.52300", "2015-12-31": "1726.38300", "2014-12-31": "1466.66500", "2013-12-31": "1288.71900", "2012-12-31": "1156.28700", "2011-12-31": "1034.44300", "2010-12-31": "882.06990", "2009-12-31": "693.55620", "2008-12-31": "452.34700", "2007-12-31": "384.09410", "2006-12-31": "347.25290", "2005-12-31": "309.75200"}, "EBIT": {"2019-12-31": "1920.72700", "2018-12-31": "1815.18400", "2017-12-31": "1725.39900", "2016-12-31": "1699.20600", "2015-12-31": "1514.02100", "2014-12-31": "1270.37400", "2013-12-31": "1103.48500", "2012-12-31": "977.39310", "2011-12-31": "866.76560", "2010-12-31": "712.77590", "2009-12-31": "537.61910", "2008-12-31": "335.61690", "2007-12-31": "305.15110", "2006-12-31": "282.31490", "2005-12-31": "252.52400"}, "Basic Shares Outstanding": {"2019-12-31": "76.98500", "2018-12-31": "81.40600", "2017-12-31": "88.42600", "2016-12-31": "95.44700", "2015-12-31": "99.96500", "2014-12-31": "104.26200", "2013-12-31": "109.24400", "2012-12-31": "121.18200", "2011-12-31": "134.66700", "2010-12-31": "138.65400", "2009-12-31": "136.23000", "2008-12-31": "124.52600", "2007-12-31": "114.66700", "2006-12-31": "113.25300", "2005-12-31": "111.61300"}, "Shares Outstanding": {"2019-12-31": "77.78800", "2018-12-31": "82.28000", "2017-12-31": "89.50200", "2016-12-31": "96.72000", "2015-12-31": "101.51400", "2014-12-31": "106.04100", "2013-12-31": "111.10100", "2012-12-31": "123.31400", "2011-12-31": "136.98300", "2010-12-31": "141.99200", "2009-12-31": "137.88200", "2008-12-31": "125.41300", "2007-12-31": "116.08000", "2006-12-31": "115.11900", "2005-12-31": "113.38500"}, "Basic EPS": {"2019-12-31": "18.07000", "2018-12-31": "16.27000", "2017-12-31": "12.82000", "2016-12-31": "10.87000", "2015-12-31": "9.32000", "2014-12-31": "7.46000", "2013-12-31": "6.14000", "2012-12-31": "4.83000", "2011-12-31": "3.77000", "2010-12-31": "3.02000", "2009-12-31": "2.26000", "2008-12-31": "1.50000", "2007-12-31": "1.69000", "2006-12-31": "1.57000", "2005-12-31": "1.47000"}, "EPS - Earnings Per Share": {"2019-12-31": "17.88000", "2018-12-31": "16.10000", "2017-12-31": "12.67000", "2016-12-31": "10.73000", "2015-12-31": "9.17000", "2014-12-31": "7.34000", "2013-12-31": "6.03000", "2012-12-31": "4.75000", "2011-12-31": "3.71000", "2010-12-31": "2.95000", "2009-12-31": "2.23000", "2008-12-31": "1.48000", "2007-12-31": "1.67000", "2006-12-31": "1.55000", "2005-12-31": "1.45000"}}, "income statement, quarterly": {"Revenue": {"2020-09-30": "3207.63800", "2020-06-30": "3091.59500", "2020-03-31": "2476.48700", "2019-12-31": "2482.97500", "2019-09-30": "2666.52800", "2019-06-30": "2589.87400", "2019-03-31": "2410.60800", "2018-12-31": "2314.95700", "2018-09-30": "2482.71700", "2018-06-30": "2456.07300", "2018-03-31": "2282.68100", "2017-12-31": "2190.80700", "2017-09-30": "2339.83000", "2017-06-30": "2290.82900", "2017-03-31": "2156.25900", "2016-12-31": "2099.30200", "2016-09-30": "2220.95500", "2016-06-30": "2176.68900", "2016-03-31": "2096.15000", "2015-12-31": "1949.05200", "2015-09-30": "2080.20100", "2015-06-30": "2035.51800", "2015-03-31": "1901.90300", "2014-12-31": "1764.17800", "2014-09-30": "1876.87200", "2014-06-30": "1847.08800", "2014-03-31": "1727.94300", "2013-12-31": "1621.23400", "2013-09-30": "1728.02500", "2013-06-30": "1714.96900", "2013-03-31": "1585.00900", "2012-12-31": "1488.38500", "2012-09-30": "1601.55800", "2012-06-30": "1562.84900", "2012-03-31": "1529.39200", "2011-12-31": "1391.30700", "2011-09-30": "1535.45300", "2011-06-30": "1479.31800", "2011-03-31": "1382.73800", "2010-12-31": "1310.33000", "2010-09-30": "1425.88700", "2010-06-30": "1381.24100", "2010-03-31": "1280.06700", "2009-12-31": "1173.69700", "2009-09-30": "1258.23900", "2009-06-30": "1251.37700", "2009-03-31": "1163.74900", "2008-12-31": "1114.63100", "2008-09-30": "1111.27200", "2008-06-30": "704.43000", "2008-03-31": "646.22000", "2007-12-31": "604.28810", "2007-09-30": "661.77800", "2007-06-30": "643.10800", "2007-03-31": "613.14500", "2006-12-31": "558.33190", "2006-09-30": "597.14400", "2006-06-30": "591.19900", "2006-03-31": "536.54700", "2005-12-31": "514.96400", "2005-09-30": "542.90600", "2005-06-30": "521.20900", "2005-03-31": "466.23900"}, "Cost Of Goods Sold": {"2020-09-30": "1527.17000", "2020-06-30": "1454.41500", "2020-03-31": "1180.58100", "2019-12-31": "1158.39100", "2019-09-30": "1243.99800", "2019-06-30": "1221.58700", "2019-03-31": "1131.31800", "2018-12-31": "1080.64200", "2018-09-30": "1166.96200", "2018-06-30": "1167.43500", "2018-03-31": "1081.42300", "2017-12-31": "1031.62800", "2017-09-30": "1109.53600", "2017-06-30": "1090.76700", "2017-03-31": "1025.11200", "2016-12-31": "985.07500", "2016-09-30": "1050.92900", "2016-06-30": "1049.51000", "2016-03-31": "998.57100", "2015-12-31": "921.41300", "2015-09-30": "990.94700", "2015-06-30": "976.72700", "2015-03-31": "914.94400", "2014-12-31": "852.07090", "2014-09-30": "908.67100", "2014-06-30": "896.21100", "2014-03-31": "850.22700", "2013-12-31": "801.93400", "2013-09-30": "848.86200", "2013-06-30": "843.09400", "2013-03-31": "786.34600", "2012-12-31": "738.00120", "2012-09-30": "796.06500", "2012-06-30": "782.98800", "2012-03-31": "767.71200", "2011-12-31": "696.61020", "2011-09-30": "781.24300", "2011-06-30": "760.65700", "2011-03-31": "712.95700", "2010-12-31": "673.73320", "2010-09-30": "732.47200", "2010-06-30": "708.60800", "2010-03-31": "661.72000", "2009-12-31": "604.16300", "2009-09-30": "647.68400", "2009-06-30": "647.60800", "2009-03-31": "621.07900", "2008-12-31": "599.50200", "2008-09-30": "604.06600", "2008-06-30": "387.33300", "2008-03-31": "357.72600", "2007-12-31": "333.99500", "2007-09-30": "368.07700", "2007-06-30": "355.92300", "2007-03-31": "343.86400", "2006-12-31": "309.30300", "2006-09-30": "333.81800", "2006-06-30": "330.27100", "2006-03-31": "303.11900", "2005-12-31": "283.51590", "2005-09-30": "306.99000", "2005-06-30": "292.23900", "2005-03-31": "270.07000"}, "Gross Profit": {"2020-09-30": "1680.46800", "2020-06-30": "1637.18000", "2020-03-31": "1295.90600", "2019-12-31": "1324.58400", "2019-09-30": "1422.53000", "2019-06-30": "1368.28700", "2019-03-31": "1279.29000", "2018-12-31": "1234.31500", "2018-09-30": "1315.75500", "2018-06-30": "1288.63800", "2018-03-31": "1201.25800", "2017-12-31": "1159.18000", "2017-09-30": "1230.29400", "2017-06-30": "1200.06200", "2017-03-31": "1131.14700", "2016-12-31": "1114.22700", "2016-09-30": "1170.02600", "2016-06-30": "1127.17900", "2016-03-31": "1097.57900", "2015-12-31": "1027.63900", "2015-09-30": "1089.25400", "2015-06-30": "1058.79100", "2015-03-31": "986.95900", "2014-12-31": "912.10720", "2014-09-30": "968.20090", "2014-06-30": "950.87700", "2014-03-31": "877.71600", "2013-12-31": "819.29990", "2013-09-30": "879.16300", "2013-06-30": "871.87500", "2013-03-31": "798.66300", "2012-12-31": "750.38370", "2012-09-30": "805.49300", "2012-06-30": "779.86100", "2012-03-31": "761.68000", "2011-12-31": "694.69670", "2011-09-30": "754.21000", "2011-06-30": "718.66100", "2011-03-31": "669.78110", "2010-12-31": "636.59680", "2010-09-30": "693.41500", "2010-06-30": "672.63300", "2010-03-31": "618.34700", "2009-12-31": "569.53410", "2009-09-30": "610.55500", "2009-06-30": "603.76900", "2009-03-31": "542.67000", "2008-12-31": "515.12910", "2008-09-30": "507.20600", "2008-06-30": "317.09700", "2008-03-31": "288.49400", "2007-12-31": "270.29310", "2007-09-30": "293.70100", "2007-06-30": "287.18500", "2007-03-31": "269.28100", "2006-12-31": "249.02890", "2006-09-30": "263.32600", "2006-06-30": "260.92800", "2006-03-31": "233.42800", "2005-12-31": "231.44810", "2005-09-30": "235.91600", "2005-06-30": "228.97000", "2005-03-31": "196.16900"}, "Research And Development Expenses": {"2020-09-30": "", "2020-06-30": "", "2020-03-31": "", "2019-12-31": "", "2019-09-30": "", "2019-06-30": "", "2019-03-31": "", "2018-12-31": "", "2018-09-30": "", "2018-06-30": "", "2018-03-31": "", "2017-12-31": "", "2017-09-30": "", "2017-06-30": "", "2017-03-31": "", "2016-12-31": "", "2016-09-30": "", "2016-06-30": "", "2016-03-31": "", "2015-12-31": "", "2015-09-30": "", "2015-06-30": "", "2015-03-31": "", "2014-12-31": "", "2014-09-30": "", "2014-06-30": "", "2014-03-31": "", "2013-12-31": "", "2013-09-30": "", "2013-06-30": "", "2013-03-31": "", "2012-12-31": "", "2012-09-30": "", "2012-06-30": "", "2012-03-31": "", "2011-12-31": "", "2011-09-30": "", "2011-06-30": "", "2011-03-31": "", "2010-12-31": "", "2010-09-30": "", "2010-06-30": "", "2010-03-31": "", "2009-12-31": "", "2009-09-30": "", "2009-06-30": "", "2009-03-31": "", "2008-12-31": "", "2008-09-30": "", "2008-06-30": "", "2008-03-31": "", "2007-12-31": "", "2007-09-30": "", "2007-06-30": "", "2007-03-31": "", "2006-12-31": "", "2006-09-30": "", "2006-06-30": "", "2006-03-31": "", "2005-12-31": "", "2005-09-30": "", "2005-06-30": "", "2005-03-31": ""}, "SG&A Expenses": {"2020-09-30": "955.45500", "2020-06-30": "900.69000", "2020-03-31": "872.34500", "2019-12-31": "883.08110", "2019-09-30": "886.16700", "2019-06-30": "870.21300", "2019-03-31": "834.50400", "2018-12-31": "806.27500", "2018-09-30": "830.60700", "2018-06-30": "809.48800", "2018-03-31": "778.41200", "2017-12-31": "756.34500", "2017-09-30": "768.33100", "2017-06-30": "742.61700", "2017-03-31": "727.99000", "2016-12-31": "706.51700", "2016-09-30": "722.21700", "2016-06-30": "702.11800", "2016-03-31": "678.95300", "2015-12-31": "665.01900", "2015-09-30": "673.99400", "2015-06-30": "673.02300", "2015-03-31": "636.58600", "2014-12-31": "609.09520", "2014-09-30": "624.43300", "2014-06-30": "614.40300", "2014-03-31": "590.59600", "2013-12-31": "563.54020", "2013-09-30": "578.78300", "2013-06-30": "575.61400", "2013-03-31": "547.57900", "2012-12-31": "527.41280", "2012-09-30": "542.17500", "2012-06-30": "536.25800", "2012-03-31": "514.17900", "2011-12-31": "490.58400", "2011-09-30": "513.16000", "2011-06-30": "496.29300", "2011-03-31": "473.34400", "2010-12-31": "472.46100", "2010-09-30": "488.48400", "2010-06-30": "476.46900", "2010-03-31": "449.90200", "2009-12-31": "444.12200", "2009-09-30": "461.35900", "2009-06-30": "454.09400", "2009-03-31": "429.33400", "2008-12-31": "434.52700", "2008-09-30": "414.73500", "2008-06-30": "228.70900", "2008-03-31": "214.33800", "2007-12-31": "206.60800", "2007-09-30": "210.98500", "2007-06-30": "205.62700", "2007-03-31": "192.08900", "2006-12-31": "185.00000", "2006-09-30": "188.24200", "2006-06-30": "182.69200", "2006-03-31": "168.46200", "2005-12-31": "168.21700", "2005-09-30": "168.33100", "2005-06-30": "160.84300", "2005-03-31": "142.58800"}, "Other Operating Income Or Expenses": {"2020-09-30": "", "2020-06-30": "", "2020-03-31": "", "2019-12-31": "", "2019-09-30": "", "2019-06-30": "", "2019-03-31": "", "2018-12-31": "", "2018-09-30": "", "2018-06-30": "", "2018-03-31": "", "2017-12-31": "", "2017-09-30": "", "2017-06-30": "", "2017-03-31": "", "2016-12-31": "", "2016-09-30": "", "2016-06-30": "", "2016-03-31": "", "2015-12-31": "", "2015-09-30": "", "2015-06-30": "", "2015-03-31": "", "2014-12-31": "", "2014-09-30": "", "2014-06-30": "", "2014-03-31": "", "2013-12-31": "", "2013-09-30": "", "2013-06-30": "", "2013-03-31": "", "2012-12-31": "", "2012-09-30": "", "2012-06-30": "", "2012-03-31": "", "2011-12-31": "", "2011-09-30": "", "2011-06-30": "", "2011-03-31": "", "2010-12-31": "", "2010-09-30": "", "2010-06-30": "", "2010-03-31": "", "2009-12-31": "", "2009-09-30": "", "2009-06-30": "", "2009-03-31": "", "2008-12-31": "", "2008-09-30": "", "2008-06-30": "", "2008-03-31": "", "2007-12-31": "", "2007-09-30": "", "2007-06-30": "", "2007-03-31": "", "2006-12-31": "", "2006-09-30": "", "2006-06-30": "", "2006-03-31": "", "2005-12-31": "", "2005-09-30": "", "2005-06-30": "", "2005-03-31": ""}, "Operating Expenses": {"2020-09-30": "2482.62500", "2020-06-30": "2355.10500", "2020-03-31": "2052.92600", "2019-12-31": "2041.47200", "2019-09-30": "2130.16500", "2019-06-30": "2091.80000", "2019-03-31": "1965.82200", "2018-12-31": "1886.91700", "2018-09-30": "1997.56900", "2018-06-30": "1976.92300", "2018-03-31": "1859.83500", "2017-12-31": "1787.97300", "2017-09-30": "1877.86700", "2017-06-30": "1833.38400", "2017-03-31": "1753.10200", "2016-12-31": "1691.59200", "2016-09-30": "1773.14600", "2016-06-30": "1751.62800", "2016-03-31": "1677.52400", "2015-12-31": "1586.43200", "2015-09-30": "1664.94100", "2015-06-30": "1649.75000", "2015-03-31": "1551.53000", "2014-12-31": "1461.16600", "2014-09-30": "1533.10400", "2014-06-30": "1510.61400", "2014-03-31": "1440.82300", "2013-12-31": "1365.47400", "2013-09-30": "1427.64500", "2013-06-30": "1418.70800", "2013-03-31": "1333.92500", "2012-12-31": "1265.41400", "2012-09-30": "1338.24000", "2012-06-30": "1319.24600", "2012-03-31": "1281.89100", "2011-12-31": "1184.39600", "2011-09-30": "1294.40300", "2011-06-30": "1256.95000", "2011-03-31": "1186.30100", "2010-12-31": "1146.19400", "2010-09-30": "1226.85600", "2010-06-30": "1200.07700", "2010-03-31": "1111.62200", "2009-12-31": "1048.28500", "2009-09-30": "1109.04300", "2009-06-30": "1101.70200", "2009-03-31": "1050.41300", "2008-12-31": "1034.02900", "2008-09-30": "1018.80100", "2008-06-30": "616.04200", "2008-03-31": "572.06400", "2007-12-31": "540.60290", "2007-09-30": "579.06200", "2007-06-30": "561.55000", "2007-03-31": "535.95300", "2006-12-31": "494.30290", "2006-09-30": "522.06000", "2006-06-30": "512.96300", "2006-03-31": "471.58100", "2005-12-31": "451.73280", "2005-09-30": "475.32100", "2005-06-30": "453.08200", "2005-03-31": "412.65800"}, "Operating Income": {"2020-09-30": "725.01290", "2020-06-30": "736.49000", "2020-03-31": "423.56100", "2019-12-31": "441.50340", "2019-09-30": "536.36300", "2019-06-30": "498.07400", "2019-03-31": "444.78590", "2018-12-31": "428.04000", "2018-09-30": "485.14790", "2018-06-30": "479.14990", "2018-03-31": "422.84590", "2017-12-31": "402.83450", "2017-09-30": "461.96310", "2017-06-30": "457.44510", "2017-03-31": "403.15700", "2016-12-31": "407.71000", "2016-09-30": "447.80910", "2016-06-30": "425.06100", "2016-03-31": "418.62600", "2015-12-31": "362.61930", "2015-09-30": "415.25990", "2015-06-30": "385.76790", "2015-03-31": "350.37290", "2014-12-31": "303.01210", "2014-09-30": "343.76790", "2014-06-30": "336.47400", "2014-03-31": "287.12000", "2013-12-31": "255.76000", "2013-09-30": "300.38000", "2013-06-30": "296.26100", "2013-03-31": "251.08400", "2012-12-31": "222.97070", "2012-09-30": "263.31800", "2012-06-30": "243.60300", "2012-03-31": "247.50100", "2011-12-31": "206.91040", "2011-09-30": "241.05000", "2011-06-30": "222.36800", "2011-03-31": "196.43700", "2010-12-31": "164.13570", "2010-09-30": "199.03090", "2010-06-30": "181.16410", "2010-03-31": "168.44510", "2009-12-31": "125.41200", "2009-09-30": "149.19600", "2009-06-30": "149.67500", "2009-03-31": "113.33610", "2008-12-31": "80.60210", "2008-09-30": "92.47100", "2008-06-30": "88.38800", "2008-03-31": "74.15590", "2007-12-31": "63.68520", "2007-09-30": "82.71600", "2007-06-30": "81.55800", "2007-03-31": "77.19200", "2006-12-31": "64.02900", "2006-09-30": "75.08400", "2006-06-30": "78.23600", "2006-03-31": "64.96600", "2005-12-31": "63.23110", "2005-09-30": "67.58500", "2005-06-30": "68.12700", "2005-03-31": "53.58100"}, "Total Non-Operating Income/Expense": {"2020-09-30": "-38.60700", "2020-06-30": "-36.08000", "2020-03-31": "-43.90100", "2019-12-31": "-32.19000", "2019-09-30": "-34.47000", "2019-06-30": "-33.10300", "2019-03-31": "-30.63400", "2018-12-31": "-34.88300", "2018-09-30": "-29.49700", "2018-06-30": "-29.27700", "2018-03-31": "-27.44000", "2017-12-31": "-26.11100", "2017-09-30": "-22.43300", "2017-06-30": "-21.11900", "2017-03-31": "-17.93300", "2016-12-31": "-16.78000", "2016-09-30": "-15.91600", "2016-06-30": "-16.26700", "2016-03-31": "-13.05200", "2015-12-31": "-12.99400", "2015-09-30": "-14.39200", "2015-06-30": "-13.56000", "2015-03-31": "-12.70900", "2014-12-31": "-12.90600", "2014-09-30": "-11.45000", "2014-06-30": "-11.67600", "2014-03-31": "-12.16000", "2013-12-31": "-11.86300", "2013-09-30": "-12.09100", "2013-06-30": "-10.13400", "2013-03-31": "-10.45500", "2012-12-31": "-10.29400", "2012-09-30": "-9.33600", "2012-06-30": "-8.53300", "2012-03-31": "-7.70900", "2011-12-31": "-9.32300", "2011-09-30": "-6.02100", "2011-06-30": "-5.38600", "2011-03-31": "-30.26300", "2010-12-31": "5.12400", "2010-09-30": "-8.83900", "2010-06-30": "-9.71900", "2010-03-31": "-9.96900", "2009-12-31": "-9.43900", "2009-09-30": "-9.92100", "2009-06-30": "-10.21000", "2009-03-31": "-11.15100", "2008-12-31": "-11.98800", "2008-09-30": "-21.32200", "2008-06-30": "0.67500", "2008-03-31": "-0.45000", "2007-12-31": "0.81000", "2007-09-30": "0.75600", "2007-06-30": "0.78100", "2007-03-31": "-0.01000", "2006-12-31": "-0.03200", "2006-09-30": "0.27200", "2006-06-30": "0.16200", "2006-03-31": "-0.45200", "2005-12-31": "-0.42100", "2005-09-30": "-0.56100", "2005-06-30": "0.19500", "2005-03-31": "-0.66800"}, "Pre-Tax Income": {"2020-09-30": "686.40600", "2020-06-30": "700.41000", "2020-03-31": "379.66000", "2019-12-31": "409.31300", "2019-09-30": "501.89300", "2019-06-30": "464.97100", "2019-03-31": "414.15200", "2018-12-31": "393.15700", "2018-09-30": "455.65100", "2018-06-30": "449.87300", "2018-03-31": "395.40600", "2017-12-31": "376.72390", "2017-09-30": "439.53000", "2017-06-30": "436.32600", "2017-03-31": "385.22400", "2016-12-31": "390.93010", "2016-09-30": "431.89300", "2016-06-30": "408.79400", "2016-03-31": "405.57400", "2015-12-31": "349.62590", "2015-09-30": "400.86800", "2015-06-30": "372.20800", "2015-03-31": "337.66400", "2014-12-31": "290.10600", "2014-09-30": "332.31800", "2014-06-30": "324.79800", "2014-03-31": "274.96000", "2013-12-31": "243.89700", "2013-09-30": "288.28900", "2013-06-30": "286.12700", "2013-03-31": "240.62900", "2012-12-31": "212.67700", "2012-09-30": "253.98200", "2012-06-30": "235.07000", "2012-03-31": "239.79200", "2011-12-31": "197.58800", "2011-09-30": "235.02900", "2011-06-30": "216.98200", "2011-03-31": "166.17400", "2010-12-31": "169.26000", "2010-09-30": "190.19200", "2010-06-30": "171.44500", "2010-03-31": "158.47600", "2009-12-31": "115.97300", "2009-09-30": "139.27500", "2009-06-30": "139.46500", "2009-03-31": "102.18500", "2008-12-31": "68.61400", "2008-09-30": "71.14900", "2008-06-30": "89.06300", "2008-03-31": "73.70600", "2007-12-31": "64.49500", "2007-09-30": "83.47200", "2007-06-30": "82.33900", "2007-03-31": "77.18200", "2006-12-31": "63.99700", "2006-09-30": "75.35600", "2006-06-30": "78.39800", "2006-03-31": "64.51400", "2005-12-31": "62.81000", "2005-09-30": "67.02400", "2005-06-30": "68.32200", "2005-03-31": "52.91300"}, "Income Taxes": {"2020-09-30": "159.15400", "2020-06-30": "168.74300", "2020-03-31": "79.22200", "2019-12-31": "84.39700", "2019-09-30": "110.60000", "2019-06-30": "111.29000", "2019-03-31": "93.00000", "2018-12-31": "92.80000", "2018-09-30": "89.50000", "2018-06-30": "96.80000", "2018-03-31": "90.50000", "2017-12-31": "74.40900", "2017-09-30": "155.79600", "2017-06-30": "153.50500", "2017-03-31": "120.29000", "2016-12-31": "144.90000", "2016-09-30": "153.40000", "2016-06-30": "151.00000", "2016-03-31": "150.20000", "2015-12-31": "131.05000", "2015-09-30": "134.60000", "2015-06-30": "138.70000", "2015-03-31": "124.80000", "2014-12-31": "108.42800", "2014-09-30": "115.32100", "2014-06-30": "119.15100", "2014-03-31": "101.10000", "2013-12-31": "91.55000", "2013-09-30": "101.80000", "2013-06-30": "109.00000", "2013-03-31": "86.30000", "2012-12-31": "79.87500", "2012-09-30": "94.65000", "2012-06-30": "88.95000", "2012-03-31": "92.30000", "2011-12-31": "74.60000", "2011-09-30": "86.59000", "2011-06-30": "83.21000", "2011-03-31": "63.70000", "2010-12-31": "63.50000", "2010-09-30": "73.65000", "2010-06-30": "71.85000", "2010-03-31": "61.00000", "2009-12-31": "44.05000", "2009-09-30": "52.05000", "2009-06-30": "53.95000", "2009-03-31": "39.35000", "2008-12-31": "25.90000", "2008-09-30": "29.75000", "2008-06-30": "33.27500", "2008-03-31": "27.37500", "2007-12-31": "23.90000", "2007-09-30": "30.38500", "2007-06-30": "30.44000", "2007-03-31": "28.77500", "2006-12-31": "23.64500", "2006-09-30": "27.50000", "2006-06-30": "29.08500", "2006-03-31": "23.95000", "2005-12-31": "23.30300", "2005-09-30": "18.40100", "2005-06-30": "25.39900", "2005-03-31": "19.70000"}, "Income After Taxes": {"2020-09-30": "527.25200", "2020-06-30": "531.66700", "2020-03-31": "300.43800", "2019-12-31": "324.91600", "2019-09-30": "391.29300", "2019-06-30": "353.68100", "2019-03-31": "321.15200", "2018-12-31": "300.35710", "2018-09-30": "366.15100", "2018-06-30": "353.07300", "2018-03-31": "304.90600", "2017-12-31": "302.31500", "2017-09-30": "283.73400", "2017-06-30": "282.82100", "2017-03-31": "264.93400", "2016-12-31": "246.03000", "2016-09-30": "278.49300", "2016-06-30": "257.79400", "2016-03-31": "255.37400", "2015-12-31": "218.57590", "2015-09-30": "266.26800", "2015-06-30": "233.50800", "2015-03-31": "212.86400", "2014-12-31": "181.67800", "2014-09-30": "216.99700", "2014-06-30": "205.64700", "2014-03-31": "173.86000", "2013-12-31": "152.34700", "2013-09-30": "186.48900", "2013-06-30": "177.12700", "2013-03-31": "154.32900", "2012-12-31": "132.80190", "2012-09-30": "159.33200", "2012-06-30": "146.12000", "2012-03-31": "147.49200", "2011-12-31": "122.98800", "2011-09-30": "148.43900", "2011-06-30": "133.77200", "2011-03-31": "102.47400", "2010-12-31": "105.76000", "2010-09-30": "116.54200", "2010-06-30": "99.59500", "2010-03-31": "97.47600", "2009-12-31": "71.92300", "2009-09-30": "87.22500", "2009-06-30": "85.51500", "2009-03-31": "62.83500", "2008-12-31": "42.71400", "2008-09-30": "41.39900", "2008-06-30": "55.78800", "2008-03-31": "46.33100", "2007-12-31": "40.59500", "2007-09-30": "53.08700", "2007-06-30": "51.89900", "2007-03-31": "48.40700", "2006-12-31": "40.35200", "2006-09-30": "47.85600", "2006-06-30": "49.31300", "2006-03-31": "40.56400", "2005-12-31": "39.50700", "2005-09-30": "48.62300", "2005-06-30": "42.92300", "2005-03-31": "33.21300"}, "Other Income": {"2020-09-30": "", "2020-06-30": "", "2020-03-31": "", "2019-12-31": "", "2019-09-30": "", "2019-06-30": "", "2019-03-31": "", "2018-12-31": "", "2018-09-30": "", "2018-06-30": "", "2018-03-31": "", "2017-12-31": "", "2017-09-30": "", "2017-06-30": "", "2017-03-31": "", "2016-12-31": "", "2016-09-30": "", "2016-06-30": "", "2016-03-31": "", "2015-12-31": "", "2015-09-30": "", "2015-06-30": "", "2015-03-31": "", "2014-12-31": "", "2014-09-30": "", "2014-06-30": "", "2014-03-31": "", "2013-12-31": "", "2013-09-30": "", "2013-06-30": "", "2013-03-31": "", "2012-12-31": "", "2012-09-30": "", "2012-06-30": "", "2012-03-31": "", "2011-12-31": "", "2011-09-30": "", "2011-06-30": "", "2011-03-31": "", "2010-12-31": "", "2010-09-30": "", "2010-06-30": "", "2010-03-31": "", "2009-12-31": "", "2009-09-30": "", "2009-06-30": "", "2009-03-31": "", "2008-12-31": "", "2008-09-30": "", "2008-06-30": "", "2008-03-31": "", "2007-12-31": "", "2007-09-30": "", "2007-06-30": "", "2007-03-31": "", "2006-12-31": "", "2006-09-30": "", "2006-06-30": "", "2006-03-31": "", "2005-12-31": "", "2005-09-30": "", "2005-06-30": "", "2005-03-31": ""}, "Income From Continuous Operations": {"2020-09-30": "527.25200", "2020-06-30": "531.66700", "2020-03-31": "300.43800", "2019-12-31": "324.91600", "2019-09-30": "391.29300", "2019-06-30": "353.68100", "2019-03-31": "321.15200", "2018-12-31": "300.35710", "2018-09-30": "366.15100", "2018-06-30": "353.07300", "2018-03-31": "304.90600", "2017-12-31": "302.31500", "2017-09-30": "283.73400", "2017-06-30": "282.82100", "2017-03-31": "264.93400", "2016-12-31": "246.03000", "2016-09-30": "278.49300", "2016-06-30": "257.79400", "2016-03-31": "255.37400", "2015-12-31": "218.57590", "2015-09-30": "266.26800", "2015-06-30": "233.50800", "2015-03-31": "212.86400", "2014-12-31": "181.67800", "2014-09-30": "216.99700", "2014-06-30": "205.64700", "2014-03-31": "173.86000", "2013-12-31": "152.34700", "2013-09-30": "186.48900", "2013-06-30": "177.12700", "2013-03-31": "154.32900", "2012-12-31": "132.80190", "2012-09-30": "159.33200", "2012-06-30": "146.12000", "2012-03-31": "147.49200", "2011-12-31": "122.98800", "2011-09-30": "148.43900", "2011-06-30": "133.77200", "2011-03-31": "102.47400", "2010-12-31": "105.76000", "2010-09-30": "116.54200", "2010-06-30": "99.59500", "2010-03-31": "97.47600", "2009-12-31": "71.92300", "2009-09-30": "87.22500", "2009-06-30": "85.51500", "2009-03-31": "62.83500", "2008-12-31": "42.71400", "2008-09-30": "41.39900", "2008-06-30": "55.78800", "2008-03-31": "46.33100", "2007-12-31": "40.59500", "2007-09-30": "53.08700", "2007-06-30": "51.89900", "2007-03-31": "48.40700", "2006-12-31": "40.35200", "2006-09-30": "47.85600", "2006-06-30": "49.31300", "2006-03-31": "40.56400", "2005-12-31": "39.50700", "2005-09-30": "48.62300", "2005-06-30": "42.92300", "2005-03-31": "33.21300"}, "Income From Discontinued Operations": {"2020-09-30": "", "2020-06-30": "", "2020-03-31": "", "2019-12-31": "", "2019-09-30": "", "2019-06-30": "", "2019-03-31": "", "2018-12-31": "", "2018-09-30": "", "2018-06-30": "", "2018-03-31": "", "2017-12-31": "", "2017-09-30": "", "2017-06-30": "", "2017-03-31": "", "2016-12-31": "", "2016-09-30": "", "2016-06-30": "", "2016-03-31": "", "2015-12-31": "", "2015-09-30": "", "2015-06-30": "", "2015-03-31": "", "2014-12-31": "", "2014-09-30": "", "2014-06-30": "", "2014-03-31": "", "2013-12-31": "", "2013-09-30": "", "2013-06-30": "", "2013-03-31": "", "2012-12-31": "", "2012-09-30": "", "2012-06-30": "", "2012-03-31": "", "2011-12-31": "", "2011-09-30": "", "2011-06-30": "", "2011-03-31": "", "2010-12-31": "", "2010-09-30": "", "2010-06-30": "", "2010-03-31": "", "2009-12-31": "", "2009-09-30": "", "2009-06-30": "", "2009-03-31": "", "2008-12-31": "", "2008-09-30": "", "2008-06-30": "", "2008-03-31": "", "2007-12-31": "", "2007-09-30": "", "2007-06-30": "", "2007-03-31": "", "2006-12-31": "", "2006-09-30": "", "2006-06-30": "", "2006-03-31": "", "2005-12-31": "", "2005-09-30": "", "2005-06-30": "", "2005-03-31": ""}, "Net Income": {"2020-09-30": "527.25200", "2020-06-30": "531.66700", "2020-03-31": "300.43800", "2019-12-31": "324.91600", "2019-09-30": "391.29300", "2019-06-30": "353.68100", "2019-03-31": "321.15200", "2018-12-31": "300.35710", "2018-09-30": "366.15100", "2018-06-30": "353.07300", "2018-03-31": "304.90600", "2017-12-31": "302.31490", "2017-09-30": "283.73400", "2017-06-30": "282.82100", "2017-03-31": "264.93400", "2016-12-31": "246.03000", "2016-09-30": "278.49300", "2016-06-30": "257.79400", "2016-03-31": "255.37400", "2015-12-31": "218.57600", "2015-09-30": "266.26800", "2015-06-30": "233.50800", "2015-03-31": "212.86400", "2014-12-31": "181.67800", "2014-09-30": "216.99700", "2014-06-30": "205.64700", "2014-03-31": "173.86000", "2013-12-31": "152.34700", "2013-09-30": "186.48900", "2013-06-30": "177.12700", "2013-03-31": "154.32900", "2012-12-31": "132.80200", "2012-09-30": "159.33200", "2012-06-30": "146.12000", "2012-03-31": "147.49200", "2011-12-31": "122.98800", "2011-09-30": "148.43900", "2011-06-30": "133.77200", "2011-03-31": "102.47400", "2010-12-31": "105.76000", "2010-09-30": "116.54200", "2010-06-30": "99.59500", "2010-03-31": "97.47600", "2009-12-31": "71.92300", "2009-09-30": "87.22500", "2009-06-30": "85.51500", "2009-03-31": "62.83500", "2008-12-31": "42.71400", "2008-09-30": "41.39900", "2008-06-30": "55.78800", "2008-03-31": "46.33100", "2007-12-31": "40.59500", "2007-09-30": "53.08700", "2007-06-30": "51.89900", "2007-03-31": "48.40700", "2006-12-31": "40.35200", "2006-09-30": "47.85600", "2006-06-30": "49.31300", "2006-03-31": "40.56400", "2005-12-31": "39.50700", "2005-09-30": "48.62300", "2005-06-30": "42.92300", "2005-03-31": "33.21300"}, "EBITDA": {"2020-09-30": "805.79800", "2020-06-30": "815.51700", "2020-03-31": "498.55900", "2019-12-31": "513.01440", "2019-09-30": "605.48110", "2019-06-30": "567.35390", "2019-03-31": "509.66790", "2018-12-31": "494.57210", "2018-09-30": "548.58190", "2018-06-30": "540.87590", "2018-03-31": "493.56090", "2017-12-31": "463.97250", "2017-09-30": "521.23820", "2017-06-30": "516.09810", "2017-03-31": "460.80700", "2016-12-31": "464.76900", "2016-09-30": "503.46410", "2016-06-30": "479.34000", "2016-03-31": "471.95000", "2015-12-31": "415.33830", "2015-09-30": "467.84490", "2015-06-30": "437.35100", "2015-03-31": "405.84790", "2014-12-31": "354.22510", "2014-09-30": "392.80100", "2014-06-30": "384.52200", "2014-03-31": "335.11700", "2013-12-31": "303.39700", "2013-09-30": "347.29500", "2013-06-30": "342.26800", "2013-03-31": "295.75900", "2012-12-31": "268.07370", "2012-09-30": "308.04200", "2012-06-30": "288.42000", "2012-03-31": "291.75100", "2011-12-31": "250.47440", "2011-09-30": "284.35710", "2011-06-30": "264.04400", "2011-03-31": "235.56700", "2010-12-31": "206.84180", "2010-09-30": "241.77590", "2010-06-30": "223.12010", "2010-03-31": "210.33210", "2009-12-31": "164.42000", "2009-09-30": "188.18100", "2009-06-30": "189.62100", "2009-03-31": "151.33410", "2008-12-31": "80.60210", "2008-09-30": "92.47100", "2008-06-30": "88.38800", "2008-03-31": "74.15590", "2007-12-31": "63.68520", "2007-09-30": "82.71600", "2007-06-30": "81.55800", "2007-03-31": "77.19200", "2006-12-31": "64.02900", "2006-09-30": "75.08400", "2006-06-30": "78.23600", "2006-03-31": "64.96600", "2005-12-31": "63.23110", "2005-09-30": "67.58500", "2005-06-30": "68.12700", "2005-03-31": "53.58100"}, "EBIT": {"2020-09-30": "725.01290", "2020-06-30": "736.49000", "2020-03-31": "423.56100", "2019-12-31": "441.50370", "2019-09-30": "536.36300", "2019-06-30": "498.07400", "2019-03-31": "444.78590", "2018-12-31": "428.03980", "2018-09-30": "485.14790", "2018-06-30": "479.14990", "2018-03-31": "422.84590", "2017-12-31": "402.83420", "2017-09-30": "461.96310", "2017-06-30": "457.44510", "2017-03-31": "403.15700", "2016-12-31": "407.71000", "2016-09-30": "447.80910", "2016-06-30": "425.06100", "2016-03-31": "418.62600", "2015-12-31": "362.61980", "2015-09-30": "415.25990", "2015-06-30": "385.76790", "2015-03-31": "350.37290", "2014-12-31": "303.01210", "2014-09-30": "343.76790", "2014-06-30": "336.47400", "2014-03-31": "287.12000", "2013-12-31": "255.75990", "2013-09-30": "300.38000", "2013-06-30": "296.26100", "2013-03-31": "251.08400", "2012-12-31": "222.97110", "2012-09-30": "263.31800", "2012-06-30": "243.60300", "2012-03-31": "247.50100", "2011-12-31": "206.91050", "2011-09-30": "241.05000", "2011-06-30": "222.36800", "2011-03-31": "196.43700", "2010-12-31": "164.13590", "2010-09-30": "199.03090", "2010-06-30": "181.16410", "2010-03-31": "168.44510", "2009-12-31": "125.41200", "2009-09-30": "149.19600", "2009-06-30": "149.67500", "2009-03-31": "113.33610", "2008-12-31": "80.60200", "2008-09-30": "92.47100", "2008-06-30": "88.38800", "2008-03-31": "74.15590", "2007-12-31": "63.68510", "2007-09-30": "82.71600", "2007-06-30": "81.55800", "2007-03-31": "77.19200", "2006-12-31": "64.02900", "2006-09-30": "75.08400", "2006-06-30": "78.23600", "2006-03-31": "64.96600", "2005-12-31": "63.23110", "2005-09-30": "67.58500", "2005-06-30": "68.12700", "2005-03-31": "53.58100"}, "Basic Shares Outstanding": {"2020-09-30": "73.91600", "2020-06-30": "74.20500", "2020-03-31": "75.02200", "2019-12-31": "76.98500", "2019-09-30": "76.17200", "2019-06-30": "77.61300", "2019-03-31": "78.48400", "2018-12-31": "81.40600", "2018-09-30": "80.59300", "2018-06-30": "81.73300", "2018-03-31": "83.53000", "2017-12-31": "88.42600", "2017-09-30": "86.94700", "2017-06-30": "90.03000", "2017-03-31": "92.00100", "2016-12-31": "95.44700", "2016-09-30": "94.89100", "2016-06-30": "95.96700", "2016-03-31": "97.14000", "2015-12-31": "99.96500", "2015-09-30": "99.27000", "2015-06-30": "100.54700", "2015-03-31": "101.61200", "2014-12-31": "104.26200", "2014-09-30": "103.49800", "2014-06-30": "105.77200", "2014-03-31": "106.19100", "2013-12-31": "109.24400", "2013-09-30": "108.30700", "2013-06-30": "110.27800", "2013-03-31": "111.55700", "2012-12-31": "121.18200", "2012-09-30": "118.54600", "2012-06-30": "124.87000", "2012-03-31": "126.97000", "2011-12-31": "134.66700", "2011-09-30": "132.77700", "2011-06-30": "137.39900", "2011-03-31": "140.57900", "2010-12-31": "138.65400", "2010-09-30": "138.83100", "2010-06-30": "138.23000", "2010-03-31": "137.58300", "2009-12-31": "136.23000", "2009-09-30": "136.77400", "2009-06-30": "135.77300", "2009-03-31": "135.04300", "2008-12-31": "124.52600", "2008-09-30": "132.19600", "2008-06-30": "115.69600", "2008-03-31": "115.38600", "2007-12-31": "114.66700", "2007-09-30": "114.94600", "2007-06-30": "114.53300", "2007-03-31": "113.93600", "2006-12-31": "113.25300", "2006-09-30": "113.46400", "2006-06-30": "113.25300", "2006-03-31": "112.52300", "2005-12-31": "111.61300", "2005-09-30": "111.91100", "2005-06-30": "111.44800", "2005-03-31": "110.89600"}, "Shares Outstanding": {"2020-09-30": "74.58600", "2020-06-30": "74.83300", "2020-03-31": "75.66300", "2019-12-31": "77.78800", "2019-09-30": "76.96900", "2019-06-30": "78.41200", "2019-03-31": "79.29700", "2018-12-31": "82.28000", "2018-09-30": "81.41000", "2018-06-30": "82.53600", "2018-03-31": "84.52300", "2017-12-31": "89.50200", "2017-09-30": "88.02500", "2017-06-30": "91.29900", "2017-03-31": "93.49500", "2016-12-31": "96.72000", "2016-09-30": "96.12000", "2016-06-30": "97.28200", "2016-03-31": "98.53700", "2015-12-31": "101.51400", "2015-09-30": "100.77000", "2015-06-30": "102.10900", "2015-03-31": "103.25700", "2014-12-31": "106.04100", "2014-09-30": "105.22200", "2014-06-30": "107.55600", "2014-03-31": "108.07000", "2013-12-31": "111.10100", "2013-09-30": "110.19300", "2013-06-30": "112.07900", "2013-03-31": "113.39600", "2012-12-31": "123.31400", "2012-09-30": "120.53900", "2012-06-30": "127.18800", "2012-03-31": "129.32700", "2011-12-31": "136.98300", "2011-09-30": "135.03300", "2011-06-30": "139.71600", "2011-03-31": "142.86600", "2010-12-31": "141.99200", "2010-09-30": "141.70600", "2010-06-30": "141.11700", "2010-03-31": "139.61200", "2009-12-31": "137.88200", "2009-09-30": "138.70400", "2009-06-30": "137.54800", "2009-03-31": "136.23400", "2008-12-31": "125.41300", "2008-09-30": "133.08100", "2008-06-30": "116.50900", "2008-03-31": "116.29100", "2007-12-31": "116.08000", "2007-09-30": "116.30600", "2007-06-30": "116.11100", "2007-03-31": "115.53700", "2006-12-31": "115.11900", "2006-09-30": "115.02600", "2006-06-30": "115.19600", "2006-03-31": "114.61500", "2005-12-31": "113.38500", "2005-09-30": "113.83000", "2005-06-30": "113.13800", "2005-03-31": "112.51000"}, "Basic EPS": {"2020-09-30": "7.13000", "2020-06-30": "7.16000", "2020-03-31": "4.00000", "2019-12-31": "4.28000", "2019-09-30": "5.14000", "2019-06-30": "4.56000", "2019-03-31": "4.09000", "2018-12-31": "3.76000", "2018-09-30": "4.54000", "2018-06-30": "4.32000", "2018-03-31": "3.65000", "2017-12-31": "3.54000", "2017-09-30": "3.26000", "2017-06-30": "3.14000", "2017-03-31": "2.88000", "2016-12-31": "2.62000", "2016-09-30": "2.93000", "2016-06-30": "2.69000", "2016-03-31": "2.63000", "2015-12-31": "2.23000", "2015-09-30": "2.68000", "2015-06-30": "2.32000", "2015-03-31": "2.09000", "2014-12-31": "1.78000", "2014-09-30": "2.10000", "2014-06-30": "1.94000", "2014-03-31": "1.64000", "2013-12-31": "1.43000", "2013-09-30": "1.72000", "2013-06-30": "1.61000", "2013-03-31": "1.38000", "2012-12-31": "1.16000", "2012-09-30": "1.34000", "2012-06-30": "1.17000", "2012-03-31": "1.16000", "2011-12-31": "0.95000", "2011-09-30": "1.12000", "2011-06-30": "0.97000", "2011-03-31": "0.73000", "2010-12-31": "0.75000", "2010-09-30": "0.84000", "2010-06-30": "0.72000", "2010-03-31": "0.71000", "2009-12-31": "0.52000", "2009-09-30": "0.64000", "2009-06-30": "0.63000", "2009-03-31": "0.47000", "2008-12-31": "0.31000", "2008-09-30": "0.31000", "2008-06-30": "0.48000", "2008-03-31": "0.40000", "2007-12-31": "0.36000", "2007-09-30": "0.46000", "2007-06-30": "0.45000", "2007-03-31": "0.42000", "2006-12-31": "0.35000", "2006-09-30": "0.42000", "2006-06-30": "0.44000", "2006-03-31": "0.36000", "2005-12-31": "0.35000", "2005-09-30": "0.43000", "2005-06-30": "0.39000", "2005-03-31": "0.30000"}, "EPS - Earnings Per Share": {"2020-09-30": "7.07000", "2020-06-30": "7.10000", "2020-03-31": "3.97000", "2019-12-31": "4.24000", "2019-09-30": "5.08000", "2019-06-30": "4.51000", "2019-03-31": "4.05000", "2018-12-31": "3.71000", "2018-09-30": "4.50000", "2018-06-30": "4.28000", "2018-03-31": "3.61000", "2017-12-31": "3.52000", "2017-09-30": "3.22000", "2017-06-30": "3.10000", "2017-03-31": "2.83000", "2016-12-31": "2.59000", "2016-09-30": "2.90000", "2016-06-30": "2.65000", "2016-03-31": "2.59000", "2015-12-31": "2.18000", "2015-09-30": "2.64000", "2015-06-30": "2.29000", "2015-03-31": "2.06000", "2014-12-31": "1.76000", "2014-09-30": "2.06000", "2014-06-30": "1.91000", "2014-03-31": "1.61000", "2013-12-31": "1.40000", "2013-09-30": "1.69000", "2013-06-30": "1.58000", "2013-03-31": "1.36000", "2012-12-31": "1.14000", "2012-09-30": "1.32000", "2012-06-30": "1.15000", "2012-03-31": "1.14000", "2011-12-31": "0.93000", "2011-09-30": "1.10000", "2011-06-30": "0.96000", "2011-03-31": "0.72000", "2010-12-31": "0.72000", "2010-09-30": "0.82000", "2010-06-30": "0.71000", "2010-03-31": "0.70000", "2009-12-31": "0.52000", "2009-09-30": "0.63000", "2009-06-30": "0.62000", "2009-03-31": "0.46000", "2008-12-31": "0.29000", "2008-09-30": "0.31000", "2008-06-30": "0.48000", "2008-03-31": "0.40000", "2007-12-31": "0.34000", "2007-09-30": "0.46000", "2007-06-30": "0.45000", "2007-03-31": "0.42000", "2006-12-31": "0.35000", "2006-09-30": "0.42000", "2006-06-30": "0.43000", "2006-03-31": "0.35000", "2005-12-31": "0.35000", "2005-09-30": "0.42000", "2005-06-30": "0.38000", "2005-03-31": "0.30000"}}, "balance sheet": {"Cash On Hand": {"2019-12-31": "40.40600", "2018-12-31": "31.31500", "2017-12-31": "46.34800", "2016-12-31": "146.59800", "2015-12-31": "116.30100", "2014-12-31": "250.56000", "2013-12-31": "231.31800", "2012-12-31": "248.12800", "2011-12-31": "361.55200", "2010-12-31": "29.72100", "2009-12-31": "26.93500", "2008-12-31": "31.30100", "2007-12-31": "47.55500", "2006-12-31": "29.90300", "2005-12-31": "31.38400"}, "Receivables": {"2019-12-31": "294.40700", "2018-12-31": "270.18100", "2017-12-31": "292.48700", "2016-12-31": "279.37900", "2015-12-31": "233.68700", "2014-12-31": "213.21100", "2013-12-31": "198.12300", "2012-12-31": "181.17400", "2011-12-31": "203.75300", "2010-12-31": "183.65200", "2009-12-31": "170.99700", "2008-12-31": "165.81100", "2007-12-31": "132.50500", "2006-12-31": "128.83800", "2005-12-31": "131.07300"}, "Inventory": {"2019-12-31": "3454.09200", "2018-12-31": "3193.34400", "2017-12-31": "3009.80000", "2016-12-31": "2778.97600", "2015-12-31": "2631.01500", "2014-12-31": "2554.78900", "2013-12-31": "2375.04700", "2012-12-31": "2276.33100", "2011-12-31": "1985.74800", "2010-12-31": "2023.48800", "2009-12-31": "1913.21800", "2008-12-31": "1570.14400", "2007-12-31": "881.76100", "2006-12-31": "812.93800", "2005-12-31": "725.33900"}, "Pre-Paid Expenses": {"2019-12-31": "", "2018-12-31": "", "2017-12-31": "", "2016-12-31": "", "2015-12-31": "", "2014-12-31": "", "2013-12-31": "", "2012-12-31": "", "2011-12-31": "", "2010-12-31": "", "2009-12-31": "", "2008-12-31": "", "2007-12-31": "", "2006-12-31": "", "2005-12-31": ""}, "Other Current Assets": {"2019-12-31": "44.75700", "2018-12-31": "48.26200", "2017-12-31": "49.03700", "2016-12-31": "53.02200", "2015-12-31": "29.02300", "2014-12-31": "46.82000", "2013-12-31": "30.71300", "2012-12-31": "27.31500", "2011-12-31": "56.55700", "2010-12-31": "30.51400", "2009-12-31": "29.63500", "2008-12-31": "44.14900", "2007-12-31": "40.48300", "2006-12-31": "28.99700", "2005-12-31": "22.84500"}, "Total Current Assets": {"2019-12-31": "3833.66200", "2018-12-31": "3543.10200", "2017-12-31": "3397.67200", "2016-12-31": "3257.97500", "2015-12-31": "3010.02600", "2014-12-31": "3065.38000", "2013-12-31": "2835.20100", "2012-12-31": "2732.94800", "2011-12-31": "2607.61000", "2010-12-31": "2301.25200", "2009-12-31": "2226.71900", "2008-12-31": "1875.43300", "2007-12-31": "1102.30400", "2006-12-31": "1000.67600", "2005-12-31": "910.64100"}, "Property, Plant, And Equipment": {"2019-12-31": "3948.20300", "2018-12-31": "3587.00200", "2017-12-31": "3343.80600", "2016-12-31": "3123.43100", "2015-12-31": "2861.55600", "2014-12-31": "2658.56000", "2013-12-31": "2425.10300", "2012-12-31": "2211.59000", "2011-12-31": "2093.76700", "2010-12-31": "1930.09500", "2009-12-31": "1726.37900", "2008-12-31": "1449.89300", "2007-12-31": "1090.16000", "2006-12-31": "883.09500", "2005-12-31": "718.36600"}, "Long-Term Investments": {"2019-12-31": "", "2018-12-31": "", "2017-12-31": "", "2016-12-31": "", "2015-12-31": "", "2014-12-31": "", "2013-12-31": "", "2012-12-31": "", "2011-12-31": "", "2010-12-31": "", "2009-12-31": "", "2008-12-31": "", "2007-12-31": "", "2006-12-31": "", "2005-12-31": ""}, "Goodwill And Intangible Assets": {"2019-12-31": "936.81400", "2018-12-31": "807.26000", "2017-12-31": "789.05800", "2016-12-31": "785.39900", "2015-12-31": "757.14200", "2014-12-31": "756.38400", "2013-12-31": "756.22500", "2012-12-31": "758.41000", "2011-12-31": "743.90700", "2010-12-31": "743.97500", "2009-12-31": "744.31300", "2008-12-31": "720.50800", "2007-12-31": "50.44700", "2006-12-31": "49.06500", "2005-12-31": ""}, "Other Long-Term Assets": {"2019-12-31": "70.11190", "2018-12-31": "43.42500", "2017-12-31": "41.34900", "2016-12-31": "37.38400", "2015-12-31": "34.74100", "2014-12-31": "38.41000", "2013-12-31": "37.61300", "2012-12-31": "40.89200", "2011-12-31": "44.32800", "2010-12-31": "54.45800", "2009-12-31": "71.57900", "2008-12-31": "97.16800", "2007-12-31": "11.38900", "2006-12-31": "14.37200", "2005-12-31": "60.82700"}, "Total Long-Term Assets": {"2019-12-31": "6883.49800", "2018-12-31": "4437.68700", "2017-12-31": "4174.21300", "2016-12-31": "3946.21400", "2015-12-31": "3666.65800", "2014-12-31": "3466.70300", "2013-12-31": "3232.00700", "2012-12-31": "3016.23900", "2011-12-31": "2892.89100", "2010-12-31": "2746.57500", "2009-12-31": "2554.75200", "2008-12-31": "2317.88400", "2007-12-31": "1177.43300", "2006-12-31": "976.82000", "2005-12-31": "808.25510"}, "Total Assets": {"2019-12-31": "10717.16000", "2018-12-31": "7980.78900", "2017-12-31": "7571.88500", "2016-12-31": "7204.18900", "2015-12-31": "6676.68400", "2014-12-31": "6532.08300", "2013-12-31": "6067.20800", "2012-12-31": "5749.18700", "2011-12-31": "5500.50100", "2010-12-31": "5047.82700", "2009-12-31": "4781.47100", "2008-12-31": "4193.31700", "2007-12-31": "2279.73700", "2006-12-31": "1977.49600", "2005-12-31": "1718.89600"}, "Total Current Liabilities": {"2019-12-31": "4469.42700", "2018-12-31": "3894.02000", "2017-12-31": "3647.36600", "2016-12-31": "3400.64900", "2015-12-31": "3046.39800", "2014-12-31": "2813.29800", "2013-12-31": "2423.01000", "2012-12-31": "2272.86500", "2011-12-31": "1580.01000", "2010-12-31": "1228.95800", "2009-12-31": "1219.14300", "2008-12-31": "1053.50100", "2007-12-31": "528.97600", "2006-12-31": "433.78400", "2005-12-31": "485.66700"}, "Long Term Debt": {"2019-12-31": "3890.52700", "2018-12-31": "3417.12200", "2017-12-31": "2978.39000", "2016-12-31": "1887.01900", "2015-12-31": "1390.01800", "2014-12-31": "1388.39700", "2013-12-31": "1396.14100", "2012-12-31": "1095.73400", "2011-12-31": "796.91200", "2010-12-31": "357.27300", "2009-12-31": "684.04000", "2008-12-31": "724.56400", "2007-12-31": "75.14900", "2006-12-31": "110.17000", "2005-12-31": "25.46100"}, "Other Non-Current Liabilities": {"2019-12-31": "171.28900", "2018-12-31": "210.41400", "2017-12-31": "207.67700", "2016-12-31": "199.21900", "2015-12-31": "199.18200", "2014-12-31": "209.54800", "2013-12-31": "201.02300", "2012-12-31": "192.73700", "2011-12-31": "189.86400", "2010-12-31": "183.17500", "2009-12-31": "174.10200", "2008-12-31": "133.03400", "2007-12-31": "55.89400", "2006-12-31": "31.27500", "2005-12-31": "19.48300"}, "Total Long Term Liabilities": {"2019-12-31": "5850.39400", "2018-12-31": "3733.10200", "2017-12-31": "3271.47300", "2016-12-31": "2176.40400", "2015-12-31": "1668.97200", "2014-12-31": "1700.36700", "2013-12-31": "1677.87700", "2012-12-31": "1368.01500", "2011-12-31": "1075.64000", "2010-12-31": "609.18400", "2009-12-31": "876.46300", "2008-12-31": "857.59800", "2007-12-31": "158.28400", "2006-12-31": "179.61600", "2005-12-31": "87.46000"}, "Total Liabilities": {"2019-12-31": "10319.82000", "2018-12-31": "7627.12200", "2017-12-31": "6918.83900", "2016-12-31": "5577.05300", "2015-12-31": "4715.37000", "2014-12-31": "4513.66500", "2013-12-31": "4100.88700", "2012-12-31": "3640.88000", "2011-12-31": "2655.65000", "2010-12-31": "1838.14200", "2009-12-31": "2095.60600", "2008-12-31": "1911.09900", "2007-12-31": "687.26000", "2006-12-31": "613.40000", "2005-12-31": "573.12700"}, "Common Stock Net": {"2019-12-31": "0.75600", "2018-12-31": "0.79000", "2017-12-31": "0.84300", "2016-12-31": "0.92900", "2015-12-31": "0.97700", "2014-12-31": "1.01600", "2013-12-31": "1.05900", "2012-12-31": "1.13000", "2011-12-31": "1.27200", "2010-12-31": "1.41000", "2009-12-31": "1.37500", "2008-12-31": "1.34800", "2007-12-31": "1.15300", "2006-12-31": "1.13900", "2005-12-31": "1.12400"}, "Retained Earnings (Accumulated Deficit)": {"2019-12-31": "-889.06600", "2018-12-31": "-909.18600", "2017-12-31": "-612.84000", "2016-12-31": "289.50000", "2015-12-31": "678.84000", "2014-12-31": "822.47300", "2013-12-31": "846.33300", "2012-12-31": "1023.26700", "2011-12-31": "1733.47400", "2010-12-31": "2069.49600", "2009-12-31": "1650.12300", "2008-12-31": "1342.62500", "2007-12-31": "1156.39300", "2006-12-31": "962.40500", "2005-12-31": "784.32000"}, "Comprehensive Income": {"2019-12-31": "4.89000", "2018-12-31": "", "2017-12-31": "", "2016-12-31": "", "2015-12-31": "", "2014-12-31": "", "2013-12-31": "", "2012-12-31": "", "2011-12-31": "", "2010-12-31": "-2.97000", "2009-12-31": "-7.96200", "2008-12-31": "-11.51300", "2007-12-31": "-6.80000", "2006-12-31": "", "2005-12-31": ""}, "Other Share Holders Equity": {"2019-12-31": "", "2018-12-31": "", "2017-12-31": "", "2016-12-31": "", "2015-12-31": "", "2014-12-31": "", "2013-12-31": "", "2012-12-31": "", "2011-12-31": "", "2010-12-31": "", "2009-12-31": "", "2008-12-31": "", "2007-12-31": "", "2006-12-31": "", "2005-12-31": ""}, "Share Holder Equity": {"2019-12-31": "397.34000", "2018-12-31": "353.66700", "2017-12-31": "653.04600", "2016-12-31": "1627.13600", "2015-12-31": "1961.31400", "2014-12-31": "2018.41800", "2013-12-31": "1966.32100", "2012-12-31": "2108.30700", "2011-12-31": "2844.85100", "2010-12-31": "3209.68500", "2009-12-31": "2685.86500", "2008-12-31": "2282.21800", "2007-12-31": "1592.47700", "2006-12-31": "1364.09600", "2005-12-31": "1145.76900"}, "Total Liabilities And Share Holders Equity": {"2019-12-31": "10717.16000", "2018-12-31": "7980.78900", "2017-12-31": "7571.88500", "2016-12-31": "7204.18900", "2015-12-31": "6676.68400", "2014-12-31": "6532.08300", "2013-12-31": "6067.20800", "2012-12-31": "5749.18700", "2011-12-31": "5500.50100", "2010-12-31": "5047.82700", "2009-12-31": "4781.47100", "2008-12-31": "4193.31700", "2007-12-31": "2279.73700", "2006-12-31": "1977.49600", "2005-12-31": "1718.89600"}}, "balance sheet, quarterly": {"Cash On Hand": {"2020-09-30": "1627.09800", "2020-06-30": "872.42300", "2020-03-31": "287.06700", "2019-12-31": "40.40600", "2019-09-30": "42.80400", "2019-06-30": "55.80900", "2019-03-31": "56.71700", "2018-12-31": "31.31500", "2018-09-30": "40.01900", "2018-06-30": "36.86800", "2018-03-31": "38.52500", "2017-12-31": "46.34800", "2017-09-30": "37.28700", "2017-06-30": "26.52800", "2017-03-31": "27.53900", "2016-12-31": "146.59800", "2016-09-30": "560.32000", "2016-06-30": "398.25900", "2016-03-31": "716.00800", "2015-12-31": "116.30100", "2015-09-30": "276.91600", "2015-06-30": "260.04200", "2015-03-31": "473.64600", "2014-12-31": "250.56000", "2014-09-30": "298.28300", "2014-06-30": "453.43100", "2014-03-31": "511.83100", "2013-12-31": "231.31800", "2013-09-30": "363.00800", "2013-06-30": "365.93000", "2013-03-31": "205.41000", "2012-12-31": "248.12800", "2012-09-30": "422.70500", "2012-06-30": "367.71700", "2012-03-31": "575.19600", "2011-12-31": "361.55200", "2011-09-30": "276.71700", "2011-06-30": "268.79200", "2011-03-31": "230.04800", "2010-12-31": "29.72100", "2010-09-30": "43.19300", "2010-06-30": "31.61100", "2010-03-31": "29.87200", "2009-12-31": "26.93500", "2009-09-30": "29.53500", "2009-06-30": "41.02400", "2009-03-31": "37.40400", "2008-12-31": "31.30100", "2008-09-30": "26.41000", "2008-06-30": "117.21400", "2008-03-31": "113.28700", "2007-12-31": "47.55500", "2007-09-30": "109.78300", "2007-06-30": "92.48400", "2007-03-31": "90.21700", "2006-12-31": "29.90300", "2006-09-30": "40.82300", "2006-06-30": "55.24700", "2006-03-31": "55.29000", "2005-12-31": "31.38400", "2005-09-30": "51.59100", "2005-06-30": "36.45200", "2005-03-31": "89.27000"}, "Receivables": {"2020-09-30": "333.53300", "2020-06-30": "330.17300", "2020-03-31": "304.61300", "2019-12-31": "294.40700", "2019-09-30": "300.14000", "2019-06-30": "339.97700", "2019-03-31": "317.13200", "2018-12-31": "270.18100", "2018-09-30": "325.92900", "2018-06-30": "320.09200", "2018-03-31": "302.61800", "2017-12-31": "292.48700", "2017-09-30": "299.12200", "2017-06-30": "265.54900", "2017-03-31": "266.80800", "2016-12-31": "279.37900", "2016-09-30": "287.52300", "2016-06-30": "265.01600", "2016-03-31": "246.76800", "2015-12-31": "233.68700", "2015-09-30": "240.75000", "2015-06-30": "250.30600", "2015-03-31": "231.56500", "2014-12-31": "213.21100", "2014-09-30": "219.85200", "2014-06-30": "217.22000", "2014-03-31": "211.73700", "2013-12-31": "198.12300", "2013-09-30": "214.29400", "2013-06-30": "258.11200", "2013-03-31": "204.88400", "2012-12-31": "181.17400", "2012-09-30": "222.74600", "2012-06-30": "213.64500", "2012-03-31": "213.19800", "2011-12-31": "203.75300", "2011-09-30": "201.55500", "2011-06-30": "203.99100", "2011-03-31": "196.86500", "2010-12-31": "183.65200", "2010-09-30": "196.89400", "2010-06-30": "196.59200", "2010-03-31": "187.19100", "2009-12-31": "170.99700", "2009-09-30": "178.65000", "2009-06-30": "183.26600", "2009-03-31": "162.43500", "2008-12-31": "165.81100", "2008-09-30": "165.59600", "2008-06-30": "139.75700", "2008-03-31": "140.41600", "2007-12-31": "132.50500", "2007-09-30": "136.98800", "2007-06-30": "141.04100", "2007-03-31": "134.13700", "2006-12-31": "128.83800", "2006-09-30": "130.62900", "2006-06-30": "144.94600", "2006-03-31": "134.94700", "2005-12-31": "131.07300", "2005-09-30": "111.24900", "2005-06-30": "122.78500", "2005-03-31": "105.81100"}, "Inventory": {"2020-09-30": "3527.49500", "2020-06-30": "3528.68300", "2020-03-31": "3556.72300", "2019-12-31": "3454.09200", "2019-09-30": "3348.63100", "2019-06-30": "3262.42600", "2019-03-31": "3228.90100", "2018-12-31": "3193.34400", "2018-09-30": "3139.62100", "2018-06-30": "3091.71900", "2018-03-31": "3052.74800", "2017-12-31": "3009.80000", "2017-09-30": "2987.59200", "2017-06-30": "2959.31500", "2017-03-31": "2872.64600", "2016-12-31": "2778.97600", "2016-09-30": "2789.89200", "2016-06-30": "2741.03000", "2016-03-31": "2701.76000", "2015-12-31": "2631.01500", "2015-09-30": "2606.81300", "2015-06-30": "2560.97500", "2015-03-31": "2527.98200", "2014-12-31": "2554.78900", "2014-09-30": "2517.92700", "2014-06-30": "2462.78100", "2014-03-31": "2397.04200", "2013-12-31": "2375.04700", "2013-09-30": "2364.53800", "2013-06-30": "2345.37700", "2013-03-31": "2295.84600", "2012-12-31": "2276.33100", "2012-09-30": "2207.45400", "2012-06-30": "2145.33900", "2012-03-31": "2004.91700", "2011-12-31": "1985.74800", "2011-09-30": "2009.40700", "2011-06-30": "2035.28200", "2011-03-31": "2001.31400", "2010-12-31": "2023.48800", "2010-09-30": "1997.71800", "2010-06-30": "1932.47900", "2010-03-31": "1903.10800", "2009-12-31": "1913.21800", "2009-09-30": "1856.04900", "2009-06-30": "1736.14000", "2009-03-31": "1626.19900", "2008-12-31": "1570.14400", "2008-09-30": "1517.74400", "2008-06-30": "904.15200", "2008-03-31": "892.58300", "2007-12-31": "881.76100", "2007-09-30": "856.58600", "2007-06-30": "853.12700", "2007-03-31": "825.20600", "2006-12-31": "812.93800", "2006-09-30": "816.66100", "2006-06-30": "800.45900", "2006-03-31": "755.02600", "2005-12-31": "725.33900", "2005-09-30": "715.25700", "2005-06-30": "695.84200", "2005-03-31": "649.29700"}, "Pre-Paid Expenses": {"2020-09-30": "", "2020-06-30": "", "2020-03-31": "", "2019-12-31": "", "2019-09-30": "", "2019-06-30": "", "2019-03-31": "", "2018-12-31": "", "2018-09-30": "", "2018-06-30": "", "2018-03-31": "", "2017-12-31": "", "2017-09-30": "", "2017-06-30": "", "2017-03-31": "", "2016-12-31": "", "2016-09-30": "", "2016-06-30": "", "2016-03-31": "", "2015-12-31": "", "2015-09-30": "", "2015-06-30": "", "2015-03-31": "", "2014-12-31": "", "2014-09-30": "", "2014-06-30": "", "2014-03-31": "", "2013-12-31": "", "2013-09-30": "", "2013-06-30": "", "2013-03-31": "", "2012-12-31": "", "2012-09-30": "", "2012-06-30": "", "2012-03-31": "", "2011-12-31": "", "2011-09-30": "", "2011-06-30": "", "2011-03-31": "", "2010-12-31": "", "2010-09-30": "", "2010-06-30": "", "2010-03-31": "", "2009-12-31": "", "2009-09-30": "", "2009-06-30": "", "2009-03-31": "", "2008-12-31": "", "2008-09-30": "", "2008-06-30": "", "2008-03-31": "", "2007-12-31": "", "2007-09-30": "", "2007-06-30": "", "2007-03-31": "", "2006-12-31": "", "2006-09-30": "", "2006-06-30": "", "2006-03-31": "", "2005-12-31": "", "2005-09-30": "", "2005-06-30": "", "2005-03-31": ""}, "Other Current Assets": {"2020-09-30": "45.31500", "2020-06-30": "53.20600", "2020-03-31": "53.39700", "2019-12-31": "44.75700", "2019-09-30": "32.91400", "2019-06-30": "42.36100", "2019-03-31": "46.89600", "2018-12-31": "48.26200", "2018-09-30": "54.46200", "2018-06-30": "52.03800", "2018-03-31": "52.52000", "2017-12-31": "49.03700", "2017-09-30": "34.48000", "2017-06-30": "38.19700", "2017-03-31": "38.54000", "2016-12-31": "53.02200", "2016-09-30": "32.02900", "2016-06-30": "33.82800", "2016-03-31": "36.92700", "2015-12-31": "29.02300", "2015-09-30": "33.08500", "2015-06-30": "37.71000", "2015-03-31": "40.92800", "2014-12-31": "46.82000", "2014-09-30": "34.68900", "2014-06-30": "38.53500", "2014-03-31": "40.66300", "2013-12-31": "30.71300", "2013-09-30": "33.93300", "2013-06-30": "35.73800", "2013-03-31": "35.04800", "2012-12-31": "27.31500", "2012-09-30": "29.94500", "2012-06-30": "37.29100", "2012-03-31": "37.07100", "2011-12-31": "56.55700", "2011-09-30": "28.01200", "2011-06-30": "29.88100", "2011-03-31": "29.16600", "2010-12-31": "30.51400", "2010-09-30": "32.53000", "2010-06-30": "34.22700", "2010-03-31": "37.33100", "2009-12-31": "29.63500", "2009-09-30": "34.08200", "2009-06-30": "32.72100", "2009-03-31": "54.92700", "2008-12-31": "44.14900", "2008-09-30": "41.84800", "2008-06-30": "20.18200", "2008-03-31": "20.33100", "2007-12-31": "40.48300", "2007-09-30": "22.47800", "2007-06-30": "19.97100", "2007-03-31": "21.12900", "2006-12-31": "28.99700", "2006-09-30": "17.25300", "2006-06-30": "15.21100", "2006-03-31": "17.73900", "2005-12-31": "22.84500", "2005-09-30": "12.53300", "2005-06-30": "13.09300", "2005-03-31": "5.76300"}, "Total Current Assets": {"2020-09-30": "5533.44100", "2020-06-30": "4784.48500", "2020-03-31": "4201.80000", "2019-12-31": "3833.66200", "2019-09-30": "3724.48900", "2019-06-30": "3700.57300", "2019-03-31": "3649.64600", "2018-12-31": "3543.10200", "2018-09-30": "3560.03100", "2018-06-30": "3500.71700", "2018-03-31": "3446.41100", "2017-12-31": "3397.67200", "2017-09-30": "3358.48100", "2017-06-30": "3289.58900", "2017-03-31": "3205.53300", "2016-12-31": "3257.97500", "2016-09-30": "3669.76400", "2016-06-30": "3438.13300", "2016-03-31": "3701.46300", "2015-12-31": "3010.02600", "2015-09-30": "3157.56400", "2015-06-30": "3109.03300", "2015-03-31": "3274.12100", "2014-12-31": "3065.38000", "2014-09-30": "3070.75100", "2014-06-30": "3171.96700", "2014-03-31": "3161.27300", "2013-12-31": "2835.20100", "2013-09-30": "2975.77300", "2013-06-30": "3005.15700", "2013-03-31": "2741.18800", "2012-12-31": "2732.94800", "2012-09-30": "2882.85000", "2012-06-30": "2763.99200", "2012-03-31": "2830.38200", "2011-12-31": "2607.61000", "2011-09-30": "2536.51400", "2011-06-30": "2554.18400", "2011-03-31": "2467.41100", "2010-12-31": "2301.25200", "2010-09-30": "2309.59600", "2010-06-30": "2257.49700", "2010-03-31": "2231.55800", "2009-12-31": "2226.71900", "2009-09-30": "2174.66000", "2009-06-30": "2085.77000", "2009-03-31": "1956.56900", "2008-12-31": "1875.43300", "2008-09-30": "1802.34900", "2008-06-30": "1181.30500", "2008-03-31": "1166.61700", "2007-12-31": "1102.30400", "2007-09-30": "1125.83500", "2007-06-30": "1106.62300", "2007-03-31": "1070.68900", "2006-12-31": "1000.67600", "2006-09-30": "1006.20400", "2006-06-30": "1015.86300", "2006-03-31": "963.00200", "2005-12-31": "910.64100", "2005-09-30": "895.41300", "2005-06-30": "868.17200", "2005-03-31": "850.14100"}, "Property, Plant, And Equipment": {"2020-09-30": "4072.89700", "2020-06-30": "4038.48300", "2020-03-31": "4008.64400", "2019-12-31": "3948.20300", "2019-09-30": "3870.70700", "2019-06-30": "3754.35100", "2019-03-31": "3676.71000", "2018-12-31": "3587.00200", "2018-09-30": "3501.93300", "2018-06-30": "3434.88400", "2018-03-31": "3389.76300", "2017-12-31": "3343.80600", "2017-09-30": "3292.68100", "2017-06-30": "3229.39800", "2017-03-31": "3174.65000", "2016-12-31": "3123.43100", "2016-09-30": "3058.68400", "2016-06-30": "2979.24000", "2016-03-31": "2913.92700", "2015-12-31": "2861.55600", "2015-09-30": "2805.15000", "2015-06-30": "2743.81600", "2015-03-31": "2698.84800", "2014-12-31": "2658.56000", "2014-09-30": "2601.11200", "2014-06-30": "2528.93600", "2014-03-31": "2463.09900", "2013-12-31": "2425.10300", "2013-09-30": "2378.39800", "2013-06-30": "2302.27100", "2013-03-31": "2244.07400", "2012-12-31": "2211.59000", "2012-09-30": "2174.08400", "2012-06-30": "2152.78500", "2012-03-31": "2126.59900", "2011-12-31": "2093.76700", "2011-09-30": "2057.87500", "2011-06-30": "2008.59400", "2011-03-31": "1972.42000", "2010-12-31": "1930.09500", "2010-09-30": "1891.56000", "2010-06-30": "1830.74500", "2010-03-31": "1784.30100", "2009-12-31": "1726.37900", "2009-09-30": "1672.23600", "2009-06-30": "1624.09400", "2009-03-31": "1572.58800", "2008-12-31": "1449.89300", "2008-09-30": "1404.73700", "2008-06-30": "1171.77700", "2008-03-31": "1125.96300", "2007-12-31": "1090.16000", "2007-09-30": "1045.94300", "2007-06-30": "987.94100", "2007-03-31": "931.09100", "2006-12-31": "883.09500", "2006-09-30": "846.66400", "2006-06-30": "807.85000", "2006-03-31": "750.64500", "2005-12-31": "718.36600", "2005-09-30": "679.03200", "2005-06-30": "646.92100", "2005-03-31": "599.89800"}, "Long-Term Investments": {"2020-09-30": "", "2020-06-30": "", "2020-03-31": "", "2019-12-31": "", "2019-09-30": "", "2019-06-30": "", "2019-03-31": "", "2018-12-31": "", "2018-09-30": "", "2018-06-30": "", "2018-03-31": "", "2017-12-31": "", "2017-09-30": "", "2017-06-30": "", "2017-03-31": "", "2016-12-31": "", "2016-09-30": "", "2016-06-30": "", "2016-03-31": "", "2015-12-31": "", "2015-09-30": "", "2015-06-30": "", "2015-03-31": "", "2014-12-31": "", "2014-09-30": "", "2014-06-30": "", "2014-03-31": "", "2013-12-31": "", "2013-09-30": "", "2013-06-30": "", "2013-03-31": "", "2012-12-31": "", "2012-09-30": "", "2012-06-30": "", "2012-03-31": "", "2011-12-31": "", "2011-09-30": "", "2011-06-30": "", "2011-03-31": "", "2010-12-31": "", "2010-09-30": "", "2010-06-30": "", "2010-03-31": "", "2009-12-31": "", "2009-09-30": "", "2009-06-30": "", "2009-03-31": "", "2008-12-31": "", "2008-09-30": "", "2008-06-30": "", "2008-03-31": "", "2007-12-31": "", "2007-09-30": "", "2007-06-30": "", "2007-03-31": "", "2006-12-31": "", "2006-09-30": "", "2006-06-30": "", "2006-03-31": "", "2005-12-31": "", "2005-09-30": "", "2005-06-30": "", "2005-03-31": ""}, "Goodwill And Intangible Assets": {"2020-09-30": "873.71700", "2020-06-30": "872.99700", "2020-03-31": "910.14100", "2019-12-31": "936.81400", "2019-09-30": "808.25900", "2019-06-30": "808.39100", "2019-03-31": "808.71700", "2018-12-31": "807.26000", "2018-09-30": "789.17800", "2018-06-30": "789.10400", "2018-03-31": "789.10400", "2017-12-31": "789.05800", "2017-09-30": "787.21000", "2017-06-30": "786.93800", "2017-03-31": "785.56800", "2016-12-31": "785.39900", "2016-09-30": "757.25100", "2016-06-30": "757.13000", "2016-03-31": "757.13000", "2015-12-31": "757.14200", "2015-09-30": "757.09300", "2015-06-30": "756.85200", "2015-03-31": "756.38400", "2014-12-31": "756.38400", "2014-09-30": "756.33500", "2014-06-30": "756.34900", "2014-03-31": "756.22500", "2013-12-31": "756.22500", "2013-09-30": "758.52300", "2013-06-30": "758.53700", "2013-03-31": "758.57800", "2012-12-31": "758.41000", "2012-09-30": "744.15300", "2012-06-30": "744.13100", "2012-03-31": "744.03100", "2011-12-31": "743.90700", "2011-09-30": "743.94300", "2011-06-30": "744.02800", "2011-03-31": "743.89500", "2010-12-31": "743.97500", "2010-09-30": "743.92100", "2010-06-30": "743.78000", "2010-03-31": "743.82400", "2009-12-31": "744.31300", "2009-09-30": "744.37500", "2009-06-30": "744.74900", "2009-03-31": "722.30600", "2008-12-31": "720.50800", "2008-09-30": "655.88600", "2008-06-30": "51.14500", "2008-03-31": "50.58300", "2007-12-31": "50.44700", "2007-09-30": "49.85700", "2007-06-30": "49.49900", "2007-03-31": "", "2006-12-31": "49.06500", "2006-09-30": "", "2006-06-30": "", "2006-03-31": "", "2005-12-31": "", "2005-09-30": "", "2005-06-30": "", "2005-03-31": ""}, "Other Long-Term Assets": {"2020-09-30": "109.99900", "2020-06-30": "106.29990", "2020-03-31": "52.98190", "2019-12-31": "70.11200", "2019-09-30": "60.33800", "2019-06-30": "43.52910", "2019-03-31": "40.12500", "2018-12-31": "43.42500", "2018-09-30": "43.57200", "2018-06-30": "42.03500", "2018-03-31": "41.37900", "2017-12-31": "41.34900", "2017-09-30": "40.95600", "2017-06-30": "39.77300", "2017-03-31": "37.97300", "2016-12-31": "37.38400", "2016-09-30": "36.64100", "2016-06-30": "36.13700", "2016-03-31": "35.08100", "2015-12-31": "34.74100", "2015-09-30": "41.19400", "2015-06-30": "43.13500", "2015-03-31": "43.94300", "2014-12-31": "38.41000", "2014-09-30": "32.69500", "2014-06-30": "35.40600", "2014-03-31": "37.01100", "2013-12-31": "37.61300", "2013-09-30": "39.92600", "2013-06-30": "41.38600", "2013-03-31": "41.38300", "2012-12-31": "40.89200", "2012-09-30": "41.87900", "2012-06-30": "41.78000", "2012-03-31": "43.29600", "2011-12-31": "44.32800", "2011-09-30": "46.49000", "2011-06-30": "45.80400", "2011-03-31": "47.98100", "2010-12-31": "54.45800", "2010-09-30": "59.19100", "2010-06-30": "63.41300", "2010-03-31": "66.97400", "2009-12-31": "71.57900", "2009-09-30": "76.55800", "2009-06-30": "81.65800", "2009-03-31": "90.89500", "2008-12-31": "97.16800", "2008-09-30": "108.56500", "2008-06-30": "34.44000", "2008-03-31": "30.32000", "2007-12-31": "11.38900", "2007-09-30": "12.15000", "2007-06-30": "12.59400", "2007-03-31": "62.69700", "2006-12-31": "14.37200", "2006-09-30": "61.96700", "2006-06-30": "60.08100", "2006-03-31": "61.44900", "2005-12-31": "60.82700", "2005-09-30": "57.36800", "2005-06-30": "61.72600", "2005-03-31": "27.65300"}, "Total Long-Term Assets": {"2020-09-30": "6970.51000", "2020-06-30": "6944.05000", "2020-03-31": "6907.06200", "2019-12-31": "6883.49800", "2019-09-30": "6648.23500", "2019-06-30": "6501.37000", "2019-03-31": "6411.91600", "2018-12-31": "4437.68700", "2018-09-30": "4334.68300", "2018-06-30": "4266.02300", "2018-03-31": "4220.24600", "2017-12-31": "4174.21300", "2017-09-30": "4120.84700", "2017-06-30": "4056.10900", "2017-03-31": "3998.19100", "2016-12-31": "3946.21400", "2016-09-30": "3852.57600", "2016-06-30": "3772.50700", "2016-03-31": "3718.31000", "2015-12-31": "3666.65800", "2015-09-30": "3617.70200", "2015-06-30": "3559.11400", "2015-03-31": "3511.58900", "2014-12-31": "3466.70300", "2014-09-30": "3404.42500", "2014-06-30": "3335.90900", "2014-03-31": "3268.50000", "2013-12-31": "3232.00700", "2013-09-30": "3191.40300", "2013-06-30": "3118.48900", "2013-03-31": "3048.35300", "2012-12-31": "3016.23900", "2012-09-30": "2966.50600", "2012-06-30": "2946.10000", "2012-03-31": "2923.74300", "2011-12-31": "2892.89100", "2011-09-30": "2860.26900", "2011-06-30": "2811.71800", "2011-03-31": "2780.67500", "2010-12-31": "2746.57500", "2010-09-30": "2713.82300", "2010-06-30": "2659.02200", "2010-03-31": "2606.30700", "2009-12-31": "2554.75200", "2009-09-30": "2506.45100", "2009-06-30": "2481.71200", "2009-03-31": "2421.22500", "2008-12-31": "2317.88400", "2008-09-30": "2222.79800", "2008-06-30": "1281.46200", "2008-03-31": "1231.11900", "2007-12-31": "1177.43300", "2007-09-30": "1134.71500", "2007-06-30": "1078.08100", "2007-03-31": "1022.93900", "2006-12-31": "976.82000", "2006-09-30": "939.66400", "2006-06-30": "900.46300", "2006-03-31": "839.99200", "2005-12-31": "808.25510", "2005-09-30": "766.59700", "2005-06-30": "739.93700", "2005-03-31": "654.92600"}, "Total Assets": {"2020-09-30": "12503.95000", "2020-06-30": "11728.54000", "2020-03-31": "11108.86000", "2019-12-31": "10717.16000", "2019-09-30": "10372.72000", "2019-06-30": "10201.94000", "2019-03-31": "10061.56000", "2018-12-31": "7980.78900", "2018-09-30": "7894.71400", "2018-06-30": "7766.74000", "2018-03-31": "7666.65700", "2017-12-31": "7571.88500", "2017-09-30": "7479.32800", "2017-06-30": "7345.69800", "2017-03-31": "7203.72400", "2016-12-31": "7204.18900", "2016-09-30": "7522.34000", "2016-06-30": "7210.64000", "2016-03-31": "7419.77300", "2015-12-31": "6676.68400", "2015-09-30": "6775.26600", "2015-06-30": "6668.14700", "2015-03-31": "6785.71000", "2014-12-31": "6532.08300", "2014-09-30": "6475.17600", "2014-06-30": "6507.87600", "2014-03-31": "6429.77300", "2013-12-31": "6067.20800", "2013-09-30": "6167.17600", "2013-06-30": "6123.64600", "2013-03-31": "5789.54100", "2012-12-31": "5749.18700", "2012-09-30": "5849.35600", "2012-06-30": "5710.09200", "2012-03-31": "5754.12500", "2011-12-31": "5500.50100", "2011-09-30": "5396.78300", "2011-06-30": "5365.90200", "2011-03-31": "5248.08600", "2010-12-31": "5047.82700", "2010-09-30": "5023.41900", "2010-06-30": "4916.51900", "2010-03-31": "4837.86500", "2009-12-31": "4781.47100", "2009-09-30": "4681.11100", "2009-06-30": "4567.48200", "2009-03-31": "4377.79400", "2008-12-31": "4193.31700", "2008-09-30": "4025.14700", "2008-06-30": "2462.76700", "2008-03-31": "2397.73600", "2007-12-31": "2279.73700", "2007-09-30": "2260.55000", "2007-06-30": "2184.70400", "2007-03-31": "2093.62800", "2006-12-31": "1977.49600", "2006-09-30": "1945.86800", "2006-06-30": "1916.32600", "2006-03-31": "1802.99400", "2005-12-31": "1718.89600", "2005-09-30": "1662.01000", "2005-06-30": "1608.10900", "2005-03-31": "1505.06700"}, "Total Current Liabilities": {"2020-09-30": "5669.38400", "2020-06-30": "5022.13600", "2020-03-31": "4624.93200", "2019-12-31": "4469.42700", "2019-09-30": "4580.85400", "2019-06-30": "4360.39200", "2019-03-31": "4326.33200", "2018-12-31": "3894.02000", "2018-09-30": "3905.08100", "2018-06-30": "3818.91800", "2018-03-31": "3748.18100", "2017-12-31": "3647.36600", "2017-09-30": "3628.50000", "2017-06-30": "3566.13300", "2017-03-31": "3505.76300", "2016-12-31": "3400.64900", "2016-09-30": "3465.42800", "2016-06-30": "3366.67500", "2016-03-31": "3315.67700", "2015-12-31": "3046.39800", "2015-09-30": "3103.91200", "2015-06-30": "3006.86900", "2015-03-31": "2952.38100", "2014-12-31": "2813.29800", "2014-09-30": "2845.94200", "2014-06-30": "2727.11700", "2014-03-31": "2597.85000", "2013-12-31": "2423.01000", "2013-09-30": "2439.05600", "2013-06-30": "2430.29800", "2013-03-31": "2349.02200", "2012-12-31": "2272.86500", "2012-09-30": "2195.40900", "2012-06-30": "2012.89800", "2012-03-31": "1801.65600", "2011-12-31": "1580.01000", "2011-09-30": "1506.04700", "2011-06-30": "1458.24300", "2011-03-31": "1317.97400", "2010-12-31": "1228.95800", "2010-09-30": "1383.26200", "2010-06-30": "1309.10400", "2010-03-31": "1254.80400", "2009-12-31": "1219.14300", "2009-09-30": "1217.31100", "2009-06-30": "1150.38500", "2009-03-31": "1096.84900", "2008-12-31": "1053.50100", "2008-09-30": "1053.20300", "2008-06-30": "582.91000", "2008-03-31": "588.32600", "2007-12-31": "528.97600", "2007-09-30": "553.95200", "2007-06-30": "541.20700", "2007-03-31": "497.51500", "2006-12-31": "433.78400", "2006-09-30": "456.18900", "2006-06-30": "486.81800", "2006-03-31": "508.56700", "2005-12-31": "485.66700", "2005-09-30": "485.40400", "2005-06-30": "494.70100", "2005-03-31": "365.52900"}, "Long Term Debt": {"2020-09-30": "4122.42400", "2020-06-30": "4127.39700", "2020-03-31": "4471.24800", "2019-12-31": "3890.52700", "2019-09-30": "3703.62800", "2019-06-30": "3783.73800", "2019-03-31": "3460.92100", "2018-12-31": "3417.12200", "2018-09-30": "3174.32700", "2018-06-30": "3253.53800", "2018-03-31": "3193.06600", "2017-12-31": "2978.39000", "2017-09-30": "2900.81600", "2017-06-30": "2604.06200", "2017-03-31": "1977.53900", "2016-12-31": "1887.01900", "2016-09-30": "1886.50100", "2016-06-30": "1886.32400", "2016-03-31": "1885.87700", "2015-12-31": "1390.01800", "2015-09-30": "1396.99500", "2015-06-30": "1396.86800", "2015-03-31": "1396.74100", "2014-12-31": "1388.39700", "2014-09-30": "1396.48800", "2014-06-30": "1396.36200", "2014-03-31": "1396.24200", "2013-12-31": "1396.14100", "2013-09-30": "1396.03100", "2013-06-30": "1395.92200", "2013-03-31": "1095.85200", "2012-12-31": "1095.73400", "2012-09-30": "1095.67200", "2012-06-30": "796.88400", "2012-03-31": "796.86300", "2011-12-31": "796.91200", "2011-09-30": "796.96200", "2011-06-30": "497.54700", "2011-03-31": "497.64100", "2010-12-31": "357.27300", "2010-09-30": "326.55400", "2010-06-30": "479.23300", "2010-03-31": "596.71000", "2009-12-31": "684.04000", "2009-09-30": "693.51600", "2009-06-30": "785.86800", "2009-03-31": "782.65800", "2008-12-31": "724.56400", "2008-09-30": "657.13100", "2008-06-30": "75.00000", "2008-03-31": "75.06800", "2007-12-31": "75.14900", "2007-09-30": "75.23000", "2007-06-30": "75.31100", "2007-03-31": "100.39000", "2006-12-31": "110.17000", "2006-09-30": "100.54800", "2006-06-30": "100.67800", "2006-03-31": "25.43600", "2005-12-31": "25.46100", "2005-09-30": "25.46800", "2005-06-30": "25.47100", "2005-03-31": "100.17300"}, "Other Non-Current Liabilities": {"2020-09-30": "188.09500", "2020-06-30": "182.08800", "2020-03-31": "168.63500", "2019-12-31": "171.28900", "2019-09-30": "162.29400", "2019-06-30": "167.87900", "2019-03-31": "163.15300", "2018-12-31": "210.41400", "2018-09-30": "214.28700", "2018-06-30": "214.86400", "2018-03-31": "211.80600", "2017-12-31": "207.67700", "2017-09-30": "203.98600", "2017-06-30": "208.14300", "2017-03-31": "205.21600", "2016-12-31": "199.21900", "2016-09-30": "185.43700", "2016-06-30": "194.67000", "2016-03-31": "201.92800", "2015-12-31": "199.18200", "2015-09-30": "200.07600", "2015-06-30": "217.14600", "2015-03-31": "211.75800", "2014-12-31": "209.54800", "2014-09-30": "194.55100", "2014-06-30": "200.75100", "2014-03-31": "197.29500", "2013-12-31": "201.02300", "2013-09-30": "199.65300", "2013-06-30": "204.42900", "2013-03-31": "189.01200", "2012-12-31": "192.73700", "2012-09-30": "191.76500", "2012-06-30": "193.94500", "2012-03-31": "191.44300", "2011-12-31": "189.86400", "2011-09-30": "186.30700", "2011-06-30": "183.02600", "2011-03-31": "181.53800", "2010-12-31": "183.17500", "2010-09-30": "181.88600", "2010-06-30": "171.14800", "2010-03-31": "162.30700", "2009-12-31": "174.10200", "2009-09-30": "166.10900", "2009-06-30": "153.78900", "2009-03-31": "132.81100", "2008-12-31": "133.03400", "2008-09-30": "124.32000", "2008-06-30": "60.02600", "2008-03-31": "56.67800", "2007-12-31": "55.89400", "2007-09-30": "52.30100", "2007-06-30": "49.95700", "2007-03-31": "42.94100", "2006-12-31": "31.27500", "2006-09-30": "31.35300", "2006-06-30": "22.31900", "2006-03-31": "19.63700", "2005-12-31": "19.48300", "2005-09-30": "13.94300", "2005-06-30": "12.99800", "2005-03-31": "12.18400"}, "Total Long Term Liabilities": {"2020-09-30": "6125.34200", "2020-06-30": "6117.29900", "2020-03-31": "6375.08600", "2019-12-31": "5850.39300", "2019-09-30": "5625.65100", "2019-06-30": "5696.86900", "2019-03-31": "5362.86500", "2018-12-31": "3733.10200", "2018-09-30": "3491.25400", "2018-06-30": "3562.83200", "2018-03-31": "3494.64800", "2017-12-31": "3271.47300", "2017-09-30": "3236.64900", "2017-06-30": "2910.25300", "2017-03-31": "2275.36500", "2016-12-31": "2176.40400", "2016-09-30": "2156.14900", "2016-06-30": "2153.95500", "2016-03-31": "2164.25500", "2015-12-31": "1668.97200", "2015-09-30": "1669.26800", "2015-06-30": "1691.29300", "2015-03-31": "1689.82900", "2014-12-31": "1700.36700", "2014-09-30": "1652.82800", "2014-06-30": "1663.17800", "2014-03-31": "1668.69900", "2013-12-31": "1677.87700", "2013-09-30": "1692.23300", "2013-06-30": "1687.20500", "2013-03-31": "1367.99400", "2012-12-31": "1368.01500", "2012-09-30": "1395.42400", "2012-06-30": "1084.54200", "2012-03-31": "1080.62200", "2011-12-31": "1075.64000", "2011-09-30": "1060.18800", "2011-06-30": "754.27400", "2011-03-31": "742.26200", "2010-12-31": "609.18400", "2010-09-30": "565.88600", "2010-06-30": "676.96300", "2010-03-31": "782.74300", "2009-12-31": "876.46300", "2009-09-30": "864.55300", "2009-06-30": "939.65700", "2009-03-31": "915.46900", "2008-12-31": "857.59800", "2008-09-30": "781.45100", "2008-06-30": "162.61800", "2008-03-31": "158.39700", "2007-12-31": "158.28400", "2007-09-30": "153.42700", "2007-06-30": "150.93400", "2007-03-31": "175.62800", "2006-12-31": "179.61600", "2006-09-30": "173.60000", "2006-06-30": "167.80600", "2006-03-31": "87.95500", "2005-12-31": "87.46000", "2005-09-30": "78.92800", "2005-06-30": "69.82200", "2005-03-31": "150.52200"}, "Total Liabilities": {"2020-09-30": "11794.73000", "2020-06-30": "11139.43000", "2020-03-31": "11000.02000", "2019-12-31": "10319.82000", "2019-09-30": "10206.50000", "2019-06-30": "10057.26000", "2019-03-31": "9689.19700", "2018-12-31": "7627.12200", "2018-09-30": "7396.33500", "2018-06-30": "7381.75000", "2018-03-31": "7242.82900", "2017-12-31": "6918.83900", "2017-09-30": "6865.14900", "2017-06-30": "6476.38600", "2017-03-31": "5781.12800", "2016-12-31": "5577.05300", "2016-09-30": "5621.57700", "2016-06-30": "5520.63000", "2016-03-31": "5479.93200", "2015-12-31": "4715.37000", "2015-09-30": "4773.18000", "2015-06-30": "4698.16200", "2015-03-31": "4642.21000", "2014-12-31": "4513.66500", "2014-09-30": "4498.77000", "2014-06-30": "4390.29500", "2014-03-31": "4266.54900", "2013-12-31": "4100.88700", "2013-09-30": "4131.28900", "2013-06-30": "4117.50300", "2013-03-31": "3717.01600", "2012-12-31": "3640.88000", "2012-09-30": "3590.83300", "2012-06-30": "3097.44000", "2012-03-31": "2882.27800", "2011-12-31": "2655.65000", "2011-09-30": "2566.23500", "2011-06-30": "2212.51700", "2011-03-31": "2060.23600", "2010-12-31": "1838.14200", "2010-09-30": "1949.14800", "2010-06-30": "1986.06700", "2010-03-31": "2037.54700", "2009-12-31": "2095.60600", "2009-09-30": "2081.86400", "2009-06-30": "2090.04200", "2009-03-31": "2012.31800", "2008-12-31": "1911.09900", "2008-09-30": "1834.65400", "2008-06-30": "745.52800", "2008-03-31": "746.72300", "2007-12-31": "687.26000", "2007-09-30": "707.37900", "2007-06-30": "692.14100", "2007-03-31": "673.14300", "2006-12-31": "613.40000", "2006-09-30": "629.78900", "2006-06-30": "654.62400", "2006-03-31": "596.52200", "2005-12-31": "573.12700", "2005-09-30": "564.33200", "2005-06-30": "564.52300", "2005-03-31": "516.05100"}, "Common Stock Net": {"2020-09-30": "0.73300", "2020-06-30": "0.74100", "2020-03-31": "0.74200", "2019-12-31": "0.75600", "2019-09-30": "0.75700", "2019-06-30": "0.76700", "2019-03-31": "0.78300", "2018-12-31": "0.79000", "2018-09-30": "0.80300", "2018-06-30": "0.81000", "2018-03-31": "0.82300", "2017-12-31": "0.84300", "2017-09-30": "0.85300", "2017-06-30": "0.88000", "2017-03-31": "0.91300", "2016-12-31": "0.92900", "2016-09-30": "0.94700", "2016-06-30": "0.94900", "2016-03-31": "0.96700", "2015-12-31": "0.97700", "2015-09-30": "0.98700", "2015-06-30": "0.99600", "2015-03-31": "1.01300", "2014-12-31": "1.01600", "2014-09-30": "1.02400", "2014-06-30": "1.04700", "2014-03-31": "1.06300", "2013-12-31": "1.05900", "2013-09-30": "1.07700", "2013-06-30": "1.08900", "2013-03-31": "1.11000", "2012-12-31": "1.13000", "2012-09-30": "1.16100", "2012-06-30": "1.22000", "2012-03-31": "1.26000", "2011-12-31": "1.27200", "2011-09-30": "1.28400", "2011-06-30": "1.36000", "2011-03-31": "1.38700", "2010-12-31": "1.41000", "2010-09-30": "1.39300", "2010-06-30": "1.38700", "2010-03-31": "1.37900", "2009-12-31": "1.37500", "2009-09-30": "1.37100", "2009-06-30": "1.36100", "2009-03-31": "1.35400", "2008-12-31": "1.34800", "2008-09-30": "1.34500", "2008-06-30": "1.15800", "2008-03-31": "1.15500", "2007-12-31": "1.15300", "2007-09-30": "1.15100", "2007-06-30": "1.14800", "2007-03-31": "1.14100", "2006-12-31": "1.13900", "2006-09-30": "1.13600", "2006-06-30": "1.13400", "2006-03-31": "1.13200", "2005-12-31": "1.12400", "2005-09-30": "1.12100", "2005-06-30": "1.11800", "2005-03-31": "0.55600"}, "Retained Earnings (Accumulated Deficit)": {"2020-09-30": "-578.17200", "2020-06-30": "-679.50600", "2020-03-31": "-1137.39200", "2019-12-31": "-889.06600", "2019-09-30": "-1094.08200", "2019-06-30": "-1115.01500", "2019-03-31": "-896.45000", "2018-12-31": "-909.18600", "2018-09-30": "-768.25100", "2018-06-30": "-863.65700", "2018-03-31": "-824.36100", "2017-12-31": "-612.84000", "2017-09-30": "-654.48400", "2017-06-30": "-428.24200", "2017-03-31": "90.26700", "2016-12-31": "289.50000", "2016-09-30": "560.30400", "2016-06-30": "379.62000", "2016-03-31": "637.81700", "2015-12-31": "678.84000", "2015-09-30": "732.74200", "2015-06-30": "726.17900", "2015-03-31": "908.35400", "2014-12-31": "822.47300", "2014-09-30": "806.64100", "2014-06-30": "948.51800", "2014-03-31": "999.74800", "2013-12-31": "846.33300", "2013-09-30": "919.10000", "2013-06-30": "902.15400", "2013-03-31": "973.48700", "2012-12-31": "1023.26700", "2012-09-30": "1168.56000", "2012-06-30": "1489.41800", "2012-03-31": "1742.64000", "2011-12-31": "1733.47400", "2011-09-30": "1731.24700", "2011-06-30": "2016.29000", "2011-03-31": "2048.21400", "2010-12-31": "2069.49600", "2010-09-30": "1963.73600", "2010-06-30": "1847.19400", "2010-03-31": "1747.59900", "2009-12-31": "1650.12300", "2009-09-30": "1578.20000", "2009-06-30": "1490.97500", "2009-03-31": "1405.46000", "2008-12-31": "1342.62500", "2008-09-30": "1299.91100", "2008-06-30": "1258.51200", "2008-03-31": "1202.72400", "2007-12-31": "1156.39300", "2007-09-30": "1115.79800", "2007-06-30": "1062.71100", "2007-03-31": "1010.81200", "2006-12-31": "962.40500", "2006-09-30": "922.05300", "2006-06-30": "874.19700", "2006-03-31": "824.88400", "2005-12-31": "784.32000", "2005-09-30": "744.81300", "2005-06-30": "696.19000", "2005-03-31": "653.82600"}, "Comprehensive Income": {"2020-09-30": "-17.03500", "2020-06-30": "-22.11100", "2020-03-31": "-25.75600", "2019-12-31": "4.89000", "2019-09-30": "", "2019-06-30": "", "2019-03-31": "", "2018-12-31": "", "2018-09-30": "", "2018-06-30": "", "2018-03-31": "", "2017-12-31": "", "2017-09-30": "", "2017-06-30": "", "2017-03-31": "", "2016-12-31": "", "2016-09-30": "", "2016-06-30": "", "2016-03-31": "", "2015-12-31": "", "2015-09-30": "", "2015-06-30": "", "2015-03-31": "", "2014-12-31": "", "2014-09-30": "", "2014-06-30": "", "2014-03-31": "", "2013-12-31": "", "2013-09-30": "", "2013-06-30": "", "2013-03-31": "", "2012-12-31": "", "2012-09-30": "", "2012-06-30": "", "2012-03-31": "", "2011-12-31": "", "2011-09-30": "0.00000", "2011-06-30": "0.00000", "2011-03-31": "0.00000", "2010-12-31": "-2.97000", "2010-09-30": "-4.09500", "2010-06-30": "-5.46600", "2010-03-31": "-7.06700", "2009-12-31": "-7.96200", "2009-09-30": "-9.33900", "2009-06-30": "-9.68500", "2009-03-31": "-11.43200", "2008-12-31": "-11.51300", "2008-09-30": "-0.98400", "2008-06-30": "0.52800", "2008-03-31": "-1.03900", "2007-12-31": "-6.80000", "2007-09-30": "", "2007-06-30": "", "2007-03-31": "", "2006-12-31": "", "2006-09-30": "", "2006-06-30": "", "2006-03-31": "", "2005-12-31": "", "2005-09-30": "", "2005-06-30": "", "2005-03-31": ""}, "Other Share Holders Equity": {"2020-09-30": "", "2020-06-30": "", "2020-03-31": "", "2019-12-31": "", "2019-09-30": "", "2019-06-30": "", "2019-03-31": "", "2018-12-31": "", "2018-09-30": "", "2018-06-30": "", "2018-03-31": "", "2017-12-31": "", "2017-09-30": "", "2017-06-30": "", "2017-03-31": "", "2016-12-31": "", "2016-09-30": "", "2016-06-30": "", "2016-03-31": "", "2015-12-31": "", "2015-09-30": "", "2015-06-30": "", "2015-03-31": "", "2014-12-31": "", "2014-09-30": "", "2014-06-30": "", "2014-03-31": "", "2013-12-31": "", "2013-09-30": "", "2013-06-30": "", "2013-03-31": "", "2012-12-31": "", "2012-09-30": "", "2012-06-30": "", "2012-03-31": "", "2011-12-31": "", "2011-09-30": "", "2011-06-30": "", "2011-03-31": "", "2010-12-31": "", "2010-09-30": "", "2010-06-30": "", "2010-03-31": "", "2009-12-31": "", "2009-09-30": "", "2009-06-30": "", "2009-03-31": "", "2008-12-31": "", "2008-09-30": "", "2008-06-30": "", "2008-03-31": "", "2007-12-31": "", "2007-09-30": "", "2007-06-30": "", "2007-03-31": "", "2006-12-31": "", "2006-09-30": "", "2006-06-30": "", "2006-03-31": "", "2005-12-31": "", "2005-09-30": "", "2005-06-30": "", "2005-03-31": ""}, "Share Holder Equity": {"2020-09-30": "709.22500", "2020-06-30": "589.10000", "2020-03-31": "108.84400", "2019-12-31": "397.34000", "2019-09-30": "166.21900", "2019-06-30": "144.68200", "2019-03-31": "372.36500", "2018-12-31": "353.66700", "2018-09-30": "498.37900", "2018-06-30": "384.99000", "2018-03-31": "423.82800", "2017-12-31": "653.04600", "2017-09-30": "614.17900", "2017-06-30": "869.31200", "2017-03-31": "1422.59600", "2016-12-31": "1627.13600", "2016-09-30": "1900.76300", "2016-06-30": "1690.01000", "2016-03-31": "1939.84100", "2015-12-31": "1961.31400", "2015-09-30": "2002.08600", "2015-06-30": "1969.98500", "2015-03-31": "2143.50000", "2014-12-31": "2018.41800", "2014-09-30": "1976.40600", "2014-06-30": "2117.58100", "2014-03-31": "2163.22400", "2013-12-31": "1966.32100", "2013-09-30": "2035.88700", "2013-06-30": "2006.14300", "2013-03-31": "2072.52500", "2012-12-31": "2108.30700", "2012-09-30": "2258.52300", "2012-06-30": "2612.65200", "2012-03-31": "2871.84700", "2011-12-31": "2844.85100", "2011-09-30": "2830.54800", "2011-06-30": "3153.38500", "2011-03-31": "3187.85000", "2010-12-31": "3209.68500", "2010-09-30": "3074.27100", "2010-06-30": "2930.45200", "2010-03-31": "2800.31800", "2009-12-31": "2685.86500", "2009-09-30": "2599.24700", "2009-06-30": "2477.44000", "2009-03-31": "2365.47600", "2008-12-31": "2282.21800", "2008-09-30": "2190.49300", "2008-06-30": "1717.23900", "2008-03-31": "1651.01300", "2007-12-31": "1592.47700", "2007-09-30": "1553.17100", "2007-06-30": "1492.56300", "2007-03-31": "1420.48500", "2006-12-31": "1364.09600", "2006-09-30": "1316.07900", "2006-06-30": "1261.70200", "2006-03-31": "1206.47200", "2005-12-31": "1145.76900", "2005-09-30": "1097.67800", "2005-06-30": "1043.58600", "2005-03-31": "989.01600"}, "Total Liabilities And Share Holders Equity": {"2020-09-30": "12503.95000", "2020-06-30": "11728.54000", "2020-03-31": "11108.86000", "2019-12-31": "10717.16000", "2019-09-30": "10372.72000", "2019-06-30": "10201.94000", "2019-03-31": "10061.56000", "2018-12-31": "7980.78900", "2018-09-30": "7894.71400", "2018-06-30": "7766.74000", "2018-03-31": "7666.65700", "2017-12-31": "7571.88500", "2017-09-30": "7479.32800", "2017-06-30": "7345.69800", "2017-03-31": "7203.72400", "2016-12-31": "7204.18900", "2016-09-30": "7522.34000", "2016-06-30": "7210.64000", "2016-03-31": "7419.77300", "2015-12-31": "6676.68400", "2015-09-30": "6775.26600", "2015-06-30": "6668.14700", "2015-03-31": "6785.71000", "2014-12-31": "6532.08300", "2014-09-30": "6475.17600", "2014-06-30": "6507.87600", "2014-03-31": "6429.77300", "2013-12-31": "6067.20800", "2013-09-30": "6167.17600", "2013-06-30": "6123.64600", "2013-03-31": "5789.54100", "2012-12-31": "5749.18700", "2012-09-30": "5849.35600", "2012-06-30": "5710.09200", "2012-03-31": "5754.12500", "2011-12-31": "5500.50100", "2011-09-30": "5396.78300", "2011-06-30": "5365.90200", "2011-03-31": "5248.08600", "2010-12-31": "5047.82700", "2010-09-30": "5023.41900", "2010-06-30": "4916.51900", "2010-03-31": "4837.86500", "2009-12-31": "4781.47100", "2009-09-30": "4681.11100", "2009-06-30": "4567.48200", "2009-03-31": "4377.79400", "2008-12-31": "4193.31700", "2008-09-30": "4025.14700", "2008-06-30": "2462.76700", "2008-03-31": "2397.73600", "2007-12-31": "2279.73700", "2007-09-30": "2260.55000", "2007-06-30": "2184.70400", "2007-03-31": "2093.62800", "2006-12-31": "1977.49600", "2006-09-30": "1945.86800", "2006-06-30": "1916.32600", "2006-03-31": "1802.99400", "2005-12-31": "1718.89600", "2005-09-30": "1662.01000", "2005-06-30": "1608.10900", "2005-03-31": "1505.06700"}}, "cash flow statement": {"Net Income/Loss": {"2019-12-31": "1391.04200", "2018-12-31": "1324.48700", "2017-12-31": "1133.80400", "2016-12-31": "1037.69100", "2015-12-31": "931.21600", "2014-12-31": "778.18200", "2013-12-31": "670.29200", "2012-12-31": "585.74600", "2011-12-31": "507.67300", "2010-12-31": "419.37300", "2009-12-31": "307.49800", "2008-12-31": "186.23200", "2007-12-31": "193.98800", "2006-12-31": "178.08500", "2005-12-31": "164.26600"}, "Total Depreciation And Amortization - Cash Flow": {"2019-12-31": "274.79100", "2018-12-31": "262.40700", "2017-12-31": "236.71600", "2016-12-31": "220.31700", "2015-12-31": "212.36200", "2014-12-31": "196.29100", "2013-12-31": "185.23400", "2012-12-31": "178.89400", "2011-12-31": "167.67700", "2010-12-31": "169.29400", "2009-12-31": "155.93700", "2008-12-31": "116.73000", "2007-12-31": "78.94300", "2006-12-31": "64.93800", "2005-12-31": "57.22800"}, "Other Non-Cash Items": {"2019-12-31": "43.07900", "2018-12-31": "40.33600", "2017-12-31": "14.80800", "2016-12-31": "29.25300", "2015-12-31": "-0.75100", "2014-12-31": "-24.56800", "2013-12-31": "-7.17000", "2012-12-31": "-8.44300", "2011-12-31": "42.59000", "2010-12-31": "86.00400", "2009-12-31": "61.57900", "2008-12-31": "22.40100", "2007-12-31": "6.43600", "2006-12-31": "10.01200", "2005-12-31": "14.30600"}, "Total Non-Cash Items": {"2019-12-31": "317.87000", "2018-12-31": "302.74300", "2017-12-31": "251.52400", "2016-12-31": "249.57000", "2015-12-31": "211.61100", "2014-12-31": "171.72300", "2013-12-31": "178.06400", "2012-12-31": "170.45100", "2011-12-31": "210.26700", "2010-12-31": "255.29800", "2009-12-31": "217.51600", "2008-12-31": "139.13100", "2007-12-31": "85.37900", "2006-12-31": "74.95000", "2005-12-31": "71.53400"}, "Change In Accounts Receivable": {"2019-12-31": "-15.57700", "2018-12-31": "18.13800", "2017-12-31": "-27.74200", "2016-12-31": "-38.54800", "2015-12-31": "-23.85800", "2014-12-31": "-19.27100", "2013-12-31": "-16.93700", "2012-12-31": "4.40400", "2011-12-31": "-21.21900", "2010-12-31": "-21.74800", "2009-12-31": "-9.71400", "2008-12-31": "-7.43700", "2007-12-31": "-8.55500", "2006-12-31": "-9.42600", "2005-12-31": "-8.97400"}, "Change In Inventories": {"2019-12-31": "-239.91200", "2018-12-31": "-163.36700", "2017-12-31": "-231.80200", "2016-12-31": "-119.27000", "2015-12-31": "-76.22600", "2014-12-31": "-179.74200", "2013-12-31": "-96.87600", "2012-12-31": "-276.90400", "2011-12-31": "37.74000", "2010-12-31": "-110.27100", "2009-12-31": "-339.74200", "2008-12-31": "-142.33300", "2007-12-31": "-68.82300", "2006-12-31": "-91.42700", "2005-12-31": "-68.79400"}, "Change In Accounts Payable": {"2019-12-31": "213.42300", "2018-12-31": "177.67600", "2017-12-31": "253.26500", "2016-12-31": "322.42700", "2015-12-31": "191.06400", "2014-12-31": "360.64600", "2013-12-31": "127.17800", "2012-12-31": "645.70600", "2011-12-31": "383.63200", "2010-12-31": "82.57400", "2009-12-31": "79.82400", "2008-12-31": "50.41000", "2007-12-31": "62.27900", "2006-12-31": "25.73700", "2005-12-31": "43.15800"}, "Change In Assets/Liabilities": {"2019-12-31": "23.07900", "2018-12-31": "-2.31500", "2017-12-31": "-9.84400", "2016-12-31": "13.16900", "2015-12-31": "23.66200", "2014-12-31": "-0.68000", "2013-12-31": "6.36800", "2012-12-31": "30.22300", "2011-12-31": "", "2010-12-31": "37.35300", "2009-12-31": "25.38600", "2008-12-31": "24.36400", "2007-12-31": "30.14300", "2006-12-31": "1.81200", "2005-12-31": "3.51700"}, "Total Change In Assets/Liabilities": {"2019-12-31": "-7.96200", "2018-12-31": "90.43000", "2017-12-31": "6.56900", "2016-12-31": "217.01800", "2015-12-31": "195.82200", "2014-12-31": "234.93300", "2013-12-31": "52.26500", "2012-12-31": "487.89400", "2011-12-31": "392.75900", "2010-12-31": "22.12300", "2009-12-31": "-248.55300", "2008-12-31": "-35.04700", "2007-12-31": "15.04400", "2006-12-31": "-73.30400", "2005-12-31": "-31.09300"}, "Cash Flow From Operating Activities": {"2019-12-31": "1708.47900", "2018-12-31": "1727.55500", "2017-12-31": "1403.68700", "2016-12-31": "1510.71300", "2015-12-31": "1345.48800", "2014-12-31": "1190.43000", "2013-12-31": "908.02600", "2012-12-31": "1251.55500", "2011-12-31": "1118.99100", "2010-12-31": "703.68700", "2009-12-31": "285.20000", "2008-12-31": "298.54200", "2007-12-31": "299.41800", "2006-12-31": "185.92800", "2005-12-31": "206.68500"}, "Net Change In Property, Plant, And Equipment": {"2019-12-31": "-620.93900", "2018-12-31": "-499.48400", "2017-12-31": "-461.47600", "2016-12-31": "-471.22500", "2015-12-31": "-411.26200", "2014-12-31": "-427.10700", "2013-12-31": "-394.15000", "2012-12-31": "-297.67500", "2011-12-31": "-325.60400", "2010-12-31": "-363.29500", "2009-12-31": "-410.49100", "2008-12-31": "-340.43300", "2007-12-31": "-280.32800", "2006-12-31": "-227.99600", "2005-12-31": "-203.22400"}, "Net Change In Intangible Assets": {"2019-12-31": "", "2018-12-31": "", "2017-12-31": "", "2016-12-31": "", "2015-12-31": "", "2014-12-31": "", "2013-12-31": "", "2012-12-31": "", "2011-12-31": "", "2010-12-31": "", "2009-12-31": "", "2008-12-31": "", "2007-12-31": "", "2006-12-31": "", "2005-12-31": ""}, "Net Acquisitions/Divestitures": {"2019-12-31": "-142.02600", "2018-12-31": "-34.81800", "2017-12-31": "-2.74700", "2016-12-31": "", "2015-12-31": "", "2014-12-31": "", "2013-12-31": "", "2012-12-31": "", "2011-12-31": "", "2010-12-31": "", "2009-12-31": "", "2008-12-31": "-33.76700", "2007-12-31": "", "2006-12-31": "", "2005-12-31": "-63.14500"}, "Net Change In Short-term Investments": {"2019-12-31": "", "2018-12-31": "", "2017-12-31": "", "2016-12-31": "1.04700", "2015-12-31": "4.07400", "2014-12-31": "3.70500", "2013-12-31": "5.39600", "2012-12-31": "4.15700", "2011-12-31": "5.43500", "2010-12-31": "17.36400", "2009-12-31": "5.81900", "2008-12-31": "5.34200", "2007-12-31": "-16.52200", "2006-12-31": "5.17400", "2005-12-31": "3.93400"}, "Net Change In Long-Term Investments": {"2019-12-31": "", "2018-12-31": "", "2017-12-31": "", "2016-12-31": "", "2015-12-31": "", "2014-12-31": "", "2013-12-31": "", "2012-12-31": "", "2011-12-31": "", "2010-12-31": "", "2009-12-31": "", "2008-12-31": "", "2007-12-31": "", "2006-12-31": "", "2005-12-31": ""}, "Net Change In Investments - Total": {"2019-12-31": "", "2018-12-31": "", "2017-12-31": "", "2016-12-31": "1.04700", "2015-12-31": "4.07400", "2014-12-31": "3.70500", "2013-12-31": "5.39600", "2012-12-31": "4.15700", "2011-12-31": "5.43500", "2010-12-31": "17.36400", "2009-12-31": "5.81900", "2008-12-31": "5.34200", "2007-12-31": "-16.52200", "2006-12-31": "5.17400", "2005-12-31": "3.93400"}, "Investing Activities - Other": {"2019-12-31": "-33.78100", "2018-12-31": "", "2017-12-31": "", "2016-12-31": "-58.91800", "2015-12-31": "", "2014-12-31": "", "2013-12-31": "", "2012-12-31": "-23.88900", "2011-12-31": "0.51600", "2010-12-31": "-5.34600", "2009-12-31": "-5.98900", "2008-12-31": "1.26100", "2007-12-31": "-3.46800", "2006-12-31": "-2.37900", "2005-12-31": "-0.00100"}, "Cash Flow From Investing Activities": {"2019-12-31": "-796.74600", "2018-12-31": "-534.30200", "2017-12-31": "-464.22300", "2016-12-31": "-529.09600", "2015-12-31": "-407.18800", "2014-12-31": "-423.40200", "2013-12-31": "-388.75400", "2012-12-31": "-317.40700", "2011-12-31": "-319.65300", "2010-12-31": "-351.27700", "2009-12-31": "-410.66100", "2008-12-31": "-367.59700", "2007-12-31": "-300.31800", "2006-12-31": "-225.20100", "2005-12-31": "-262.43600"}, "Net Long-Term Debt": {"2019-12-31": "3207.95500", "2018-12-31": "2912.66000", "2017-12-31": "3849.80000", "2016-12-31": "499.16000", "2015-12-31": "-0.02500", "2014-12-31": "-0.07200", "2013-12-31": "299.75200", "2012-12-31": "297.94600", "2011-12-31": "836.92000", "2010-12-31": "440.17300", "2009-12-31": "650.90200", "2008-12-31": "390.31200", "2007-12-31": "-10.01000", "2006-12-31": "8.76100", "2005-12-31": "-0.60200"}, "Net Current Debt": {"2019-12-31": "-2734.00000", "2018-12-31": "-2473.00000", "2017-12-31": "-2755.00000", "2016-12-31": "", "2015-12-31": "", "2014-12-31": "", "2013-12-31": "", "2012-12-31": "", "2011-12-31": "-398.40000", "2010-12-31": "-871.50000", "2009-12-31": "-599.95000", "2008-12-31": "-311.05600", "2007-12-31": "", "2006-12-31": "", "2005-12-31": ""}, "Debt Issuance/Retirement Net - Total": {"2019-12-31": "473.95510", "2018-12-31": "439.65990", "2017-12-31": "1094.80000", "2016-12-31": "499.16000", "2015-12-31": "-0.02500", "2014-12-31": "-0.07200", "2013-12-31": "299.75200", "2012-12-31": "297.94600", "2011-12-31": "438.52010", "2010-12-31": "-431.32700", "2009-12-31": "50.95200", "2008-12-31": "79.25600", "2007-12-31": "-10.01000", "2006-12-31": "8.76100", "2005-12-31": "-0.60200"}, "Net Common Equity Issued/Repurchased": {"2019-12-31": "-1372.58500", "2018-12-31": "-1641.86700", "2017-12-31": "-2126.76800", "2016-12-31": "-1445.80300", "2015-12-31": "-1071.60000", "2014-12-31": "-796.86400", "2013-12-31": "-863.67800", "2012-12-31": "-1381.77300", "2011-12-31": "-919.07000", "2010-12-31": "63.11600", "2009-12-31": "59.50800", "2008-12-31": "22.99500", "2007-12-31": "21.72700", "2006-12-31": "20.49300", "2005-12-31": "18.70900"}, "Net Total Equity Issued/Repurchased": {"2019-12-31": "-1372.58500", "2018-12-31": "-1641.86700", "2017-12-31": "-2126.76800", "2016-12-31": "-1445.80300", "2015-12-31": "-1071.60000", "2014-12-31": "-796.86400", "2013-12-31": "-863.67800", "2012-12-31": "-1381.77300", "2011-12-31": "-919.07000", "2010-12-31": "63.11600", "2009-12-31": "59.50800", "2008-12-31": "22.99500", "2007-12-31": "21.72700", "2006-12-31": "20.49300", "2005-12-31": "18.70900"}, "Total Common And Preferred Stock Dividends Paid": {"2019-12-31": "", "2018-12-31": "", "2017-12-31": "", "2016-12-31": "", "2015-12-31": "", "2014-12-31": "", "2013-12-31": "", "2012-12-31": "", "2011-12-31": "", "2010-12-31": "", "2009-12-31": "", "2008-12-31": "", "2007-12-31": "", "2006-12-31": "", "2005-12-31": ""}, "Financial Activities - Other": {"2019-12-31": "-4.18100", "2018-12-31": "-6.07900", "2017-12-31": "-7.74600", "2016-12-31": "-4.67700", "2015-12-31": "-0.93400", "2014-12-31": "49.15000", "2013-12-31": "27.84400", "2012-12-31": "36.25500", "2011-12-31": "13.04300", "2010-12-31": "18.58700", "2009-12-31": "10.63500", "2008-12-31": "-49.45000", "2007-12-31": "6.83500", "2006-12-31": "8.53800", "2005-12-31": ""}, "Cash Flow From Financial Activities": {"2019-12-31": "-902.81100", "2018-12-31": "-1208.28600", "2017-12-31": "-1039.71400", "2016-12-31": "-951.32000", "2015-12-31": "-1072.55900", "2014-12-31": "-747.78600", "2013-12-31": "-536.08200", "2012-12-31": "-1047.57200", "2011-12-31": "-467.50700", "2010-12-31": "-349.62400", "2009-12-31": "121.09500", "2008-12-31": "52.80100", "2007-12-31": "18.55200", "2006-12-31": "37.79200", "2005-12-31": "18.10700"}, "Net Cash Flow": {"2019-12-31": "9.09100", "2018-12-31": "-15.03300", "2017-12-31": "-100.25000", "2016-12-31": "30.29700", "2015-12-31": "-134.25900", "2014-12-31": "19.24200", "2013-12-31": "-16.81000", "2012-12-31": "-113.42400", "2011-12-31": "331.83100", "2010-12-31": "2.78600", "2009-12-31": "-4.36600", "2008-12-31": "-16.25400", "2007-12-31": "17.65200", "2006-12-31": "-1.48100", "2005-12-31": "-37.64400"}, "Stock-Based Compensation": {"2019-12-31": "21.92100", "2018-12-31": "20.17600", "2017-12-31": "19.40100", "2016-12-31": "18.85900", "2015-12-31": "21.89900", "2014-12-31": "23.09500", "2013-12-31": "21.72200", "2012-12-31": "22.02600", "2011-12-31": "-10.17100", "2010-12-31": "16.97300", "2009-12-31": "21.41300", "2008-12-31": "13.55400", "2007-12-31": "12.77700", "2006-12-31": "11.02900", "2005-12-31": "7.84000"}, "Common Stock Dividends Paid": {"2019-12-31": "", "2018-12-31": "", "2017-12-31": "", "2016-12-31": "", "2015-12-31": "", "2014-12-31": "", "2013-12-31": "", "2012-12-31": "", "2011-12-31": "", "2010-12-31": "", "2009-12-31": "", "2008-12-31": "", "2007-12-31": "", "2006-12-31": "", "2005-12-31": ""}}, "cash flow statement, quarterly": {"Net Income/Loss": {"2020-09-30": 527.252, "2020-06-30": 531.667, "2020-03-31": "300.43800", "2019-12-31": 324.916, "2019-09-30": 391.293, "2019-06-30": 353.681, "2019-03-31": "321.15200", "2018-12-31": 300.357, "2018-09-30": 366.151, "2018-06-30": 353.073, "2018-03-31": "304.90600", "2017-12-31": 302.315, "2017-09-30": 283.734, "2017-06-30": 282.821, "2017-03-31": "264.93400", "2016-12-31": 246.03, "2016-09-30": 278.493, "2016-06-30": 257.794, "2016-03-31": "255.37400", "2015-12-31": 218.576, "2015-09-30": 266.268, "2015-06-30": 233.508, "2015-03-31": "212.86400", "2014-12-31": 181.678, "2014-09-30": 216.997, "2014-06-30": 205.647, "2014-03-31": "173.86000", "2013-12-31": 152.347, "2013-09-30": 186.489, "2013-06-30": 177.127, "2013-03-31": "154.32900", "2012-12-31": 132.802, "2012-09-30": 159.332, "2012-06-30": 146.12, "2012-03-31": "147.49200", "2011-12-31": 122.988, "2011-09-30": 148.439, "2011-06-30": 133.772, "2011-03-31": "102.47400", "2010-12-31": 105.76, "2010-09-30": 116.542, "2010-06-30": 99.595, "2010-03-31": "97.47600", "2009-12-31": 71.923, "2009-09-30": 87.225, "2009-06-30": 85.515, "2009-03-31": "62.83500", "2008-12-31": 186.232, "2008-09-30": 0, "2008-06-30": 0, "2008-03-31": "0.00000", "2007-12-31": 193.988, "2007-09-30": 0, "2007-06-30": 0, "2007-03-31": "0.00000", "2006-12-31": 178.085, "2006-09-30": 0, "2006-06-30": 0, "2006-03-31": "0.00000", "2005-12-31": 164.266, "2005-09-30": 0, "2005-06-30": 0, "2005-03-31": "0.00000"}, "Total Depreciation And Amortization - Cash Flow": {"2020-09-30": 80.785, "2020-06-30": 79.027, "2020-03-31": "74.99800", "2019-12-31": 71.511, "2019-09-30": 69.118, "2019-06-30": 69.28, "2019-03-31": "64.88200", "2018-12-31": 66.532, "2018-09-30": 63.434, "2018-06-30": 61.726, "2018-03-31": "70.71500", "2017-12-31": 61.138, "2017-09-30": 59.275, "2017-06-30": 58.653, "2017-03-31": "57.65000", "2016-12-31": 57.059, "2016-09-30": 55.655, "2016-06-30": 54.279, "2016-03-31": "53.32400", "2015-12-31": 52.719, "2015-09-30": 52.585, "2015-06-30": 51.583, "2015-03-31": "55.47500", "2014-12-31": 51.213, "2014-09-30": 49.033, "2014-06-30": 48.048, "2014-03-31": "47.99700", "2013-12-31": 47.637, "2013-09-30": 46.915, "2013-06-30": 46.007, "2013-03-31": "44.67500", "2012-12-31": 45.103, "2012-09-30": 44.724, "2012-06-30": 44.817, "2012-03-31": "44.25000", "2011-12-31": 43.564, "2011-09-30": 43.307, "2011-06-30": 41.676, "2011-03-31": "39.13000", "2010-12-31": 42.706, "2010-09-30": 42.745, "2010-06-30": 41.956, "2010-03-31": "41.88700", "2009-12-31": 39.008, "2009-09-30": 38.985, "2009-06-30": 39.946, "2009-03-31": "37.99800", "2008-12-31": 116.73, "2008-09-30": 0, "2008-06-30": 0, "2008-03-31": "", "2007-12-31": 78.943, "2007-09-30": 0, "2007-06-30": 0, "2007-03-31": "", "2006-12-31": 64.938, "2006-09-30": 0, "2006-06-30": 0, "2006-03-31": "", "2005-12-31": 57.228, "2005-09-30": 0, "2005-06-30": 0, "2005-03-31": ""}, "Other Non-Cash Items": {"2020-09-30": 22.844, "2020-06-30": 79.324, "2020-03-31": "-52.85700", "2019-12-31": 14.118, "2019-09-30": 9.582, "2019-06-30": 9.643, "2019-03-31": "9.73600", "2018-12-31": 7.958, "2018-09-30": 13.202, "2018-06-30": 9.63, "2018-03-31": "9.54600", "2017-12-31": -41.875, "2017-09-30": 38.281, "2017-06-30": 10.363, "2017-03-31": "8.03900", "2016-12-31": 10.443, "2016-09-30": 15.768, "2016-06-30": 1.186, "2016-03-31": "1.85600", "2015-12-31": 56.132, "2015-09-30": -19.914, "2015-06-30": -17.23, "2015-03-31": "-19.73900", "2014-12-31": 8.412, "2014-09-30": -8.582, "2014-06-30": -7.848, "2014-03-31": "-16.55000", "2013-12-31": -6.961, "2013-09-30": 7.378, "2013-06-30": 0.295, "2013-03-31": "-7.88200", "2012-12-31": -13.293, "2012-09-30": 13.276, "2012-06-30": -7.998, "2012-03-31": "-0.42800", "2011-12-31": 0.422, "2011-09-30": -3.339, "2011-06-30": 4.562, "2011-03-31": "40.94500", "2010-12-31": -0.856, "2010-09-30": 52.937, "2010-06-30": 13.297, "2010-03-31": "20.62600", "2009-12-31": -3.594, "2009-09-30": 42.202, "2009-06-30": 17.885, "2009-03-31": "5.08600", "2008-12-31": 22.401, "2008-09-30": 0, "2008-06-30": 0, "2008-03-31": "", "2007-12-31": 6.436, "2007-09-30": 0, "2007-06-30": 0, "2007-03-31": "", "2006-12-31": 10.012, "2006-09-30": 0, "2006-06-30": 0, "2006-03-31": "", "2005-12-31": 14.306, "2005-09-30": 0, "2005-06-30": 0, "2005-03-31": ""}, "Total Non-Cash Items": {"2020-09-30": 103.629, "2020-06-30": 158.351, "2020-03-31": "22.14100", "2019-12-31": 85.629, "2019-09-30": 78.7, "2019-06-30": 78.923, "2019-03-31": "74.61800", "2018-12-31": 74.49, "2018-09-30": 76.636, "2018-06-30": 71.356, "2018-03-31": "80.26100", "2017-12-31": 19.263, "2017-09-30": 97.556, "2017-06-30": 69.016, "2017-03-31": "65.68900", "2016-12-31": 67.502, "2016-09-30": 71.423, "2016-06-30": 55.465, "2016-03-31": "55.18000", "2015-12-31": 108.851, "2015-09-30": 32.671, "2015-06-30": 34.353, "2015-03-31": "35.73600", "2014-12-31": 59.625, "2014-09-30": 40.451, "2014-06-30": 40.2, "2014-03-31": "31.44700", "2013-12-31": 40.676, "2013-09-30": 54.293, "2013-06-30": 46.302, "2013-03-31": "36.79300", "2012-12-31": 31.81, "2012-09-30": 58, "2012-06-30": 36.819, "2012-03-31": "43.82200", "2011-12-31": 43.986, "2011-09-30": 39.968, "2011-06-30": 46.238, "2011-03-31": "80.07500", "2010-12-31": 41.85, "2010-09-30": 95.682, "2010-06-30": 55.253, "2010-03-31": "62.51300", "2009-12-31": 35.414, "2009-09-30": 81.187, "2009-06-30": 57.831, "2009-03-31": "43.08400", "2008-12-31": 139.131, "2008-09-30": 0, "2008-06-30": 0, "2008-03-31": "", "2007-12-31": 85.379, "2007-09-30": 0, "2007-06-30": 0, "2007-03-31": "", "2006-12-31": 74.95, "2006-09-30": 0, "2006-06-30": 0, "2006-03-31": "", "2005-12-31": 71.534, "2005-09-30": 0, "2005-06-30": 0, "2005-03-31": ""}, "Change In Accounts Receivable": {"2020-09-30": -0.004, "2020-06-30": -22.758, "2020-03-31": "-12.20800", "2019-12-31": 23.315, "2019-09-30": 36.086, "2019-06-30": -14.064, "2019-03-31": "-60.91400", "2018-12-31": 50.937, "2018-09-30": -3.249, "2018-06-30": -19.129, "2018-03-31": "-10.42100", "2017-12-31": 1.019, "2017-09-30": -17.964, "2017-06-30": -11.016, "2017-03-31": "0.21900", "2016-12-31": -3.236, "2016-09-30": -6.475, "2016-06-30": -9.631, "2016-03-31": "-19.20600", "2015-12-31": 0.653, "2015-09-30": 9.688, "2015-06-30": -14.332, "2015-03-31": "-19.86700", "2014-12-31": 6.896, "2014-09-30": 2.255, "2014-06-30": -15.406, "2014-03-31": "-13.01600", "2013-12-31": 7.552, "2013-09-30": 32.192, "2013-06-30": -24.837, "2013-03-31": "-31.84400", "2012-12-31": 27.152, "2012-09-30": -1.946, "2012-06-30": -9.442, "2012-03-31": "-11.36000", "2011-12-31": 0.898, "2011-09-30": -2.282, "2011-06-30": -10.332, "2011-03-31": "-9.50300", "2010-12-31": 2.001, "2010-09-30": 1.927, "2010-06-30": -8.252, "2010-03-31": "-17.42400", "2009-12-31": 2.267, "2009-09-30": 4.3, "2009-06-30": -9.694, "2009-03-31": "-6.58700", "2008-12-31": -7.437, "2008-09-30": 0, "2008-06-30": 0, "2008-03-31": "", "2007-12-31": -8.555, "2007-09-30": 0, "2007-06-30": 0, "2007-03-31": "", "2006-12-31": -9.426, "2006-09-30": 0, "2006-06-30": 0, "2006-03-31": "", "2005-12-31": -8.974, "2005-09-30": 0, "2005-06-30": 0, "2005-03-31": ""}, "Change In Inventories": {"2020-09-30": 1.847, "2020-06-30": 28.851, "2020-03-31": "-106.93700", "2019-12-31": -84.926, "2019-09-30": -85.883, "2019-06-30": -33.698, "2019-03-31": "-35.40500", "2018-12-31": -34.153, "2018-09-30": -47.6, "2018-06-30": -38.971, "2018-03-31": "-42.64300", "2017-12-31": -23.464, "2017-09-30": -28.472, "2017-06-30": -86.699, "2017-03-31": "-93.16700", "2016-12-31": 39.607, "2016-09-30": -48.862, "2016-06-30": -39.27, "2016-03-31": "-70.74500", "2015-12-31": -24.202, "2015-09-30": -45.838, "2015-06-30": -32.993, "2015-03-31": "26.80700", "2014-12-31": -36.862, "2014-09-30": -55.146, "2014-06-30": -65.74, "2014-03-31": "-21.99400", "2013-12-31": -8.67, "2013-09-30": -19.16, "2013-06-30": -49.531, "2013-03-31": "-19.51500", "2012-12-31": -55.198, "2012-09-30": -62.115, "2012-06-30": -140.422, "2012-03-31": "-19.16900", "2011-12-31": 23.658, "2011-09-30": 25.875, "2011-06-30": -33.968, "2011-03-31": "22.17500", "2010-12-31": -25.771, "2010-09-30": -65.239, "2010-06-30": -29.371, "2010-03-31": "10.11000", "2009-12-31": -57.168, "2009-09-30": -119.91, "2009-06-30": -106.629, "2009-03-31": "-56.03500", "2008-12-31": -142.333, "2008-09-30": 0, "2008-06-30": 0, "2008-03-31": "", "2007-12-31": -68.823, "2007-09-30": 0, "2007-06-30": 0, "2007-03-31": "", "2006-12-31": -91.427, "2006-09-30": 0, "2006-06-30": 0, "2006-03-31": "", "2005-12-31": -68.794, "2005-09-30": 0, "2005-06-30": 0, "2005-03-31": ""}, "Change In Accounts Payable": {"2020-09-30": 146.928, "2020-06-30": 177.919, "2020-03-31": "156.58400", "2019-12-31": -15.52, "2019-09-30": 90.421, "2019-06-30": 77.604, "2019-03-31": "60.91800", "2018-12-31": -16.393, "2018-09-30": 69.427, "2018-06-30": 91.886, "2018-03-31": "32.75600", "2017-12-31": 35.779, "2017-09-30": 62.362, "2017-06-30": 103.894, "2017-03-31": "51.23000", "2016-12-31": -68.422, "2016-09-30": 84.439, "2016-06-30": 132.032, "2016-03-31": "174.37800", "2015-12-31": -17.895, "2015-09-30": 90.155, "2015-06-30": 65.222, "2015-03-31": "53.58200", "2014-12-31": 8.113, "2014-09-30": 106.772, "2014-06-30": 141.385, "2014-03-31": "104.37600", "2013-12-31": -19.235, "2013-09-30": 16.666, "2013-06-30": 91.859, "2013-03-31": "37.88800", "2012-12-31": 61.617, "2012-09-30": 163.535, "2012-06-30": 230.52, "2012-03-31": "190.03400", "2011-12-31": 88.481, "2011-09-30": 75.605, "2011-06-30": 137.639, "2011-03-31": "81.90700", "2010-12-31": -42.335, "2010-09-30": 88.611, "2010-06-30": 59.807, "2010-03-31": "-23.50900", "2009-12-31": -70.484, "2009-09-30": 70.069, "2009-06-30": 58.203, "2009-03-31": "22.03600", "2008-12-31": 50.41, "2008-09-30": 0, "2008-06-30": 0, "2008-03-31": "", "2007-12-31": 62.279, "2007-09-30": 0, "2007-06-30": 0, "2007-03-31": "", "2006-12-31": 25.737, "2006-09-30": 0, "2006-06-30": 0, "2006-03-31": "", "2005-12-31": 43.158, "2005-09-30": 0, "2005-06-30": 0, "2005-03-31": ""}, "Change In Assets/Liabilities": {"2020-09-30": 97.003, "2020-06-30": 146.882, "2020-03-31": "-34.61300", "2019-12-31": -36.952, "2019-09-30": 39.286, "2019-06-30": 25.213, "2019-03-31": "-4.46800", "2018-12-31": -49.131, "2018-09-30": 25.749, "2018-06-30": 35.273, "2018-03-31": "-14.20600", "2017-12-31": -12.828, "2017-09-30": 3.608, "2017-06-30": 29.4, "2017-03-31": "-30.02400", "2016-12-31": 13.109, "2016-09-30": -9.478, "2016-06-30": 30.517, "2016-03-31": "-20.97900", "2015-12-31": -1.614, "2015-09-30": 3.469, "2015-06-30": 43.48, "2015-03-31": "-21.67300", "2014-12-31": -36.702, "2014-09-30": 3.386, "2014-06-30": 33.208, "2014-03-31": "-0.57200", "2013-12-31": -0.952, "2013-09-30": 13.419, "2013-06-30": 7.529, "2013-03-31": "-13.62800", "2012-12-31": 2.341, "2012-09-30": 2.072, "2012-06-30": 38.104, "2012-03-31": "-12.29400", "2011-12-31": 27.001, "2011-09-30": -4.566, "2011-06-30": -8.171, "2011-03-31": "-14.26400", "2010-12-31": -5.581, "2010-09-30": 19.779, "2010-06-30": 12, "2010-03-31": "11.15500", "2009-12-31": 17.567, "2009-09-30": 11.052, "2009-06-30": -21.373, "2009-03-31": "18.14000", "2008-12-31": 24.364, "2008-09-30": 0, "2008-06-30": 0, "2008-03-31": "", "2007-12-31": 30.143, "2007-09-30": 0, "2007-06-30": 0, "2007-03-31": "", "2006-12-31": 1.812, "2006-09-30": 0, "2006-06-30": 0, "2006-03-31": "", "2005-12-31": 3.517, "2005-09-30": 0, "2005-06-30": 0, "2005-03-31": ""}, "Total Change In Assets/Liabilities": {"2020-09-30": 158.5, "2020-06-30": 409.8, "2020-03-31": "134.77500", "2019-12-31": -193.441, "2019-09-30": 171.126, "2019-06-30": -28.254, "2019-03-31": "42.60700", "2018-12-31": 7.098, "2018-09-30": 22.348, "2018-06-30": 16.118, "2018-03-31": "44.86600", "2017-12-31": -8.926, "2017-09-30": -6.515, "2017-06-30": -22.257, "2017-03-31": "44.26700", "2016-12-31": -19.338, "2016-09-30": 34.09, "2016-06-30": 11.18, "2016-03-31": "191.08600", "2015-12-31": -47.306, "2015-09-30": 63.73, "2015-06-30": 23.328, "2015-03-31": "156.07000", "2014-12-31": -35.618, "2014-09-30": 68.898, "2014-06-30": 62.937, "2014-03-31": "138.71600", "2013-12-31": -7.615, "2013-09-30": 38.136, "2013-06-30": -12.016, "2013-03-31": "33.76000", "2012-12-31": 51.755, "2012-09-30": 123.009, "2012-06-30": 91.206, "2012-03-31": "221.92400", "2011-12-31": 110.64, "2011-09-30": 88.649, "2011-06-30": 84.964, "2011-03-31": "108.50600", "2010-12-31": -38.423, "2010-09-30": 22.701, "2010-06-30": 28.746, "2010-03-31": "9.09900", "2009-12-31": -112.125, "2009-09-30": -34.489, "2009-06-30": -79.493, "2009-03-31": "-22.44600", "2008-12-31": -35.047, "2008-09-30": 0, "2008-06-30": 0, "2008-03-31": "", "2007-12-31": 15.044, "2007-09-30": 0, "2007-06-30": 0, "2007-03-31": "", "2006-12-31": -73.304, "2006-09-30": 0, "2006-06-30": 0, "2006-03-31": "", "2005-12-31": -31.093, "2005-09-30": 0, "2005-06-30": 0, "2005-03-31": ""}, "Cash Flow From Operating Activities": {"2020-09-30": 790.051, "2020-06-30": 1099.985, "2020-03-31": "459.09300", "2019-12-31": 218.803, "2019-09-30": 642.672, "2019-06-30": 406.382, "2019-03-31": "440.62200", "2018-12-31": 385.536, "2018-09-30": 466.786, "2018-06-30": 442.956, "2018-03-31": "432.27700", "2017-12-31": 316.268, "2017-09-30": 376.912, "2017-06-30": 333.807, "2017-03-31": "376.70000", "2016-12-31": 296.454, "2016-09-30": 385.525, "2016-06-30": 325.613, "2016-03-31": "503.12100", "2015-12-31": 282.766, "2015-09-30": 364.269, "2015-06-30": 292.428, "2015-03-31": "406.02500", "2014-12-31": 207.476, "2014-09-30": 327.429, "2014-06-30": 309.976, "2014-03-31": "345.54900", "2013-12-31": 188.178, "2013-09-30": 280.436, "2013-06-30": 213.068, "2013-03-31": "226.34400", "2012-12-31": 218.429, "2012-09-30": 341.668, "2012-06-30": 276.93, "2012-03-31": "414.52800", "2011-12-31": 278.842, "2011-09-30": 278.681, "2011-06-30": 267.355, "2011-03-31": "294.11300", "2010-12-31": 111.124, "2010-09-30": 236.82, "2010-06-30": 185.097, "2010-03-31": "170.64600", "2009-12-31": -3.78, "2009-09-30": 136.217, "2009-06-30": 66.213, "2009-03-31": "86.55000", "2008-12-31": 9.245, "2008-09-30": 73.829, "2008-06-30": 96.614, "2008-03-31": "118.85400", "2007-12-31": 17.51, "2007-09-30": 89.978, "2007-06-30": 63.299, "2007-03-31": "128.63100", "2006-12-31": 26.133, "2006-09-30": 35.995, "2006-06-30": 66.868, "2006-03-31": "56.93200", "2005-12-31": 30.214, "2005-09-30": 57.719, "2005-06-30": 54.393, "2005-03-31": "64.35900"}, "Net Change In Property, Plant, And Equipment": {"2020-09-30": -112.11, "2020-06-30": -108.242, "2020-03-31": "-131.38300", "2019-12-31": -145.211, "2019-09-30": -183.258, "2019-06-30": -141.367, "2019-03-31": "-151.10300", "2018-12-31": -152.376, "2018-09-30": -125.927, "2018-06-30": -107.09, "2018-03-31": "-114.09100", "2017-12-31": -115.626, "2017-09-30": -119.096, "2017-06-30": -116.367, "2017-03-31": "-110.38700", "2016-12-31": -117.48, "2016-09-30": -135.3, "2016-06-30": -115.335, "2016-03-31": "-103.11000", "2015-12-31": -116.985, "2015-09-30": -109.354, "2015-06-30": -94.441, "2015-03-31": "-90.48200", "2014-12-31": -112.254, "2014-09-30": -120.713, "2014-06-30": -111.342, "2014-03-31": "-82.79800", "2013-12-31": -95.74, "2013-09-30": -122.511, "2013-06-30": -102.77, "2013-03-31": "-73.12900", "2012-12-31": -82.934, "2012-09-30": -65.485, "2012-06-30": -74.286, "2012-03-31": "-74.97000", "2011-12-31": -83.043, "2011-09-30": -92.533, "2011-06-30": -55.876, "2011-03-31": "-94.15200", "2010-12-31": -88.698, "2010-09-30": -94.031, "2010-06-30": -90.223, "2010-03-31": "-90.34300", "2009-12-31": -95.882, "2009-09-30": -84.802, "2009-06-30": -79.71, "2009-03-31": "-150.09700", "2008-12-31": -81.884, "2008-09-30": -134.762, "2008-06-30": -65.968, "2008-03-31": "-57.81900", "2007-12-31": -62.532, "2007-09-30": -78.627, "2007-06-30": -75.303, "2007-03-31": "-63.86600", "2006-12-31": -53.738, "2006-09-30": -55.287, "2006-06-30": -71.707, "2006-03-31": "-47.26400", "2005-12-31": -54.416, "2005-09-30": -46.979, "2005-06-30": -56.609, "2005-03-31": "-45.22000"}, "Net Change In Intangible Assets": {"2020-09-30": 0, "2020-06-30": 0, "2020-03-31": "", "2019-12-31": 0, "2019-09-30": 0, "2019-06-30": 0, "2019-03-31": "", "2018-12-31": 0, "2018-09-30": 0, "2018-06-30": 0, "2018-03-31": "", "2017-12-31": 0, "2017-09-30": 0, "2017-06-30": 0, "2017-03-31": "", "2016-12-31": 0, "2016-09-30": 0, "2016-06-30": 0, "2016-03-31": "", "2015-12-31": 0, "2015-09-30": 0, "2015-06-30": 0, "2015-03-31": "", "2014-12-31": 0, "2014-09-30": 0, "2014-06-30": 0, "2014-03-31": "", "2013-12-31": 0, "2013-09-30": 0, "2013-06-30": 0, "2013-03-31": "", "2012-12-31": 0, "2012-09-30": 0, "2012-06-30": 0, "2012-03-31": "", "2011-12-31": 0, "2011-09-30": 0, "2011-06-30": 0, "2011-03-31": "", "2010-12-31": 0, "2010-09-30": 0, "2010-06-30": 0, "2010-03-31": "", "2009-12-31": 0, "2009-09-30": 0, "2009-06-30": 0, "2009-03-31": "", "2008-12-31": 0, "2008-09-30": 0, "2008-06-30": 0, "2008-03-31": "", "2007-12-31": 0, "2007-09-30": 0, "2007-06-30": 0, "2007-03-31": "", "2006-12-31": 0, "2006-09-30": 0, "2006-06-30": 0, "2006-03-31": "", "2005-12-31": 0, "2005-09-30": 0, "2005-06-30": 0, "2005-03-31": ""}, "Net Acquisitions/Divestitures": {"2020-09-30": 0, "2020-06-30": 0, "2020-03-31": "", "2019-12-31": -142.026, "2019-09-30": 0, "2019-06-30": 0, "2019-03-31": "", "2018-12-31": -34.818, "2018-09-30": 0, "2018-06-30": 0, "2018-03-31": "", "2017-12-31": -2.747, "2017-09-30": 0, "2017-06-30": 0, "2017-03-31": "", "2016-12-31": 0, "2016-09-30": 0, "2016-06-30": 0, "2016-03-31": "", "2015-12-31": 0, "2015-09-30": 0, "2015-06-30": 0, "2015-03-31": "", "2014-12-31": 0, "2014-09-30": 0, "2014-06-30": 0, "2014-03-31": "", "2013-12-31": 0, "2013-09-30": 0, "2013-06-30": 0, "2013-03-31": "", "2012-12-31": 0, "2012-09-30": 0, "2012-06-30": 0, "2012-03-31": "", "2011-12-31": 0, "2011-09-30": 0, "2011-06-30": 0, "2011-03-31": "", "2010-12-31": 0, "2010-09-30": 0, "2010-06-30": 0, "2010-03-31": "", "2009-12-31": 0, "2009-09-30": 0, "2009-06-30": 0, "2009-03-31": "", "2008-12-31": -1.238, "2008-09-30": -32.529, "2008-06-30": 0, "2008-03-31": "", "2007-12-31": 0, "2007-09-30": 0, "2007-06-30": 0, "2007-03-31": "", "2006-12-31": 0, "2006-09-30": 0, "2006-06-30": 0, "2006-03-31": "", "2005-12-31": -0.236, "2005-09-30": 0, "2005-06-30": -62.909, "2005-03-31": ""}, "Net Change In Short-term Investments": {"2020-09-30": 0, "2020-06-30": 0, "2020-03-31": "", "2019-12-31": 0, "2019-09-30": 0, "2019-06-30": 0, "2019-03-31": "", "2018-12-31": 0, "2018-09-30": 0, "2018-06-30": 0, "2018-03-31": "", "2017-12-31": 0, "2017-09-30": 0, "2017-06-30": 0, "2017-03-31": "", "2016-12-31": 0, "2016-09-30": 0, "2016-06-30": 0, "2016-03-31": "1.04700", "2015-12-31": 1.046, "2015-09-30": 1.047, "2015-06-30": 1.046, "2015-03-31": "0.93500", "2014-12-31": 0.935, "2014-09-30": 0.935, "2014-06-30": 0.935, "2014-03-31": "0.90000", "2013-12-31": 1.491, "2013-09-30": 1.739, "2013-06-30": 1.137, "2013-03-31": "1.02900", "2012-12-31": 1.042, "2012-09-30": 1.015, "2012-06-30": 1.029, "2012-03-31": "1.07100", "2011-12-31": 1.072, "2011-09-30": 1.341, "2011-06-30": 1.343, "2011-03-31": "1.67900", "2010-12-31": 12.754, "2010-09-30": 1.934, "2010-06-30": 1.404, "2010-03-31": "1.27200", "2009-12-31": 1.575, "2009-09-30": 2.321, "2009-06-30": 0.591, "2009-03-31": "1.33200", "2008-12-31": 1.476, "2008-09-30": 1.422, "2008-06-30": 1.251, "2008-03-31": "1.19300", "2007-12-31": -20.379, "2007-09-30": 1.297, "2007-06-30": 1.428, "2007-03-31": "1.13200", "2006-12-31": 1.309, "2006-09-30": 1.524, "2006-06-30": 1.286, "2006-03-31": "1.05500", "2005-12-31": 1.14, "2005-09-30": 1.081, "2005-06-30": 7.404, "2005-03-31": "-5.69100"}, "Net Change In Long-Term Investments": {"2020-09-30": 0, "2020-06-30": 0, "2020-03-31": "", "2019-12-31": 0, "2019-09-30": 0, "2019-06-30": 0, "2019-03-31": "", "2018-12-31": 0, "2018-09-30": 0, "2018-06-30": 0, "2018-03-31": "", "2017-12-31": 0, "2017-09-30": 0, "2017-06-30": 0, "2017-03-31": "", "2016-12-31": 0, "2016-09-30": 0, "2016-06-30": 0, "2016-03-31": "", "2015-12-31": 0, "2015-09-30": 0, "2015-06-30": 0, "2015-03-31": "", "2014-12-31": 0, "2014-09-30": 0, "2014-06-30": 0, "2014-03-31": "", "2013-12-31": 0, "2013-09-30": 0, "2013-06-30": 0, "2013-03-31": "", "2012-12-31": 0, "2012-09-30": 0, "2012-06-30": 0, "2012-03-31": "", "2011-12-31": 0, "2011-09-30": 0, "2011-06-30": 0, "2011-03-31": "", "2010-12-31": 0, "2010-09-30": 0, "2010-06-30": 0, "2010-03-31": "", "2009-12-31": 0, "2009-09-30": 0, "2009-06-30": 0, "2009-03-31": "", "2008-12-31": 0, "2008-09-30": 0, "2008-06-30": 0, "2008-03-31": "", "2007-12-31": 0, "2007-09-30": 0, "2007-06-30": 0, "2007-03-31": "", "2006-12-31": 0, "2006-09-30": 0, "2006-06-30": 0, "2006-03-31": "", "2005-12-31": 0, "2005-09-30": 0, "2005-06-30": 0, "2005-03-31": ""}, "Net Change In Investments - Total": {"2020-09-30": 0, "2020-06-30": 0, "2020-03-31": "", "2019-12-31": 0, "2019-09-30": 0, "2019-06-30": 0, "2019-03-31": "", "2018-12-31": 0, "2018-09-30": 0, "2018-06-30": 0, "2018-03-31": "", "2017-12-31": 0, "2017-09-30": 0, "2017-06-30": 0, "2017-03-31": "", "2016-12-31": 0, "2016-09-30": 0, "2016-06-30": 0, "2016-03-31": "1.04700", "2015-12-31": 1.046, "2015-09-30": 1.047, "2015-06-30": 1.046, "2015-03-31": "0.93500", "2014-12-31": 0.935, "2014-09-30": 0.935, "2014-06-30": 0.935, "2014-03-31": "0.90000", "2013-12-31": 1.491, "2013-09-30": 1.739, "2013-06-30": 1.137, "2013-03-31": "1.02900", "2012-12-31": 1.042, "2012-09-30": 1.015, "2012-06-30": 1.029, "2012-03-31": "1.07100", "2011-12-31": 1.072, "2011-09-30": 1.341, "2011-06-30": 1.343, "2011-03-31": "1.67900", "2010-12-31": 12.754, "2010-09-30": 1.934, "2010-06-30": 1.404, "2010-03-31": "1.27200", "2009-12-31": 1.575, "2009-09-30": 2.321, "2009-06-30": 0.591, "2009-03-31": "1.33200", "2008-12-31": 1.476, "2008-09-30": 1.422, "2008-06-30": 1.251, "2008-03-31": "1.19300", "2007-12-31": -20.379, "2007-09-30": 1.297, "2007-06-30": 1.428, "2007-03-31": "1.13200", "2006-12-31": 1.309, "2006-09-30": 1.524, "2006-06-30": 1.286, "2006-03-31": "1.05500", "2005-12-31": 1.14, "2005-09-30": 1.081, "2005-06-30": 7.404, "2005-03-31": "-5.69100"}, "Investing Activities - Other": {"2020-09-30": -0.001, "2020-06-30": -0.344, "2020-03-31": "-95.25900", "2019-12-31": -16.454, "2019-09-30": -16.449, "2019-06-30": -0.583, "2019-03-31": "-0.29500", "2018-12-31": 0.716, "2018-09-30": -0.292, "2018-06-30": -0.049, "2018-03-31": "-0.37500", "2017-12-31": 2.072, "2017-09-30": -0.105, "2017-06-30": -1.331, "2017-03-31": "-0.63600", "2016-12-31": -58.918, "2016-09-30": 0, "2016-06-30": 0, "2016-03-31": "", "2015-12-31": 0, "2015-09-30": 0, "2015-06-30": 0, "2015-03-31": "", "2014-12-31": 0, "2014-09-30": 0, "2014-06-30": 0, "2014-03-31": "", "2013-12-31": 0, "2013-09-30": 0, "2013-06-30": 0, "2013-03-31": "", "2012-12-31": -23.889, "2012-09-30": 0, "2012-06-30": 0, "2012-03-31": "", "2011-12-31": 0.29, "2011-09-30": 0, "2011-06-30": -0.001, "2011-03-31": "0.22700", "2010-12-31": -0.618, "2010-09-30": -2.024, "2010-06-30": -1.518, "2010-03-31": "-1.18600", "2009-12-31": -1.523, "2009-09-30": -1.15, "2009-06-30": -1.489, "2009-03-31": "-1.82700", "2008-12-31": 2.811, "2008-09-30": 3.02, "2008-06-30": -4.618, "2008-03-31": "0.04800", "2007-12-31": -0.932, "2007-09-30": -0.441, "2007-06-30": -0.693, "2007-03-31": "-1.40200", "2006-12-31": -0.206, "2006-09-30": -1.365, "2006-06-30": -0.311, "2006-03-31": "-0.49700", "2005-12-31": -1.046, "2005-09-30": -0.343, "2005-06-30": -0.144, "2005-03-31": "1.53200"}, "Cash Flow From Investing Activities": {"2020-09-30": -112.111, "2020-06-30": -108.586, "2020-03-31": "-226.64200", "2019-12-31": -303.691, "2019-09-30": -199.707, "2019-06-30": -141.95, "2019-03-31": "-151.39800", "2018-12-31": -186.478, "2018-09-30": -126.219, "2018-06-30": -107.139, "2018-03-31": "-114.46600", "2017-12-31": -116.301, "2017-09-30": -119.201, "2017-06-30": -117.698, "2017-03-31": "-111.02300", "2016-12-31": -176.398, "2016-09-30": -135.3, "2016-06-30": -115.335, "2016-03-31": "-102.06300", "2015-12-31": -115.939, "2015-09-30": -108.307, "2015-06-30": -93.395, "2015-03-31": "-89.54700", "2014-12-31": -111.319, "2014-09-30": -119.778, "2014-06-30": -110.407, "2014-03-31": "-81.89800", "2013-12-31": -94.249, "2013-09-30": -120.772, "2013-06-30": -101.633, "2013-03-31": "-72.10000", "2012-12-31": -105.781, "2012-09-30": -64.47, "2012-06-30": -73.257, "2012-03-31": "-73.89900", "2011-12-31": -81.681, "2011-09-30": -91.192, "2011-06-30": -54.534, "2011-03-31": "-92.24600", "2010-12-31": -76.562, "2010-09-30": -94.121, "2010-06-30": -90.337, "2010-03-31": "-90.25700", "2009-12-31": -95.83, "2009-09-30": -83.631, "2009-06-30": -80.608, "2009-03-31": "-150.59200", "2008-12-31": -78.835, "2008-09-30": -162.849, "2008-06-30": -69.335, "2008-03-31": "-56.57800", "2007-12-31": -83.843, "2007-09-30": -77.771, "2007-06-30": -74.568, "2007-03-31": "-64.13600", "2006-12-31": -52.635, "2006-09-30": -55.128, "2006-06-30": -70.732, "2006-03-31": "-46.70600", "2005-12-31": -54.558, "2005-09-30": -46.241, "2005-06-30": -112.258, "2005-03-31": "-49.37900"}, "Net Long-Term Debt": {"2020-09-30": 497.72, "2020-06-30": 110, "2020-03-31": "1551.79500", "2019-12-31": 516, "2019-09-30": 563, "2019-06-30": 1254.955, "2019-03-31": "874.00000", "2018-12-31": 669, "2018-09-30": 316, "2018-06-30": 1172.66, "2018-03-31": "755.00000", "2017-12-31": 614, "2017-09-30": 2519.8, "2017-06-30": 234, "2017-03-31": "482.00000", "2016-12-31": 0, "2016-09-30": 0, "2016-06-30": 0, "2016-03-31": "499.16000", "2015-12-31": 0, "2015-09-30": 0, "2015-06-30": -0.006, "2015-03-31": "-0.01900", "2014-12-31": -0.018, "2014-09-30": -0.018, "2014-06-30": -0.018, "2014-03-31": "-0.01800", "2013-12-31": -0.017, "2013-09-30": -0.018, "2013-06-30": 299.932, "2013-03-31": "-0.14500", "2012-12-31": -0.193, "2012-09-30": 298.506, "2012-06-30": -0.182, "2012-03-31": "-0.18500", "2011-12-31": -0.295, "2011-09-30": 299.124, "2011-06-30": -0.385, "2011-03-31": "538.47600", "2010-12-31": 445.307, "2010-09-30": -0.641, "2010-06-30": -2.03, "2010-03-31": "-2.46300", "2009-12-31": 218.864, "2009-09-30": 99.443, "2009-06-30": 162.533, "2009-03-31": "170.06200", "2008-12-31": 378.442, "2008-09-30": 37.029, "2008-06-30": -25.08, "2008-03-31": "-0.07900", "2007-12-31": -0.078, "2007-09-30": -0.079, "2007-06-30": -0.077, "2007-03-31": "-9.77600", "2006-12-31": 9.624, "2006-09-30": -0.088, "2006-06-30": -0.59, "2006-03-31": "-0.18500", "2005-12-31": -0.151, "2005-09-30": -0.145, "2005-06-30": -0.157, "2005-03-31": "-0.14900"}, "Net Current Debt": {"2020-09-30": 0, "2020-06-30": -454, "2020-03-31": "-969.00000", "2019-12-31": -330, "2019-09-30": -644, "2019-06-30": -929, "2019-03-31": "-831.00000", "2018-12-31": -427, "2018-09-30": -396, "2018-06-30": -1109, "2018-03-31": "-541.00000", "2017-12-31": -537, "2017-09-30": -2218, "2017-06-30": 392, "2017-03-31": "-392.00000", "2016-12-31": 0, "2016-09-30": 0, "2016-06-30": 0, "2016-03-31": "", "2015-12-31": 0, "2015-09-30": 0, "2015-06-30": 0, "2015-03-31": "", "2014-12-31": 0, "2014-09-30": 0, "2014-06-30": 0, "2014-03-31": "", "2013-12-31": 0, "2013-09-30": 0, "2013-06-30": 0, "2013-03-31": "", "2012-12-31": 0, "2012-09-30": 0, "2012-06-30": 0, "2012-03-31": "", "2011-12-31": 0, "2011-09-30": 0, "2011-06-30": 0, "2011-03-31": "-398.40000", "2010-12-31": -517.7, "2010-09-30": -152.3, "2010-06-30": -115.9, "2010-03-31": "-85.60000", "2009-12-31": -131.6, "2009-09-30": -192.2, "2009-06-30": -163.852, "2009-03-31": "-112.29800", "2008-12-31": -267.933, "2008-09-30": -43.123, "2008-06-30": 0, "2008-03-31": "", "2007-12-31": 0, "2007-09-30": 0, "2007-06-30": 0, "2007-03-31": "", "2006-12-31": 0, "2006-09-30": 0, "2006-06-30": 0, "2006-03-31": "", "2005-12-31": 0, "2005-09-30": 0, "2005-06-30": 0, "2005-03-31": ""}, "Debt Issuance/Retirement Net - Total": {"2020-09-30": 497.7201, "2020-06-30": -344, "2020-03-31": "582.79500", "2019-12-31": 186, "2019-09-30": -81, "2019-06-30": 325.9551, "2019-03-31": "43.00000", "2018-12-31": 242, "2018-09-30": -80.0001, "2018-06-30": 63.66, "2018-03-31": "214.00000", "2017-12-31": 77, "2017-09-30": 301.8, "2017-06-30": 626, "2017-03-31": "90.00000", "2016-12-31": 0, "2016-09-30": 0, "2016-06-30": 0, "2016-03-31": "499.16000", "2015-12-31": 0, "2015-09-30": 0, "2015-06-30": -0.006, "2015-03-31": "-0.01900", "2014-12-31": -0.018, "2014-09-30": -0.018, "2014-06-30": -0.018, "2014-03-31": "-0.01800", "2013-12-31": -0.017, "2013-09-30": -0.018, "2013-06-30": 299.932, "2013-03-31": "-0.14500", "2012-12-31": -0.193, "2012-09-30": 298.506, "2012-06-30": -0.182, "2012-03-31": "-0.18500", "2011-12-31": -0.2949, "2011-09-30": 299.124, "2011-06-30": -0.385, "2011-03-31": "140.07600", "2010-12-31": -72.393, "2010-09-30": -152.941, "2010-06-30": -117.93, "2010-03-31": "-88.06300", "2009-12-31": 87.264, "2009-09-30": -92.757, "2009-06-30": -1.319, "2009-03-31": "57.76400", "2008-12-31": 110.509, "2008-09-30": -6.094, "2008-06-30": -25.08, "2008-03-31": "-0.07900", "2007-12-31": -0.078, "2007-09-30": -0.079, "2007-06-30": -0.077, "2007-03-31": "-9.77600", "2006-12-31": 9.624, "2006-09-30": -0.088, "2006-06-30": -0.59, "2006-03-31": "-0.18500", "2005-12-31": -0.151, "2005-09-30": -0.145, "2005-06-30": -0.157, "2005-03-31": "-0.14900"}, "Net Common Equity Issued/Repurchased": {"2020-09-30": -417.392, "2020-06-30": -61.182, "2020-03-31": "-564.25200", "2019-12-31": -103.679, "2019-09-30": -374.967, "2019-06-30": -587.307, "2019-03-31": "-306.63200", "2018-12-31": -449.762, "2018-09-30": -257.416, "2018-06-30": -397.211, "2018-03-31": "-537.47800", "2017-12-31": -267.806, "2017-09-30": -543.089, "2017-06-30": -841.293, "2017-03-31": "-474.58000", "2016-12-31": -533.433, "2016-09-30": -87.821, "2016-06-30": -527.967, "2016-03-31": "-296.58200", "2015-12-31": -275.749, "2015-09-30": -256.9, "2015-06-30": -424.39, "2015-03-31": "-114.56100", "2014-12-31": -160.716, "2014-09-30": -371.228, "2014-06-30": -263.95, "2014-03-31": "-0.97000", "2013-12-31": -231.218, "2013-09-30": -167.994, "2013-06-30": -256.861, "2013-03-31": "-207.60500", "2012-12-31": -295.378, "2012-09-30": -524.933, "2012-06-30": -423.878, "2012-03-31": "-137.58400", "2011-12-31": -120.311, "2011-09-30": -483.455, "2011-06-30": -178.925, "2011-03-31": "-136.37900", "2010-12-31": 17.527, "2010-09-30": 17.832, "2010-06-30": 18.921, "2010-03-31": "8.83600", "2009-12-31": 8.504, "2009-09-30": 24.587, "2009-06-30": 16.061, "2009-03-31": "10.35600", "2008-12-31": 6.554, "2008-09-30": 11.75, "2008-06-30": 1.705, "2008-03-31": "2.98600", "2007-12-31": 3.518, "2007-09-30": 4.38, "2007-06-30": 9.652, "2007-03-31": "4.17700", "2006-12-31": 4.436, "2006-09-30": 3.807, "2006-06-30": 3.526, "2006-03-31": "8.72400", "2005-12-31": 4.288, "2005-09-30": 3.806, "2005-06-30": 5.204, "2005-03-31": "5.41100"}, "Net Total Equity Issued/Repurchased": {"2020-09-30": -417.392, "2020-06-30": -61.182, "2020-03-31": "-564.25200", "2019-12-31": -103.679, "2019-09-30": -374.967, "2019-06-30": -587.307, "2019-03-31": "-306.63200", "2018-12-31": -449.762, "2018-09-30": -257.416, "2018-06-30": -397.211, "2018-03-31": "-537.47800", "2017-12-31": -267.806, "2017-09-30": -543.089, "2017-06-30": -841.293, "2017-03-31": "-474.58000", "2016-12-31": -533.433, "2016-09-30": -87.821, "2016-06-30": -527.967, "2016-03-31": "-296.58200", "2015-12-31": -275.749, "2015-09-30": -256.9, "2015-06-30": -424.39, "2015-03-31": "-114.56100", "2014-12-31": -160.716, "2014-09-30": -371.228, "2014-06-30": -263.95, "2014-03-31": "-0.97000", "2013-12-31": -231.218, "2013-09-30": -167.994, "2013-06-30": -256.861, "2013-03-31": "-207.60500", "2012-12-31": -295.378, "2012-09-30": -524.933, "2012-06-30": -423.878, "2012-03-31": "-137.58400", "2011-12-31": -120.311, "2011-09-30": -483.455, "2011-06-30": -178.925, "2011-03-31": "-136.37900", "2010-12-31": 17.527, "2010-09-30": 17.832, "2010-06-30": 18.921, "2010-03-31": "8.83600", "2009-12-31": 8.504, "2009-09-30": 24.587, "2009-06-30": 16.061, "2009-03-31": "10.35600", "2008-12-31": 6.554, "2008-09-30": 11.75, "2008-06-30": 1.705, "2008-03-31": "2.98600", "2007-12-31": 3.518, "2007-09-30": 4.38, "2007-06-30": 9.652, "2007-03-31": "4.17700", "2006-12-31": 4.436, "2006-09-30": 3.807, "2006-06-30": 3.526, "2006-03-31": "8.72400", "2005-12-31": 4.288, "2005-09-30": 3.806, "2005-06-30": 5.204, "2005-03-31": "5.41100"}, "Total Common And Preferred Stock Dividends Paid": {"2020-09-30": 0, "2020-06-30": 0, "2020-03-31": "", "2019-12-31": 0, "2019-09-30": 0, "2019-06-30": 0, "2019-03-31": "", "2018-12-31": 0, "2018-09-30": 0, "2018-06-30": 0, "2018-03-31": "", "2017-12-31": 0, "2017-09-30": 0, "2017-06-30": 0, "2017-03-31": "", "2016-12-31": 0, "2016-09-30": 0, "2016-06-30": 0, "2016-03-31": "", "2015-12-31": 0, "2015-09-30": 0, "2015-06-30": 0, "2015-03-31": "", "2014-12-31": 0, "2014-09-30": 0, "2014-06-30": 0, "2014-03-31": "", "2013-12-31": 0, "2013-09-30": 0, "2013-06-30": 0, "2013-03-31": "", "2012-12-31": 0, "2012-09-30": 0, "2012-06-30": 0, "2012-03-31": "", "2011-12-31": 0, "2011-09-30": 0, "2011-06-30": 0, "2011-03-31": "", "2010-12-31": 0, "2010-09-30": 0, "2010-06-30": 0, "2010-03-31": "", "2009-12-31": 0, "2009-09-30": 0, "2009-06-30": 0, "2009-03-31": "", "2008-12-31": 0, "2008-09-30": 0, "2008-06-30": 0, "2008-03-31": "", "2007-12-31": 0, "2007-09-30": 0, "2007-06-30": 0, "2007-03-31": "", "2006-12-31": 0, "2006-09-30": 0, "2006-06-30": 0, "2006-03-31": "", "2005-12-31": 0, "2005-09-30": 0, "2005-06-30": 0, "2005-03-31": ""}, "Financial Activities - Other": {"2020-09-30": -3.939, "2020-06-30": -0.85, "2020-03-31": "-3.24300", "2019-12-31": 0, "2019-09-30": -0.003, "2019-06-30": -3.988, "2019-03-31": "-0.19000", "2018-12-31": 0, "2018-09-30": 0, "2018-06-30": -3.923, "2018-03-31": "-2.15600", "2017-12-31": -0.1, "2017-09-30": -5.663, "2017-06-30": -1.827, "2017-03-31": "-0.15600", "2016-12-31": -0.345, "2016-09-30": -0.343, "2016-06-30": -0.06, "2016-03-31": "-3.92900", "2015-12-31": -51.693, "2015-09-30": 17.812, "2015-06-30": 11.759, "2015-03-31": "21.18800", "2014-12-31": 16.854, "2014-09-30": 8.447, "2014-06-30": 5.999, "2014-03-31": "17.85000", "2013-12-31": 5.616, "2013-09-30": 5.426, "2013-06-30": 6.014, "2013-03-31": "10.78800", "2012-12-31": 8.346, "2012-09-30": 4.217, "2012-06-30": 12.908, "2012-03-31": "10.78400", "2011-12-31": 8.28, "2011-09-30": 4.767, "2011-06-30": 5.233, "2011-03-31": "-5.23700", "2010-12-31": 6.832, "2010-09-30": 3.992, "2010-06-30": 5.988, "2010-03-31": "1.77500", "2009-12-31": 1.242, "2009-09-30": 4.095, "2009-06-30": 3.273, "2009-03-31": "2.02500", "2008-12-31": -42.582, "2008-09-30": -7.44, "2008-06-30": 0.023, "2008-03-31": "0.54900", "2007-12-31": 0.665, "2007-09-30": 0.791, "2007-06-30": 3.961, "2007-03-31": "1.41800", "2006-12-31": 1.522, "2006-09-30": 0.99, "2006-06-30": 0.885, "2006-03-31": "5.14100", "2005-12-31": 0, "2005-09-30": 0, "2005-06-30": 0, "2005-03-31": ""}, "Cash Flow From Financial Activities": {"2020-09-30": 76.389, "2020-06-30": -406.032, "2020-03-31": "15.30000", "2019-12-31": 82.321, "2019-09-30": -455.97, "2019-06-30": -265.34, "2019-03-31": "-263.82200", "2018-12-31": -207.762, "2018-09-30": -337.416, "2018-06-30": -337.474, "2018-03-31": "-325.63400", "2017-12-31": -190.906, "2017-09-30": -246.952, "2017-06-30": -217.12, "2017-03-31": "-384.73600", "2016-12-31": -533.778, "2016-09-30": -88.164, "2016-06-30": -528.027, "2016-03-31": "198.64900", "2015-12-31": -327.442, "2015-09-30": -239.088, "2015-06-30": -412.637, "2015-03-31": "-93.39200", "2014-12-31": -143.88, "2014-09-30": -362.799, "2014-06-30": -257.969, "2014-03-31": "16.86200", "2013-12-31": -225.619, "2013-09-30": -162.586, "2013-06-30": 49.085, "2013-03-31": "-196.96200", "2012-12-31": -287.225, "2012-09-30": -222.21, "2012-06-30": -411.152, "2012-03-31": "-126.98500", "2011-12-31": -112.326, "2011-09-30": -179.564, "2011-06-30": -174.077, "2011-03-31": "-1.54000", "2010-12-31": -48.034, "2010-09-30": -131.117, "2010-06-30": -93.021, "2010-03-31": "-77.45200", "2009-12-31": 97.01, "2009-09-30": -64.075, "2009-06-30": 18.015, "2009-03-31": "70.14500", "2008-12-31": 74.481, "2008-09-30": -1.784, "2008-06-30": -23.352, "2008-03-31": "3.45600", "2007-12-31": 4.105, "2007-09-30": 5.092, "2007-06-30": 13.536, "2007-03-31": "-4.18100", "2006-12-31": 15.582, "2006-09-30": 4.709, "2006-06-30": 3.821, "2006-03-31": "13.68000", "2005-12-31": 4.137, "2005-09-30": 3.661, "2005-06-30": 5.047, "2005-03-31": "5.26200"}, "Net Cash Flow": {"2020-09-30": 754.675, "2020-06-30": 585.356, "2020-03-31": "246.66100", "2019-12-31": -2.398, "2019-09-30": -13.005, "2019-06-30": -0.908, "2019-03-31": "25.40200", "2018-12-31": -8.704, "2018-09-30": 3.151, "2018-06-30": -1.657, "2018-03-31": "-7.82300", "2017-12-31": 9.061, "2017-09-30": 10.759, "2017-06-30": -1.011, "2017-03-31": "-119.05900", "2016-12-31": -413.722, "2016-09-30": 162.061, "2016-06-30": -317.749, "2016-03-31": "599.70700", "2015-12-31": -160.615, "2015-09-30": 16.874, "2015-06-30": -213.604, "2015-03-31": "223.08600", "2014-12-31": -47.723, "2014-09-30": -155.148, "2014-06-30": -58.4, "2014-03-31": "280.51300", "2013-12-31": -131.69, "2013-09-30": -2.922, "2013-06-30": 160.52, "2013-03-31": "-42.71800", "2012-12-31": -174.577, "2012-09-30": 54.988, "2012-06-30": -207.479, "2012-03-31": "213.64400", "2011-12-31": 84.835, "2011-09-30": 7.925, "2011-06-30": 38.744, "2011-03-31": "200.32700", "2010-12-31": -13.472, "2010-09-30": 11.582, "2010-06-30": 1.739, "2010-03-31": "2.93700", "2009-12-31": -2.6, "2009-09-30": -11.489, "2009-06-30": 3.62, "2009-03-31": "6.10300", "2008-12-31": 4.891, "2008-09-30": -90.804, "2008-06-30": 3.927, "2008-03-31": "65.73200", "2007-12-31": -62.228, "2007-09-30": 17.299, "2007-06-30": 2.267, "2007-03-31": "60.31400", "2006-12-31": -10.92, "2006-09-30": -14.424, "2006-06-30": -0.043, "2006-03-31": "23.90600", "2005-12-31": -20.207, "2005-09-30": 15.139, "2005-06-30": -52.818, "2005-03-31": "20.24200"}, "Stock-Based Compensation": {"2020-09-30": 5.582, "2020-06-30": 5.605, "2020-03-31": "5.87500", "2019-12-31": 5.343, "2019-09-30": 5.563, "2019-06-30": 5.591, "2019-03-31": "5.42400", "2018-12-31": 5.032, "2018-09-30": 4.992, "2018-06-30": 4.976, "2018-03-31": "5.17600", "2017-12-31": 4.566, "2017-09-30": 4.482, "2017-06-30": 4.925, "2017-03-31": "5.42800", "2016-12-31": 4.488, "2016-09-30": 4.518, "2016-06-30": 4.675, "2016-03-31": "5.17800", "2015-12-31": 5.243, "2015-09-30": 5.352, "2015-06-30": 5.414, "2015-03-31": "5.89000", "2014-12-31": 5.671, "2014-09-30": 5.287, "2014-06-30": 7.041, "2014-03-31": "5.09600", "2013-12-31": 5.237, "2013-09-30": 5.311, "2013-06-30": 5.577, "2013-03-31": "5.59700", "2012-12-31": 5.45, "2012-09-30": 5.685, "2012-06-30": 5.667, "2012-03-31": "5.22400", "2011-12-31": -26.056, "2011-09-30": 5.352, "2011-06-30": 5.397, "2011-03-31": "5.13600", "2010-12-31": 4.181, "2010-09-30": 4.354, "2010-06-30": 4.324, "2010-03-31": "4.11400", "2009-12-31": 3.698, "2009-09-30": 6.092, "2009-06-30": 5.857, "2009-03-31": "5.76600", "2008-12-31": 13.554, "2008-09-30": 0, "2008-06-30": 0, "2008-03-31": "", "2007-12-31": 12.777, "2007-09-30": 0, "2007-06-30": 0, "2007-03-31": "", "2006-12-31": 11.029, "2006-09-30": 0, "2006-06-30": 0, "2006-03-31": "", "2005-12-31": 7.84, "2005-09-30": 0, "2005-06-30": 0, "2005-03-31": ""}, "Common Stock Dividends Paid": {"2020-09-30": 0, "2020-06-30": 0, "2020-03-31": "", "2019-12-31": 0, "2019-09-30": 0, "2019-06-30": 0, "2019-03-31": "", "2018-12-31": 0, "2018-09-30": 0, "2018-06-30": 0, "2018-03-31": "", "2017-12-31": 0, "2017-09-30": 0, "2017-06-30": 0, "2017-03-31": "", "2016-12-31": 0, "2016-09-30": 0, "2016-06-30": 0, "2016-03-31": "", "2015-12-31": 0, "2015-09-30": 0, "2015-06-30": 0, "2015-03-31": "", "2014-12-31": 0, "2014-09-30": 0, "2014-06-30": 0, "2014-03-31": "", "2013-12-31": 0, "2013-09-30": 0, "2013-06-30": 0, "2013-03-31": "", "2012-12-31": 0, "2012-09-30": 0, "2012-06-30": 0, "2012-03-31": "", "2011-12-31": 0, "2011-09-30": 0, "2011-06-30": 0, "2011-03-31": "", "2010-12-31": 0, "2010-09-30": 0, "2010-06-30": 0, "2010-03-31": "", "2009-12-31": 0, "2009-09-30": 0, "2009-06-30": 0, "2009-03-31": "", "2008-12-31": 0, "2008-09-30": 0, "2008-06-30": 0, "2008-03-31": "", "2007-12-31": 0, "2007-09-30": 0, "2007-06-30": 0, "2007-03-31": "", "2006-12-31": 0, "2006-09-30": 0, "2006-06-30": 0, "2006-03-31": "", "2005-12-31": 0, "2005-09-30": 0, "2005-06-30": 0, "2005-03-31": ""}}, "financial ratios": {"Current Ratio": {"2019-12-31": "0.85780", "2018-12-31": "0.90990", "2017-12-31": "0.93150", "2016-12-31": "0.95800", "2015-12-31": "0.98810", "2014-12-31": "1.08960", "2013-12-31": "1.17010", "2012-12-31": "1.20240", "2011-12-31": "1.65040", "2010-12-31": "1.87250", "2009-12-31": "1.82650", "2008-12-31": "1.78020", "2007-12-31": "2.08380", "2006-12-31": "2.30690", "2005-12-31": "1.87500"}, "Long-term Debt / Capital": {"2019-12-31": "0.90730", "2018-12-31": "0.90620", "2017-12-31": "0.82020", "2016-12-31": "0.53700", "2015-12-31": "0.41480", "2014-12-31": "0.40750", "2013-12-31": "0.41520", "2012-12-31": "0.34200", "2011-12-31": "0.21880", "2010-12-31": "0.10020", "2009-12-31": "0.20300", "2008-12-31": "0.24100", "2007-12-31": "0.04510", "2006-12-31": "0.07470", "2005-12-31": "0.02170"}, "Debt/Equity Ratio": {"2019-12-31": "9.79140", "2018-12-31": "9.66200", "2017-12-31": "4.56080", "2016-12-31": "1.15970", "2015-12-31": "0.70870", "2014-12-31": "0.68790", "2013-12-31": "0.71010", "2012-12-31": "0.51980", "2011-12-31": "0.28040", "2010-12-31": "0.11180", "2009-12-31": "0.29440", "2008-12-31": "0.32100", "2007-12-31": "0.06310", "2006-12-31": "0.08100", "2005-12-31": "0.08800"}, "Gross Margin": {"2019-12-31": "53.14970", "2018-12-31": "52.84960", "2017-12-31": "52.58220", "2016-12-31": "52.47250", "2015-12-31": "52.25070", "2014-12-31": "51.39770", "2013-12-31": "50.66750", "2012-12-31": "50.10230", "2011-12-31": "49.01430", "2010-12-31": "48.55910", "2009-12-31": "47.99870", "2008-12-31": "45.51660", "2007-12-31": "44.42180", "2006-12-31": "44.09170", "2005-12-31": "43.63640"}, "Operating Margin": {"2019-12-31": "18.92340", "2018-12-31": "19.03420", "2017-12-31": "19.21870", "2016-12-31": "19.77410", "2015-12-31": "19.00440", "2014-12-31": "17.60480", "2013-12-31": "16.59570", "2012-12-31": "15.80980", "2011-12-31": "14.97310", "2010-12-31": "13.20560", "2009-12-31": "11.09170", "2008-12-31": "9.38380", "2007-12-31": "12.09800", "2006-12-31": "12.36480", "2005-12-31": "12.34640"}, "EBIT Margin": {"2019-12-31": "18.92340", "2018-12-31": "19.03420", "2017-12-31": "19.21870", "2016-12-31": "19.77410", "2015-12-31": "19.00440", "2014-12-31": "17.60480", "2013-12-31": "16.59570", "2012-12-31": "15.80980", "2011-12-31": "14.97310", "2010-12-31": "13.20560", "2009-12-31": "11.09170", "2008-12-31": "9.38380", "2007-12-31": "12.09800", "2006-12-31": "12.36480", "2005-12-31": "12.34640"}, "EBITDA Margin": {"2019-12-31": "21.63080", "2018-12-31": "21.78580", "2017-12-31": "21.85540", "2016-12-31": "22.33800", "2015-12-31": "21.67010", "2014-12-31": "20.32500", "2013-12-31": "19.38150", "2012-12-31": "18.70350", "2011-12-31": "17.86970", "2010-12-31": "16.34210", "2009-12-31": "14.30880", "2008-12-31": "12.64760", "2007-12-31": "15.22780", "2006-12-31": "15.20890", "2005-12-31": "15.14450"}, "Pre-Tax Profit Margin": {"2019-12-31": "17.63870", "2018-12-31": "17.76440", "2017-12-31": "18.24300", "2016-12-31": "19.05240", "2015-12-31": "18.33090", "2014-12-31": "16.93690", "2013-12-31": "15.92580", "2012-12-31": "15.22960", "2011-12-31": "14.09220", "2010-12-31": "12.77200", "2009-12-31": "10.25150", "2008-12-31": "8.45880", "2007-12-31": "12.19070", "2006-12-31": "12.36260", "2005-12-31": "12.27530"}, "Net Profit Margin": {"2019-12-31": "13.70490", "2018-12-31": "13.88870", "2017-12-31": "12.62910", "2016-12-31": "12.07590", "2015-12-31": "11.68890", "2014-12-31": "10.78400", "2013-12-31": "10.08070", "2012-12-31": "9.47470", "2011-12-31": "8.76990", "2010-12-31": "7.76970", "2009-12-31": "6.34400", "2008-12-31": "5.20700", "2007-12-31": "7.69090", "2006-12-31": "7.79970", "2005-12-31": "8.03130"}, "Asset Turnover": {"2019-12-31": "0.94710", "2018-12-31": "1.19490", "2017-12-31": "1.18570", "2016-12-31": "1.19280", "2015-12-31": "1.19320", "2014-12-31": "1.10470", "2013-12-31": "1.09590", "2012-12-31": "1.07530", "2011-12-31": "1.05240", "2010-12-31": "1.06930", "2009-12-31": "1.01370", "2008-12-31": "0.85290", "2007-12-31": "1.10640", "2006-12-31": "1.15460", "2005-12-31": "1.18990"}, "Inventory Turnover Ratio": {"2019-12-31": "1.37670", "2018-12-31": "1.40810", "2017-12-31": "1.41440", "2016-12-31": "1.46960", "2015-12-31": "1.44580", "2014-12-31": "1.37280", "2013-12-31": "1.38110", "2012-12-31": "1.35510", "2011-12-31": "1.48630", "2010-12-31": "1.37220", "2009-12-31": "1.31740", "2008-12-31": "1.24110", "2007-12-31": "1.58980", "2006-12-31": "1.57020", "2005-12-31": "1.58930"}, "Receiveable Turnover": {"2019-12-31": "34.47600", "2018-12-31": "35.29640", "2017-12-31": "30.69440", "2016-12-31": "30.75780", "2015-12-31": "34.09120", "2014-12-31": "33.84480", "2013-12-31": "33.56120", "2012-12-31": "34.12290", "2011-12-31": "28.41100", "2010-12-31": "29.39000", "2009-12-31": "28.34590", "2008-12-31": "21.57010", "2007-12-31": "19.03570", "2006-12-31": "17.72170", "2005-12-31": "15.60440"}, "Days Sales In Receivables": {"2019-12-31": "10.58710", "2018-12-31": "10.34100", "2017-12-31": "11.89140", "2016-12-31": "11.86690", "2015-12-31": "10.70660", "2014-12-31": "10.78450", "2013-12-31": "10.87570", "2012-12-31": "10.69660", "2011-12-31": "12.84720", "2010-12-31": "12.41920", "2009-12-31": "12.87670", "2008-12-31": "16.92160", "2007-12-31": "19.17460", "2006-12-31": "20.59630", "2005-12-31": "23.39080"}, "ROE - Return On Equity": {"2019-12-31": "350.08860", "2018-12-31": "374.50110", "2017-12-31": "173.61780", "2016-12-31": "63.77410", "2015-12-31": "47.47920", "2014-12-31": "38.55410", "2013-12-31": "34.08860", "2012-12-31": "27.78280", "2011-12-31": "17.84530", "2010-12-31": "13.06590", "2009-12-31": "11.44880", "2008-12-31": "8.16010", "2007-12-31": "12.18150", "2006-12-31": "13.05520", "2005-12-31": "14.33680"}, "Return On Tangible Equity": {"2019-12-31": "-257.85150", "2018-12-31": "-291.99900", "2017-12-31": "-833.60530", "2016-12-31": "123.27980", "2015-12-31": "77.33250", "2014-12-31": "61.66090", "2013-12-31": "55.39170", "2012-12-31": "43.39190", "2011-12-31": "24.16400", "2010-12-31": "17.00820", "2009-12-31": "15.83770", "2008-12-31": "11.92490", "2007-12-31": "12.58000", "2006-12-31": "13.54230", "2005-12-31": "14.33680"}, "ROA - Return On Assets": {"2019-12-31": "12.97960", "2018-12-31": "16.59590", "2017-12-31": "14.97390", "2016-12-31": "14.40400", "2015-12-31": "13.94730", "2014-12-31": "11.91320", "2013-12-31": "11.04780", "2012-12-31": "10.18830", "2011-12-31": "9.22960", "2010-12-31": "8.30800", "2009-12-31": "6.43100", "2008-12-31": "4.44120", "2007-12-31": "8.50920", "2006-12-31": "9.00560", "2005-12-31": "9.55650"}, "ROI - Return On Investment": {"2019-12-31": "32.44140", "2018-12-31": "35.12490", "2017-12-31": "31.22190", "2016-12-31": "29.52890", "2015-12-31": "27.78640", "2014-12-31": "22.84190", "2013-12-31": "19.93460", "2012-12-31": "18.28150", "2011-12-31": "13.94030", "2010-12-31": "11.75720", "2009-12-31": "9.12480", "2008-12-31": "6.19370", "2007-12-31": "11.63260", "2006-12-31": "12.07960", "2005-12-31": "14.02510"}, "Book Value Per Share": {"2019-12-31": "5.25450", "2018-12-31": "4.47430", "2017-12-31": "7.74650", "2016-12-31": "17.52400", "2015-12-31": "20.06730", "2014-12-31": "19.86570", "2013-12-31": "18.56070", "2012-12-31": "18.66370", "2011-12-31": "22.36870", "2010-12-31": "22.75950", "2009-12-31": "19.53810", "2008-12-31": "16.92680", "2007-12-31": "13.81630", "2006-12-31": "11.97320", "2005-12-31": "10.19470"}, "Operating Cash Flow Per Share": {"2019-12-31": 0.9672, "2018-12-31": 5.3128, "2017-12-31": 0.0638, "2016-12-31": 2.3653, "2015-12-31": 2.0281, "2014-12-31": 3.0531, "2013-12-31": -1.9763, "2012-12-31": 1.9805, "2011-12-31": 3.213, "2010-12-31": 2.8874, "2009-12-31": -0.3121, "2008-12-31": -0.1989, "2007-12-31": 0.9643, "2006-12-31": -0.2078, "2005-12-31": 1.8229}, "Free Cash Flow Per Share": {"2019-12-31": -0.9447, "2018-12-31": 4.3982, "2017-12-31": -0.2201, "2016-12-31": 1.5445, "2015-12-31": 2.0045, "2014-12-31": 2.5731, "2013-12-31": -3.1101, "2012-12-31": 1.9435, "2011-12-31": 3.3946, "2010-12-31": 3.306, "2009-12-31": -0.5747, "2008-12-31": -0.4985, "2007-12-31": 0.5299, "2006-12-31": -0.3959, "2005-12-31": 0.0305}}, "financial ratios, quarterly": {"Current Ratio": {"2020-09-30": "0.97600", "2020-06-30": "0.95270", "2020-03-31": "0.90850", "2019-12-31": "0.85780", "2019-09-30": "0.81310", "2019-06-30": "0.84870", "2019-03-31": "0.84360", "2018-12-31": "0.90990", "2018-09-30": "0.91160", "2018-06-30": "0.91670", "2018-03-31": "0.91950", "2017-12-31": "0.93150", "2017-09-30": "0.92560", "2017-06-30": "0.92250", "2017-03-31": "0.91440", "2016-12-31": "0.95800", "2016-09-30": "1.05900", "2016-06-30": "1.02120", "2016-03-31": "1.11640", "2015-12-31": "0.98810", "2015-09-30": "1.01730", "2015-06-30": "1.03400", "2015-03-31": "1.10900", "2014-12-31": "1.08960", "2014-09-30": "1.07900", "2014-06-30": "1.16310", "2014-03-31": "1.21690", "2013-12-31": "1.17010", "2013-09-30": "1.22010", "2013-06-30": "1.23650", "2013-03-31": "1.16690", "2012-12-31": "1.20240", "2012-09-30": "1.31310", "2012-06-30": "1.37310", "2012-03-31": "1.57100", "2011-12-31": "1.65040", "2011-09-30": "1.68420", "2011-06-30": "1.75150", "2011-03-31": "1.87210", "2010-12-31": "1.87250", "2010-09-30": "1.66970", "2010-06-30": "1.72450", "2010-03-31": "1.77840", "2009-12-31": "1.82650", "2009-09-30": "1.78640", "2009-06-30": "1.81310", "2009-03-31": "1.78380", "2008-12-31": "1.78020", "2008-09-30": "1.71130", "2008-06-30": "2.02660", "2008-03-31": "1.98290", "2007-12-31": "2.08380", "2007-09-30": "2.03240", "2007-06-30": "2.04470", "2007-03-31": "2.15210", "2006-12-31": "2.30690", "2006-09-30": "2.20570", "2006-06-30": "2.08670", "2006-03-31": "1.89360", "2005-12-31": "1.87500", "2005-09-30": "1.84470", "2005-06-30": "1.75490", "2005-03-31": "2.32580"}, "Long-term Debt / Capital": {"2020-09-30": "0.85320", "2020-06-30": "0.87510", "2020-03-31": "0.97620", "2019-12-31": "0.90730", "2019-09-30": "0.95700", "2019-06-30": "0.96320", "2019-03-31": "0.90290", "2018-12-31": "0.90620", "2018-09-30": "0.86430", "2018-06-30": "0.89420", "2018-03-31": "0.88280", "2017-12-31": "0.82020", "2017-09-30": "0.82530", "2017-06-30": "0.74970", "2017-03-31": "0.58160", "2016-12-31": "0.53700", "2016-09-30": "0.49810", "2016-06-30": "0.52740", "2016-03-31": "0.49290", "2015-12-31": "0.41480", "2015-09-30": "0.41100", "2015-06-30": "0.41490", "2015-03-31": "0.39450", "2014-12-31": "0.40750", "2014-09-30": "0.41400", "2014-06-30": "0.39740", "2014-03-31": "0.39230", "2013-12-31": "0.41520", "2013-09-30": "0.40680", "2013-06-30": "0.41030", "2013-03-31": "0.34590", "2012-12-31": "0.34200", "2012-09-30": "0.32670", "2012-06-30": "0.23370", "2012-03-31": "0.21720", "2011-12-31": "0.21880", "2011-09-30": "0.21970", "2011-06-30": "0.13630", "2011-03-31": "0.13500", "2010-12-31": "0.10020", "2010-09-30": "0.09600", "2010-06-30": "0.14060", "2010-03-31": "0.17570", "2009-12-31": "0.20300", "2009-09-30": "0.21060", "2009-06-30": "0.24080", "2009-03-31": "0.24860", "2008-12-31": "0.24100", "2008-09-30": "0.23080", "2008-06-30": "0.04180", "2008-03-31": "0.04350", "2007-12-31": "0.04510", "2007-09-30": "0.04620", "2007-06-30": "0.04800", "2007-03-31": "0.06600", "2006-12-31": "0.07470", "2006-09-30": "0.07100", "2006-06-30": "0.07390", "2006-03-31": "0.02060", "2005-12-31": "0.02170", "2005-09-30": "0.02270", "2005-06-30": "0.02380", "2005-03-31": "0.09200"}, "Debt/Equity Ratio": {"2020-09-30": "6.51730", "2020-06-30": "7.00630", "2020-03-31": "41.07940", "2019-12-31": "9.79140", "2019-09-30": "22.28160", "2019-06-30": "26.15210", "2019-03-31": "9.29440", "2018-12-31": "9.66200", "2018-09-30": "6.36930", "2018-06-30": "8.45100", "2018-03-31": "7.53390", "2017-12-31": "4.56080", "2017-09-30": "4.72310", "2017-06-30": "2.99550", "2017-03-31": "1.39010", "2016-12-31": "1.15970", "2016-09-30": "0.99250", "2016-06-30": "1.11620", "2016-03-31": "0.97220", "2015-12-31": "0.70870", "2015-09-30": "0.69780", "2015-06-30": "0.70910", "2015-03-31": "0.65160", "2014-12-31": "0.68790", "2014-09-30": "0.70660", "2014-06-30": "0.65940", "2014-03-31": "0.64550", "2013-12-31": "0.71010", "2013-09-30": "0.68570", "2013-06-30": "0.69590", "2013-03-31": "0.52880", "2012-12-31": "0.51980", "2012-09-30": "0.48530", "2012-06-30": "0.30520", "2012-03-31": "0.27770", "2011-12-31": "0.28040", "2011-09-30": "0.28180", "2011-06-30": "0.15810", "2011-03-31": "0.15650", "2010-12-31": "0.11180", "2010-09-30": "0.14030", "2010-06-30": "0.19940", "2010-03-31": "0.25090", "2009-12-31": "0.29440", "2009-09-30": "0.27070", "2009-06-30": "0.32150", "2009-03-31": "0.33440", "2008-12-31": "0.32100", "2008-09-30": "0.30380", "2008-06-30": "0.04390", "2008-03-31": "0.06080", "2007-12-31": "0.06310", "2007-09-30": "0.06470", "2007-06-30": "0.06740", "2007-03-31": "0.07090", "2006-12-31": "0.08100", "2006-09-30": "0.07660", "2006-06-30": "0.08000", "2006-03-31": "0.08340", "2005-12-31": "0.08800", "2005-09-30": "0.09190", "2005-06-30": "0.09680", "2005-03-31": "0.10190"}, "Gross Margin": {"2020-09-30": "52.38960", "2020-06-30": "52.95580", "2020-03-31": "52.32840", "2019-12-31": "53.34670", "2019-09-30": "53.34770", "2019-06-30": "52.83220", "2019-03-31": "53.06920", "2018-12-31": "53.31910", "2018-09-30": "52.99660", "2018-06-30": "52.46740", "2018-03-31": "52.62490", "2017-12-31": "52.91110", "2017-09-30": "52.58050", "2017-06-30": "52.38550", "2017-03-31": "52.45880", "2016-12-31": "53.07610", "2016-09-30": "52.68120", "2016-06-30": "51.78410", "2016-03-31": "52.36170", "2015-12-31": "52.72510", "2015-09-30": "52.36290", "2015-06-30": "52.01580", "2015-03-31": "51.89320", "2014-12-31": "51.70150", "2014-09-30": "51.58590", "2014-06-30": "51.47980", "2014-03-31": "50.79540", "2013-12-31": "50.53560", "2013-09-30": "50.87680", "2013-06-30": "50.83910", "2013-03-31": "50.38860", "2012-12-31": "50.41600", "2012-09-30": "50.29430", "2012-06-30": "49.90000", "2012-03-31": "49.80280", "2011-12-31": "49.93130", "2011-09-30": "49.11970", "2011-06-30": "48.58060", "2011-03-31": "48.43880", "2010-12-31": "48.58290", "2010-09-30": "48.63040", "2010-06-30": "48.69770", "2010-03-31": "48.30580", "2009-12-31": "48.52480", "2009-09-30": "48.52460", "2009-06-30": "48.24840", "2009-03-31": "46.63120", "2008-12-31": "46.21520", "2008-09-30": "45.64190", "2008-06-30": "45.01470", "2008-03-31": "44.64330", "2007-12-31": "44.72920", "2007-09-30": "44.38060", "2007-06-30": "44.65580", "2007-03-31": "43.91800", "2006-12-31": "44.60230", "2006-09-30": "44.09760", "2006-06-30": "44.13540", "2006-03-31": "43.50560", "2005-12-31": "44.94450", "2005-09-30": "43.45430", "2005-06-30": "43.93060", "2005-03-31": "42.07480"}, "Operating Margin": {"2020-09-30": "22.60270", "2020-06-30": "23.82230", "2020-03-31": "17.10330", "2019-12-31": "17.78120", "2019-09-30": "20.11470", "2019-06-30": "19.23160", "2019-03-31": "18.45120", "2018-12-31": "18.49020", "2018-09-30": "19.54100", "2018-06-30": "19.50880", "2018-03-31": "18.52410", "2017-12-31": "18.38750", "2017-09-30": "19.74350", "2017-06-30": "19.96850", "2017-03-31": "18.69710", "2016-12-31": "19.42120", "2016-09-30": "20.16290", "2016-06-30": "19.52790", "2016-03-31": "19.97120", "2015-12-31": "18.60490", "2015-09-30": "19.96250", "2015-06-30": "18.95180", "2015-03-31": "18.42220", "2014-12-31": "17.17580", "2014-09-30": "18.31600", "2014-06-30": "18.21650", "2014-03-31": "16.61630", "2013-12-31": "15.77560", "2013-09-30": "17.38290", "2013-06-30": "17.27500", "2013-03-31": "15.84120", "2012-12-31": "14.98070", "2012-09-30": "16.44140", "2012-06-30": "15.58710", "2012-03-31": "16.18300", "2011-12-31": "14.87170", "2011-09-30": "15.69900", "2011-06-30": "15.03180", "2011-03-31": "14.20640", "2010-12-31": "12.52630", "2010-09-30": "13.95840", "2010-06-30": "13.11600", "2010-03-31": "13.15910", "2009-12-31": "10.68520", "2009-09-30": "11.85750", "2009-06-30": "11.96080", "2009-03-31": "9.73890", "2008-12-31": "7.23130", "2008-09-30": "8.32120", "2008-06-30": "12.54750", "2008-03-31": "11.47530", "2007-12-31": "10.53890", "2007-09-30": "12.49910", "2007-06-30": "12.68190", "2007-03-31": "12.58950", "2006-12-31": "11.46790", "2006-09-30": "12.57390", "2006-06-30": "13.23340", "2006-03-31": "12.10820", "2005-12-31": "12.27880", "2005-09-30": "12.44880", "2005-06-30": "13.07100", "2005-03-31": "11.49220"}, "EBIT Margin": {"2020-09-30": "22.60270", "2020-06-30": "23.82230", "2020-03-31": "17.10330", "2019-12-31": "17.78120", "2019-09-30": "20.11470", "2019-06-30": "19.23160", "2019-03-31": "18.45120", "2018-12-31": "18.49020", "2018-09-30": "19.54100", "2018-06-30": "19.50880", "2018-03-31": "18.52410", "2017-12-31": "18.38750", "2017-09-30": "19.74350", "2017-06-30": "19.96850", "2017-03-31": "18.69710", "2016-12-31": "19.42120", "2016-09-30": "20.16290", "2016-06-30": "19.52790", "2016-03-31": "19.97120", "2015-12-31": "18.60490", "2015-09-30": "19.96250", "2015-06-30": "18.95180", "2015-03-31": "18.42220", "2014-12-31": "17.17580", "2014-09-30": "18.31600", "2014-06-30": "18.21650", "2014-03-31": "16.61630", "2013-12-31": "15.77560", "2013-09-30": "17.38290", "2013-06-30": "17.27500", "2013-03-31": "15.84120", "2012-12-31": "14.98070", "2012-09-30": "16.44140", "2012-06-30": "15.58710", "2012-03-31": "16.18300", "2011-12-31": "14.87170", "2011-09-30": "15.69900", "2011-06-30": "15.03180", "2011-03-31": "14.20640", "2010-12-31": "12.52630", "2010-09-30": "13.95840", "2010-06-30": "13.11600", "2010-03-31": "13.15910", "2009-12-31": "10.68520", "2009-09-30": "11.85750", "2009-06-30": "11.96080", "2009-03-31": "9.73890", "2008-12-31": "7.23130", "2008-09-30": "8.32120", "2008-06-30": "12.54750", "2008-03-31": "11.47530", "2007-12-31": "10.53890", "2007-09-30": "12.49910", "2007-06-30": "12.68190", "2007-03-31": "12.58950", "2006-12-31": "11.46790", "2006-09-30": "12.57390", "2006-06-30": "13.23340", "2006-03-31": "12.10820", "2005-12-31": "12.27870", "2005-09-30": "12.44880", "2005-06-30": "13.07100", "2005-03-31": "11.49220"}, "EBITDA Margin": {"2020-09-30": "", "2020-06-30": "", "2020-03-31": "", "2019-12-31": "", "2019-09-30": "", "2019-06-30": "", "2019-03-31": "", "2018-12-31": "", "2018-09-30": "", "2018-06-30": "", "2018-03-31": "", "2017-12-31": "", "2017-09-30": "", "2017-06-30": "", "2017-03-31": "", "2016-12-31": "", "2016-09-30": "", "2016-06-30": "", "2016-03-31": "", "2015-12-31": "", "2015-09-30": "", "2015-06-30": "", "2015-03-31": "", "2014-12-31": "", "2014-09-30": "", "2014-06-30": "", "2014-03-31": "", "2013-12-31": "", "2013-09-30": "", "2013-06-30": "", "2013-03-31": "", "2012-12-31": "", "2012-09-30": "", "2012-06-30": "", "2012-03-31": "", "2011-12-31": "", "2011-09-30": "", "2011-06-30": "", "2011-03-31": "", "2010-12-31": "", "2010-09-30": "", "2010-06-30": "", "2010-03-31": "", "2009-12-31": "", "2009-09-30": "", "2009-06-30": "", "2009-03-31": "", "2008-12-31": "", "2008-09-30": "", "2008-06-30": "", "2008-03-31": "", "2007-12-31": "", "2007-09-30": "", "2007-06-30": "", "2007-03-31": "", "2006-12-31": "", "2006-09-30": "", "2006-06-30": "", "2006-03-31": "", "2005-12-31": "", "2005-09-30": "", "2005-06-30": "", "2005-03-31": ""}, "Pre-Tax Profit Margin": {"2020-09-30": "21.39910", "2020-06-30": "22.65530", "2020-03-31": "15.33060", "2019-12-31": "16.48480", "2019-09-30": "18.82200", "2019-06-30": "17.95340", "2019-03-31": "17.18040", "2018-12-31": "16.98330", "2018-09-30": "18.35290", "2018-06-30": "18.31680", "2018-03-31": "17.32200", "2017-12-31": "17.19570", "2017-09-30": "18.78470", "2017-06-30": "19.04660", "2017-03-31": "17.86540", "2016-12-31": "18.62190", "2016-09-30": "19.44630", "2016-06-30": "18.78050", "2016-03-31": "19.34850", "2015-12-31": "17.93830", "2015-09-30": "19.27060", "2015-06-30": "18.28570", "2015-03-31": "17.75400", "2014-12-31": "16.44430", "2014-09-30": "17.70600", "2014-06-30": "17.58430", "2014-03-31": "15.91260", "2013-12-31": "15.04390", "2013-09-30": "16.68320", "2013-06-30": "16.68410", "2013-03-31": "15.18160", "2012-12-31": "14.28910", "2012-09-30": "15.85840", "2012-06-30": "15.04110", "2012-03-31": "15.67890", "2011-12-31": "14.20160", "2011-09-30": "15.30680", "2011-06-30": "14.66770", "2011-03-31": "12.01780", "2010-12-31": "12.91740", "2010-09-30": "13.33850", "2010-06-30": "12.41240", "2010-03-31": "12.38030", "2009-12-31": "9.88100", "2009-09-30": "11.06900", "2009-06-30": "11.14490", "2009-03-31": "8.78070", "2008-12-31": "6.15580", "2008-09-30": "6.40250", "2008-06-30": "12.64330", "2008-03-31": "11.40570", "2007-12-31": "10.67290", "2007-09-30": "12.61330", "2007-06-30": "12.80330", "2007-03-31": "12.58790", "2006-12-31": "11.46220", "2006-09-30": "12.61940", "2006-06-30": "13.26090", "2006-03-31": "12.02390", "2005-12-31": "12.19700", "2005-09-30": "12.34540", "2005-06-30": "13.10840", "2005-03-31": "11.34890"}, "Net Profit Margin": {"2020-09-30": "16.43740", "2020-06-30": "17.19720", "2020-03-31": "12.13160", "2019-12-31": "13.08580", "2019-09-30": "14.67430", "2019-06-30": "13.65630", "2019-03-31": "13.32250", "2018-12-31": "12.97460", "2018-09-30": "14.74800", "2018-06-30": "14.37550", "2018-03-31": "13.35740", "2017-12-31": "13.79930", "2017-09-30": "12.12630", "2017-06-30": "12.34580", "2017-03-31": "12.28670", "2016-12-31": "11.71960", "2016-09-30": "12.53930", "2016-06-30": "11.84340", "2016-03-31": "12.18300", "2015-12-31": "11.21450", "2015-09-30": "12.80010", "2015-06-30": "11.47170", "2015-03-31": "11.19220", "2014-12-31": "10.29820", "2014-09-30": "11.56160", "2014-06-30": "11.13360", "2014-03-31": "10.06170", "2013-12-31": "9.39700", "2013-09-30": "10.79200", "2013-06-30": "10.32830", "2013-03-31": "9.73680", "2012-12-31": "8.92260", "2012-09-30": "9.94860", "2012-06-30": "9.34960", "2012-03-31": "9.64380", "2011-12-31": "8.83970", "2011-09-30": "9.66740", "2011-06-30": "9.04280", "2011-03-31": "7.41090", "2010-12-31": "8.07120", "2010-09-30": "8.17330", "2010-06-30": "7.21050", "2010-03-31": "7.61490", "2009-12-31": "6.12790", "2009-09-30": "6.93230", "2009-06-30": "6.83370", "2009-03-31": "5.39940", "2008-12-31": "3.83210", "2008-09-30": "3.72540", "2008-06-30": "7.91960", "2008-03-31": "7.16950", "2007-12-31": "6.71780", "2007-09-30": "8.02190", "2007-06-30": "8.07000", "2007-03-31": "7.89490", "2006-12-31": "7.22720", "2006-09-30": "8.01410", "2006-06-30": "8.34120", "2006-03-31": "7.56020", "2005-12-31": "7.67180", "2005-09-30": "8.95610", "2005-06-30": "8.23530", "2005-03-31": "7.12360"}, "Asset Turnover": {"2020-09-30": "0.25650", "2020-06-30": "0.26360", "2020-03-31": "0.22290", "2019-12-31": "0.23170", "2019-09-30": "0.25710", "2019-06-30": "0.25390", "2019-03-31": "0.23960", "2018-12-31": "0.29010", "2018-09-30": "0.31450", "2018-06-30": "0.31620", "2018-03-31": "0.29770", "2017-12-31": "0.28930", "2017-09-30": "0.31280", "2017-06-30": "0.31190", "2017-03-31": "0.29930", "2016-12-31": "0.29140", "2016-09-30": "0.29520", "2016-06-30": "0.30190", "2016-03-31": "0.28250", "2015-12-31": "0.29190", "2015-09-30": "0.30700", "2015-06-30": "0.30530", "2015-03-31": "0.28030", "2014-12-31": "0.27010", "2014-09-30": "0.28990", "2014-06-30": "0.28380", "2014-03-31": "0.26870", "2013-12-31": "0.26720", "2013-09-30": "0.28020", "2013-06-30": "0.28010", "2013-03-31": "0.27380", "2012-12-31": "0.25890", "2012-09-30": "0.27380", "2012-06-30": "0.27370", "2012-03-31": "0.26580", "2011-12-31": "0.25290", "2011-09-30": "0.28450", "2011-06-30": "0.27570", "2011-03-31": "0.26350", "2010-12-31": "0.25960", "2010-09-30": "0.28380", "2010-06-30": "0.28090", "2010-03-31": "0.26460", "2009-12-31": "0.24550", "2009-09-30": "0.26880", "2009-06-30": "0.27400", "2009-03-31": "0.26580", "2008-12-31": "0.26580", "2008-09-30": "0.27610", "2008-06-30": "0.28600", "2008-03-31": "0.26950", "2007-12-31": "0.26510", "2007-09-30": "0.29280", "2007-06-30": "0.29440", "2007-03-31": "0.29290", "2006-12-31": "0.28230", "2006-09-30": "0.30690", "2006-06-30": "0.30850", "2006-03-31": "0.29760", "2005-12-31": "0.29960", "2005-09-30": "0.32670", "2005-06-30": "0.32410", "2005-03-31": "0.30980"}, "Inventory Turnover Ratio": {"2020-09-30": "0.43290", "2020-06-30": "0.41220", "2020-03-31": "0.33190", "2019-12-31": "0.33540", "2019-09-30": "0.37150", "2019-06-30": "0.37440", "2019-03-31": "0.35040", "2018-12-31": "0.33840", "2018-09-30": "0.37170", "2018-06-30": "0.37760", "2018-03-31": "0.35420", "2017-12-31": "0.34280", "2017-09-30": "0.37140", "2017-06-30": "0.36860", "2017-03-31": "0.35690", "2016-12-31": "0.35450", "2016-09-30": "0.37670", "2016-06-30": "0.38290", "2016-03-31": "0.36960", "2015-12-31": "0.35020", "2015-09-30": "0.38010", "2015-06-30": "0.38140", "2015-03-31": "0.36190", "2014-12-31": "0.33350", "2014-09-30": "0.36090", "2014-06-30": "0.36390", "2014-03-31": "0.35470", "2013-12-31": "0.33760", "2013-09-30": "0.35900", "2013-06-30": "0.35950", "2013-03-31": "0.34250", "2012-12-31": "0.32420", "2012-09-30": "0.36060", "2012-06-30": "0.36500", "2012-03-31": "0.38290", "2011-12-31": "0.35080", "2011-09-30": "0.38880", "2011-06-30": "0.37370", "2011-03-31": "0.35620", "2010-12-31": "0.33300", "2010-09-30": "0.36670", "2010-06-30": "0.36670", "2010-03-31": "0.34770", "2009-12-31": "0.31580", "2009-09-30": "0.34900", "2009-06-30": "0.37300", "2009-03-31": "0.38190", "2008-12-31": "0.38180", "2008-09-30": "0.39800", "2008-06-30": "0.42840", "2008-03-31": "0.40080", "2007-12-31": "0.37880", "2007-09-30": "0.42970", "2007-06-30": "0.41720", "2007-03-31": "0.41670", "2006-12-31": "0.38050", "2006-09-30": "0.40880", "2006-06-30": "0.41260", "2006-03-31": "0.40150", "2005-12-31": "0.39090", "2005-09-30": "0.42920", "2005-06-30": "0.42000", "2005-03-31": "0.41590"}, "Receiveable Turnover": {"2020-09-30": "9.61720", "2020-06-30": "9.36360", "2020-03-31": "8.12990", "2019-12-31": "8.43380", "2019-09-30": "8.88430", "2019-06-30": "7.61780", "2019-03-31": "7.60130", "2018-12-31": "8.56820", "2018-09-30": "7.61740", "2018-06-30": "7.67300", "2018-03-31": "7.54310", "2017-12-31": "7.49030", "2017-09-30": "7.82230", "2017-06-30": "8.62680", "2017-03-31": "8.08170", "2016-12-31": "7.51420", "2016-09-30": "7.72440", "2016-06-30": "8.21340", "2016-03-31": "8.49440", "2015-12-31": "8.34040", "2015-09-30": "8.64050", "2015-06-30": "8.13210", "2015-03-31": "8.21330", "2014-12-31": "8.27430", "2014-09-30": "8.53700", "2014-06-30": "8.50330", "2014-03-31": "8.16080", "2013-12-31": "8.18300", "2013-09-30": "8.06380", "2013-06-30": "6.64430", "2013-03-31": "7.73610", "2012-12-31": "8.21520", "2012-09-30": "7.19010", "2012-06-30": "7.31520", "2012-03-31": "7.17360", "2011-12-31": "6.82840", "2011-09-30": "7.61800", "2011-06-30": "7.25190", "2011-03-31": "7.02380", "2010-12-31": "7.13490", "2010-09-30": "7.24190", "2010-06-30": "7.02590", "2010-03-31": "6.83830", "2009-12-31": "6.86380", "2009-09-30": "7.04300", "2009-06-30": "6.82820", "2009-03-31": "7.16440", "2008-12-31": "6.72230", "2008-09-30": "6.71070", "2008-06-30": "5.04040", "2008-03-31": "4.60220", "2007-12-31": "4.56050", "2007-09-30": "4.83090", "2007-06-30": "4.55970", "2007-03-31": "4.57100", "2006-12-31": "4.33360", "2006-09-30": "4.57130", "2006-06-30": "4.07880", "2006-03-31": "3.97600", "2005-12-31": "3.92880", "2005-09-30": "4.88010", "2005-06-30": "4.24490", "2005-03-31": "4.40630"}, "Days Sales In Receivables": {"2020-09-30": "9.35830", "2020-06-30": "9.61170", "2020-03-31": "11.07020", "2019-12-31": "10.67130", "2019-09-30": "10.13030", "2019-06-30": "11.81450", "2019-03-31": "11.84010", "2018-12-31": "10.50400", "2018-09-30": "11.81510", "2018-06-30": "11.72940", "2018-03-31": "11.93140", "2017-12-31": "12.01560", "2017-09-30": "11.50550", "2017-06-30": "10.43270", "2017-03-31": "11.13630", "2016-12-31": "11.97740", "2016-09-30": "11.65130", "2016-06-30": "10.95770", "2016-03-31": "10.59520", "2015-12-31": "10.79080", "2015-09-30": "10.41610", "2015-06-30": "11.06720", "2015-03-31": "10.95790", "2014-12-31": "10.87700", "2014-09-30": "10.54240", "2014-06-30": "10.58410", "2014-03-31": "11.02830", "2013-12-31": "10.99850", "2013-09-30": "11.16100", "2013-06-30": "13.54550", "2013-03-31": "11.63370", "2012-12-31": "10.95530", "2012-09-30": "12.51730", "2012-06-30": "12.30320", "2012-03-31": "12.54610", "2011-12-31": "13.18030", "2011-09-30": "11.81410", "2011-06-30": "12.41060", "2011-03-31": "12.81360", "2010-12-31": "12.61410", "2010-09-30": "12.42770", "2010-06-30": "12.80970", "2010-03-31": "13.16120", "2009-12-31": "13.11220", "2009-09-30": "12.77860", "2009-06-30": "13.18060", "2009-03-31": "12.56210", "2008-12-31": "13.38830", "2008-09-30": "13.41130", "2008-06-30": "17.85580", "2008-03-31": "19.55590", "2007-12-31": "19.73470", "2007-09-30": "18.63000", "2007-06-30": "19.73800", "2007-03-31": "19.68920", "2006-12-31": "20.76800", "2006-09-30": "19.68810", "2006-06-30": "22.06560", "2006-03-31": "22.63590", "2005-12-31": "22.90760", "2005-09-30": "18.44230", "2005-06-30": "21.20200", "2005-03-31": "20.42510"}, "ROE - Return On Equity": {"2020-09-30": "74.34200", "2020-06-30": "90.25070", "2020-03-31": "276.02630", "2019-12-31": "81.77280", "2019-09-30": "235.40830", "2019-06-30": "244.45400", "2019-03-31": "86.24660", "2018-12-31": "84.92650", "2018-09-30": "73.46840", "2018-06-30": "91.70960", "2018-03-31": "71.94100", "2017-12-31": "46.29310", "2017-09-30": "46.19730", "2017-06-30": "32.53390", "2017-03-31": "18.62330", "2016-12-31": "15.12040", "2016-09-30": "14.65160", "2016-06-30": "15.25400", "2016-03-31": "13.16470", "2015-12-31": "11.14440", "2015-09-30": "13.29950", "2015-06-30": "11.85330", "2015-03-31": "9.93070", "2014-12-31": "9.00100", "2014-09-30": "10.97940", "2014-06-30": "9.71140", "2014-03-31": "8.03710", "2013-12-31": "7.74780", "2013-09-30": "9.16010", "2013-06-30": "8.82920", "2013-03-31": "7.44640", "2012-12-31": "6.29900", "2012-09-30": "7.05470", "2012-06-30": "5.59280", "2012-03-31": "5.13580", "2011-12-31": "4.32320", "2011-09-30": "5.24420", "2011-06-30": "4.24220", "2011-03-31": "3.21450", "2010-12-31": "3.29500", "2010-09-30": "3.79090", "2010-06-30": "3.39860", "2010-03-31": "3.48090", "2009-12-31": "2.67780", "2009-09-30": "3.35580", "2009-06-30": "3.45170", "2009-03-31": "2.65630", "2008-12-31": "1.87160", "2008-09-30": "1.88990", "2008-06-30": "3.24870", "2008-03-31": "2.80620", "2007-12-31": "2.54920", "2007-09-30": "3.41800", "2007-06-30": "3.47720", "2007-03-31": "3.40780", "2006-12-31": "2.95820", "2006-09-30": "3.63630", "2006-06-30": "3.90850", "2006-03-31": "3.36220", "2005-12-31": "3.44810", "2005-09-30": "4.42960", "2005-06-30": "4.11300", "2005-03-31": "3.35820"}, "Return On Tangible Equity": {"2020-09-30": "-320.53470", "2020-06-30": "-187.27500", "2020-03-31": "-37.49400", "2019-12-31": "-60.22830", "2019-09-30": "-60.94530", "2019-06-30": "-53.28860", "2019-03-31": "-73.59920", "2018-12-31": "-66.21730", "2018-09-30": "-125.91200", "2018-06-30": "-87.36970", "2018-03-31": "-83.47280", "2017-12-31": "-222.27070", "2017-09-30": "-163.97890", "2017-06-30": "343.33760", "2017-03-31": "41.58910", "2016-12-31": "29.22890", "2016-09-30": "24.35420", "2016-06-30": "27.63420", "2016-03-31": "21.59230", "2015-12-31": "18.15160", "2015-09-30": "21.38710", "2015-06-30": "19.24840", "2015-03-31": "15.34580", "2014-12-31": "14.39570", "2014-09-30": "17.78560", "2014-06-30": "15.10740", "2014-03-31": "12.35680", "2013-12-31": "12.58970", "2013-09-30": "14.59950", "2013-06-30": "14.19740", "2013-03-31": "11.74550", "2012-12-31": "9.83790", "2012-09-30": "10.52130", "2012-06-30": "7.82010", "2012-03-31": "6.93160", "2011-12-31": "5.85390", "2011-09-30": "7.11390", "2011-06-30": "5.55220", "2011-03-31": "4.19300", "2010-12-31": "4.28920", "2010-09-30": "5.00110", "2010-06-30": "4.55460", "2010-03-31": "4.73990", "2009-12-31": "3.70440", "2009-09-30": "4.70250", "2009-06-30": "4.93540", "2009-03-31": "3.82400", "2008-12-31": "2.73510", "2008-09-30": "2.69770", "2008-06-30": "3.34840", "2008-03-31": "2.89490", "2007-12-31": "2.63260", "2007-09-30": "3.53130", "2007-06-30": "3.59640", "2007-03-31": "3.40780", "2006-12-31": "3.06850", "2006-09-30": "3.63630", "2006-06-30": "3.90850", "2006-03-31": "3.36220", "2005-12-31": "3.44810", "2005-09-30": "4.42960", "2005-06-30": "4.11300", "2005-03-31": "3.35820"}, "ROA - Return On Assets": {"2020-09-30": "4.21670", "2020-06-30": "4.53310", "2020-03-31": "2.70450", "2019-12-31": "3.03170", "2019-09-30": "3.77230", "2019-06-30": "3.46680", "2019-03-31": "3.19190", "2018-12-31": "3.76350", "2018-09-30": "4.63790", "2018-06-30": "4.54600", "2018-03-31": "3.97700", "2017-12-31": "3.99260", "2017-09-30": "3.79360", "2017-06-30": "3.85020", "2017-03-31": "3.67770", "2016-12-31": "3.41510", "2016-09-30": "3.70220", "2016-06-30": "3.57520", "2016-03-31": "3.44180", "2015-12-31": "3.27370", "2015-09-30": "3.93000", "2015-06-30": "3.50180", "2015-03-31": "3.13690", "2014-12-31": "2.78130", "2014-09-30": "3.35120", "2014-06-30": "3.16000", "2014-03-31": "2.70400", "2013-12-31": "2.51100", "2013-09-30": "3.02390", "2013-06-30": "2.89250", "2013-03-31": "2.66570", "2012-12-31": "2.30990", "2012-09-30": "2.72390", "2012-06-30": "2.55900", "2012-03-31": "2.56320", "2011-12-31": "2.23590", "2011-09-30": "2.75050", "2011-06-30": "2.49300", "2011-03-31": "1.95260", "2010-12-31": "2.09520", "2010-09-30": "2.32000", "2010-06-30": "2.02570", "2010-03-31": "2.01490", "2009-12-31": "1.50420", "2009-09-30": "1.86330", "2009-06-30": "1.87230", "2009-03-31": "1.43530", "2008-12-31": "1.01860", "2008-09-30": "1.02850", "2008-06-30": "2.26530", "2008-03-31": "1.93230", "2007-12-31": "1.78070", "2007-09-30": "2.34840", "2007-06-30": "2.37560", "2007-03-31": "2.31210", "2006-12-31": "2.04060", "2006-09-30": "2.45940", "2006-06-30": "2.57330", "2006-03-31": "2.24980", "2005-12-31": "2.29840", "2005-09-30": "2.92560", "2005-06-30": "2.66920", "2005-03-31": "2.20670"}, "ROI - Return On Investment": {"2020-09-30": "10.91250", "2020-06-30": "11.27250", "2020-03-31": "6.55960", "2019-12-31": "7.57760", "2019-09-30": "10.11130", "2019-06-30": "9.00310", "2019-03-31": "8.37800", "2018-12-31": "7.96540", "2018-09-30": "9.96950", "2018-06-30": "9.70370", "2018-03-31": "8.43010", "2017-12-31": "8.32490", "2017-09-30": "8.07210", "2017-06-30": "8.14250", "2017-03-31": "7.79190", "2016-12-31": "7.00110", "2016-09-30": "7.35340", "2016-06-30": "7.20830", "2016-03-31": "6.67520", "2015-12-31": "6.52210", "2015-09-30": "7.83350", "2015-06-30": "6.93550", "2015-03-31": "6.01270", "2014-12-31": "5.33280", "2014-09-30": "6.43360", "2014-06-30": "5.85230", "2014-03-31": "4.88440", "2013-12-31": "4.53080", "2013-09-30": "5.43400", "2013-06-30": "5.20650", "2013-03-31": "4.87090", "2012-12-31": "4.14480", "2012-09-30": "4.75020", "2012-06-30": "4.28560", "2012-03-31": "4.02030", "2011-12-31": "3.37720", "2011-09-30": "4.09200", "2011-06-30": "3.66410", "2011-03-31": "2.78050", "2010-12-31": "2.96500", "2010-09-30": "3.42690", "2010-06-30": "2.92090", "2010-03-31": "2.86940", "2009-12-31": "2.13430", "2009-09-30": "2.64900", "2009-06-30": "2.62050", "2009-03-31": "1.99590", "2008-12-31": "1.42060", "2008-09-30": "1.45380", "2008-06-30": "3.11280", "2008-03-31": "2.68420", "2007-12-31": "2.43430", "2007-09-30": "3.26010", "2007-06-30": "3.31020", "2007-03-31": "3.18280", "2006-12-31": "2.73710", "2006-09-30": "3.37820", "2006-06-30": "3.61960", "2006-03-31": "3.29280", "2005-12-31": "3.37310", "2005-09-30": "4.32920", "2005-06-30": "4.01500", "2005-03-31": "3.04930"}, "Book Value Per Share": {"2020-09-30": "9.67930", "2020-06-30": "7.95030", "2020-03-31": "1.46690", "2019-12-31": "5.25450", "2019-09-30": "2.19490", "2019-06-30": "1.88660", "2019-03-31": "4.75790", "2018-12-31": "4.47430", "2018-09-30": "6.20290", "2018-06-30": "4.75370", "2018-03-31": "5.15180", "2017-12-31": "7.74650", "2017-09-30": "7.19700", "2017-06-30": "9.87870", "2017-03-31": "15.57800", "2016-12-31": "17.52400", "2016-09-30": "20.06550", "2016-06-30": "17.81170", "2016-03-31": "20.05480", "2015-12-31": "20.06730", "2015-09-30": "20.28170", "2015-06-30": "19.78060", "2015-03-31": "21.14990", "2014-12-31": "19.86570", "2014-09-30": "19.30220", "2014-06-30": "20.23350", "2014-03-31": "20.34940", "2013-12-31": "18.56070", "2013-09-30": "18.90910", "2013-06-30": "18.42410", "2013-03-31": "18.66430", "2012-12-31": "18.66370", "2012-09-30": "19.46060", "2012-06-30": "21.41270", "2012-03-31": "22.79370", "2011-12-31": "22.36870", "2011-09-30": "22.03640", "2011-06-30": "23.19430", "2011-03-31": "22.97680", "2010-12-31": "22.75950", "2010-09-30": "22.06630", "2010-06-30": "21.13260", "2010-03-31": "20.30950", "2009-12-31": "19.53810", "2009-09-30": "18.95530", "2009-06-30": "18.19910", "2009-03-31": "17.46910", "2008-12-31": "16.92680", "2008-09-30": "16.28980", "2008-06-30": "14.83440", "2008-03-31": "14.29670", "2007-12-31": "13.81630", "2007-09-30": "13.49800", "2007-06-30": "12.99730", "2007-03-31": "12.44660", "2006-12-31": "11.97320", "2006-09-30": "11.58100", "2006-06-30": "11.12670", "2006-03-31": "10.65800", "2005-12-31": "10.19470", "2005-09-30": "9.79380", "2005-06-30": "9.33300", "2005-03-31": "8.89350"}, "Operating Cash Flow Per Share": {"2020-09-30": 10.6615, "2020-06-30": 14.7665, "2020-03-31": "6.06760", "2019-12-31": 2.6091, "2019-09-30": 8.5522, "2019-06-30": 5.2454, "2019-03-31": "5.55660", "2018-12-31": 4.5114, "2018-09-30": 5.8804, "2018-06-30": 5.49, "2018-03-31": "5.11430", "2017-12-31": 3.3298, "2017-09-30": 4.5713, "2017-06-30": 3.7531, "2017-03-31": "4.02910", "2016-12-31": 2.9868, "2016-09-30": 4.1138, "2016-06-30": 3.413, "2016-03-31": "5.10590", "2015-12-31": 2.7082, "2015-09-30": 3.7057, "2015-06-30": 2.9081, "2015-03-31": "3.93220", "2014-12-31": 1.8844, "2014-09-30": 3.247, "2014-06-30": 2.8972, "2014-03-31": "3.19750", "2013-12-31": 1.6404, "2013-09-30": 2.612, "2013-06-30": 1.9246, "2013-03-31": "1.99600", "2012-12-31": 1.5784, "2012-09-30": 3.1344, "2012-06-30": 2.2312, "2012-03-31": "3.20530", "2011-12-31": 1.947, "2011-09-30": 2.2032, "2011-06-30": 1.9599, "2011-03-31": "2.05870", "2010-12-31": 0.7742, "2010-09-30": 1.6607, "2010-06-30": 1.2986, "2010-03-31": "1.22230", "2009-12-31": -0.015, "2009-09-30": 0.9728, "2009-06-30": 0.4753, "2009-03-31": "0.63530", "2008-12-31": 0.2067, "2008-09-30": 0.3244, "2008-06-30": 0.8274, "2008-03-31": "1.02200", "2007-12-31": 0.1556, "2007-09-30": 0.7708, "2007-06-30": 0.5397, "2007-03-31": "1.11330", "2006-12-31": 0.2259, "2006-09-30": 0.3145, "2006-06-30": 0.578, "2006-03-31": "0.49670", "2005-12-31": 0.2726, "2005-09-30": 0.5007, "2005-06-30": 0.4776, "2005-03-31": "0.57200"}, "Free Cash Flow Per Share": {"2020-09-30": 9.1477, "2020-06-30": 13.3008, "2020-03-31": "4.33120", "2019-12-31": 0.8073, "2019-09-30": 6.1014, "2019-06-30": 3.421, "2019-03-31": "3.65110", "2018-12-31": 2.7045, "2018-09-30": 4.2966, "2018-06-30": 4.1599, "2018-03-31": "3.76450", "2017-12-31": 2.1028, "2017-09-30": 3.1259, "2017-06-30": 2.4502, "2017-03-31": "2.84840", "2016-12-31": 1.7949, "2016-09-30": 2.6791, "2016-06-30": 2.2139, "2016-03-31": "4.05950", "2015-12-31": 1.5772, "2015-09-30": 2.5965, "2015-06-30": 1.9733, "2015-03-31": "3.05590", "2014-12-31": 0.849, "2014-09-30": 2.0597, "2014-06-30": 1.8584, "2014-03-31": "2.43130", "2013-12-31": 0.8008, "2013-09-30": 1.4734, "2013-06-30": 0.9999, "2013-03-31": "1.35120", "2012-12-31": 0.946, "2012-09-30": 2.5264, "2012-06-30": 1.6374, "2012-03-31": "2.62560", "2011-12-31": 1.3664, "2011-09-30": 1.4807, "2011-06-30": 1.5452, "2011-03-31": "1.39960", "2010-12-31": 0.1535, "2010-09-30": 1.0024, "2010-06-30": 0.6662, "2010-03-31": "0.57520", "2009-12-31": -0.7239, "2009-09-30": 0.3753, "2009-06-30": -0.0936, "2009-03-31": "-0.46650", "2008-12-31": -0.565, "2008-09-30": -0.5559, "2008-06-30": 0.2621, "2008-03-31": "0.52480", "2007-12-31": -0.3867, "2007-09-30": 0.0968, "2007-06-30": -0.1062, "2007-03-31": "0.56060", "2006-12-31": -0.2397, "2006-09-30": -0.1676, "2006-06-30": -0.0425, "2006-03-31": "0.08440", "2005-12-31": -0.2125, "2005-09-30": 0.0934, "2005-06-30": -0.0205, "2005-03-31": "0.17010"}}, "revenue": {"O'Reilly Automotive Annual Revenue (Millions of US $)": {"2019": "$10,150", "2018": "$9,536", "2017": "$8,978", "2016": "$8,593", "2015": "$7,967", "2014": "$7,216", "2013": "$6,649", "2012": "$6,182", "2011": "$5,789", "2010": "$5,398", "2009": "$4,847", "2008": "$3,577", "2007": "$2,522", "2006": "$2,283", "2005": "$2,045"}, "O'Reilly Automotive Quarterly Revenue (Millions of US $)": {"2020-09-30": "$3,208", "2020-06-30": "$3,092", "2020-03-31": "$2,476", "2019-12-31": "$2,483", "2019-09-30": "$2,667", "2019-06-30": "$2,590", "2019-03-31": "$2,411", "2018-12-31": "$2,315", "2018-09-30": "$2,483", "2018-06-30": "$2,456", "2018-03-31": "$2,283", "2017-12-31": "$2,191", "2017-09-30": "$2,340", "2017-06-30": "$2,291", "2017-03-31": "$2,156", "2016-12-31": "$2,099", "2016-09-30": "$2,221", "2016-06-30": "$2,177", "2016-03-31": "$2,096", "2015-12-31": "$1,949", "2015-09-30": "$2,080", "2015-06-30": "$2,036", "2015-03-31": "$1,902", "2014-12-31": "$1,764", "2014-09-30": "$1,877", "2014-06-30": "$1,847", "2014-03-31": "$1,728", "2013-12-31": "$1,621", "2013-09-30": "$1,728", "2013-06-30": "$1,715", "2013-03-31": "$1,585", "2012-12-31": "$1,488", "2012-09-30": "$1,602", "2012-06-30": "$1,563", "2012-03-31": "$1,529", "2011-12-31": "$1,391", "2011-09-30": "$1,535", "2011-06-30": "$1,479", "2011-03-31": "$1,383", "2010-12-31": "$1,310", "2010-09-30": "$1,426", "2010-06-30": "$1,381", "2010-03-31": "$1,280", "2009-12-31": "$1,174", "2009-09-30": "$1,258", "2009-06-30": "$1,251", "2009-03-31": "$1,164", "2008-12-31": "$1,115", "2008-09-30": "$1,111", "2008-06-30": "$704", "2008-03-31": "$646", "2007-12-31": "$604", "2007-09-30": "$662", "2007-06-30": "$643", "2007-03-31": "$613", "2006-12-31": "$558", "2006-09-30": "$597", "2006-06-30": "$591", "2006-03-31": "$537", "2005-12-31": "$515", "2005-09-30": "$543", "2005-06-30": "$521", "2005-03-31": "$466"}}, "gross-profit": {"O'Reilly Automotive Annual Gross Profit (Millions of US $)": {"2019": "$5,395", "2018": "$5,040", "2017": "$4,721", "2016": "$4,509", "2015": "$4,163", "2014": "$3,709", "2013": "$3,369", "2012": "$3,097", "2011": "$2,837", "2010": "$2,621", "2009": "$2,327", "2008": "$1,628", "2007": "$1,120", "2006": "$1,007", "2005": "$893"}, "O'Reilly Automotive Quarterly Gross Profit (Millions of US $)": {"2020-09-30": "$1,680", "2020-06-30": "$1,637", "2020-03-31": "$1,296", "2019-12-31": "$1,325", "2019-09-30": "$1,423", "2019-06-30": "$1,368", "2019-03-31": "$1,279", "2018-12-31": "$1,234", "2018-09-30": "$1,316", "2018-06-30": "$1,289", "2018-03-31": "$1,201", "2017-12-31": "$1,159", "2017-09-30": "$1,230", "2017-06-30": "$1,200", "2017-03-31": "$1,131", "2016-12-31": "$1,114", "2016-09-30": "$1,170", "2016-06-30": "$1,127", "2016-03-31": "$1,098", "2015-12-31": "$1,028", "2015-09-30": "$1,089", "2015-06-30": "$1,059", "2015-03-31": "$987", "2014-12-31": "$912", "2014-09-30": "$968", "2014-06-30": "$951", "2014-03-31": "$878", "2013-12-31": "$819", "2013-09-30": "$879", "2013-06-30": "$872", "2013-03-31": "$799", "2012-12-31": "$750", "2012-09-30": "$805", "2012-06-30": "$780", "2012-03-31": "$762", "2011-12-31": "$695", "2011-09-30": "$754", "2011-06-30": "$719", "2011-03-31": "$670", "2010-12-31": "$637", "2010-09-30": "$693", "2010-06-30": "$673", "2010-03-31": "$618", "2009-12-31": "$570", "2009-09-30": "$611", "2009-06-30": "$604", "2009-03-31": "$543", "2008-12-31": "$515", "2008-09-30": "$507", "2008-06-30": "$317", "2008-03-31": "$288", "2007-12-31": "$270", "2007-09-30": "$294", "2007-06-30": "$287", "2007-03-31": "$269", "2006-12-31": "$249", "2006-09-30": "$263", "2006-06-30": "$261", "2006-03-31": "$233", "2005-12-31": "$231", "2005-09-30": "$236", "2005-06-30": "$229", "2005-03-31": "$196"}}, "operating-income": {"O'Reilly Automotive Annual Operating Income (Millions of US $)": {"2019": "$1,921", "2018": "$1,815", "2017": "$1,725", "2016": "$1,699", "2015": "$1,514", "2014": "$1,270", "2013": "$1,103", "2012": "$977", "2011": "$867", "2010": "$713", "2009": "$538", "2008": "$336", "2007": "$305", "2006": "$282", "2005": "$253"}, "O'Reilly Automotive Quarterly Operating Income (Millions of US $)": {"2020-09-30": "$725", "2020-06-30": "$736", "2020-03-31": "$424", "2019-12-31": "$442", "2019-09-30": "$536", "2019-06-30": "$498", "2019-03-31": "$445", "2018-12-31": "$428", "2018-09-30": "$485", "2018-06-30": "$479", "2018-03-31": "$423", "2017-12-31": "$403", "2017-09-30": "$462", "2017-06-30": "$457", "2017-03-31": "$403", "2016-12-31": "$408", "2016-09-30": "$448", "2016-06-30": "$425", "2016-03-31": "$419", "2015-12-31": "$363", "2015-09-30": "$415", "2015-06-30": "$386", "2015-03-31": "$350", "2014-12-31": "$303", "2014-09-30": "$344", "2014-06-30": "$336", "2014-03-31": "$287", "2013-12-31": "$256", "2013-09-30": "$300", "2013-06-30": "$296", "2013-03-31": "$251", "2012-12-31": "$223", "2012-09-30": "$263", "2012-06-30": "$244", "2012-03-31": "$248", "2011-12-31": "$207", "2011-09-30": "$241", "2011-06-30": "$222", "2011-03-31": "$196", "2010-12-31": "$164", "2010-09-30": "$199", "2010-06-30": "$181", "2010-03-31": "$168", "2009-12-31": "$125", "2009-09-30": "$149", "2009-06-30": "$150", "2009-03-31": "$113", "2008-12-31": "$81", "2008-09-30": "$92", "2008-06-30": "$88", "2008-03-31": "$74", "2007-12-31": "$64", "2007-09-30": "$83", "2007-06-30": "$82", "2007-03-31": "$77", "2006-12-31": "$64", "2006-09-30": "$75", "2006-06-30": "$78", "2006-03-31": "$65", "2005-12-31": "$63", "2005-09-30": "$68", "2005-06-30": "$68", "2005-03-31": "$54"}}, "ebitda": {"O'Reilly Automotive Annual EBITDA (Millions of US $)": {"2019": "$2,196", "2018": "$2,078", "2017": "$1,962", "2016": "$1,920", "2015": "$1,726", "2014": "$1,467", "2013": "$1,289", "2012": "$1,156", "2011": "$1,034", "2010": "$882", "2009": "$694", "2008": "$452", "2007": "$384", "2006": "$347", "2005": "$310"}, "O'Reilly Automotive Quarterly EBITDA (Millions of US $)": {"2020-09-30": "$806", "2020-06-30": "$816", "2020-03-31": "$499", "2019-12-31": "$513", "2019-09-30": "$605", "2019-06-30": "$567", "2019-03-31": "$510", "2018-12-31": "$495", "2018-09-30": "$549", "2018-06-30": "$541", "2018-03-31": "$494", "2017-12-31": "$464", "2017-09-30": "$521", "2017-06-30": "$516", "2017-03-31": "$461", "2016-12-31": "$465", "2016-09-30": "$503", "2016-06-30": "$479", "2016-03-31": "$472", "2015-12-31": "$415", "2015-09-30": "$468", "2015-06-30": "$437", "2015-03-31": "$406", "2014-12-31": "$354", "2014-09-30": "$393", "2014-06-30": "$385", "2014-03-31": "$335", "2013-12-31": "$303", "2013-09-30": "$347", "2013-06-30": "$342", "2013-03-31": "$296", "2012-12-31": "$268", "2012-09-30": "$308", "2012-06-30": "$288", "2012-03-31": "$292", "2011-12-31": "$250", "2011-09-30": "$284", "2011-06-30": "$264", "2011-03-31": "$236", "2010-12-31": "$207", "2010-09-30": "$242", "2010-06-30": "$223", "2010-03-31": "$210", "2009-12-31": "$164", "2009-09-30": "$188", "2009-06-30": "$190", "2009-03-31": "$151", "2008-12-31": "$81", "2008-09-30": "$92", "2008-06-30": "$88", "2008-03-31": "$74", "2007-12-31": "$64", "2007-09-30": "$83", "2007-06-30": "$82", "2007-03-31": "$77", "2006-12-31": "$64", "2006-09-30": "$75", "2006-06-30": "$78", "2006-03-31": "$65", "2005-12-31": "$63", "2005-09-30": "$68", "2005-06-30": "$68", "2005-03-31": "$54"}}, "net-income": {"O'Reilly Automotive Annual Net Income (Millions of US $)": {"2019": "$1,391", "2018": "$1,324", "2017": "$1,134", "2016": "$1,038", "2015": "$931", "2014": "$778", "2013": "$670", "2012": "$586", "2011": "$508", "2010": "$419", "2009": "$307", "2008": "$186", "2007": "$194", "2006": "$178", "2005": "$164"}, "O'Reilly Automotive Quarterly Net Income (Millions of US $)": {"2020-09-30": "$527", "2020-06-30": "$532", "2020-03-31": "$300", "2019-12-31": "$325", "2019-09-30": "$391", "2019-06-30": "$354", "2019-03-31": "$321", "2018-12-31": "$300", "2018-09-30": "$366", "2018-06-30": "$353", "2018-03-31": "$305", "2017-12-31": "$302", "2017-09-30": "$284", "2017-06-30": "$283", "2017-03-31": "$265", "2016-12-31": "$246", "2016-09-30": "$278", "2016-06-30": "$258", "2016-03-31": "$255", "2015-12-31": "$219", "2015-09-30": "$266", "2015-06-30": "$234", "2015-03-31": "$213", "2014-12-31": "$182", "2014-09-30": "$217", "2014-06-30": "$206", "2014-03-31": "$174", "2013-12-31": "$152", "2013-09-30": "$186", "2013-06-30": "$177", "2013-03-31": "$154", "2012-12-31": "$133", "2012-09-30": "$159", "2012-06-30": "$146", "2012-03-31": "$147", "2011-12-31": "$123", "2011-09-30": "$148", "2011-06-30": "$134", "2011-03-31": "$102", "2010-12-31": "$106", "2010-09-30": "$117", "2010-06-30": "$100", "2010-03-31": "$97", "2009-12-31": "$72", "2009-09-30": "$87", "2009-06-30": "$86", "2009-03-31": "$63", "2008-12-31": "$43", "2008-09-30": "$41", "2008-06-30": "$56", "2008-03-31": "$46", "2007-12-31": "$41", "2007-09-30": "$53", "2007-06-30": "$52", "2007-03-31": "$48", "2006-12-31": "$40", "2006-09-30": "$48", "2006-06-30": "$49", "2006-03-31": "$41", "2005-12-31": "$40", "2005-09-30": "$49", "2005-06-30": "$43", "2005-03-31": "$33"}}, "eps-earnings-per-share-diluted": {"O'Reilly Automotive Annual EPS": {"2019": "$17.88", "2018": "$16.10", "2017": "$12.67", "2016": "$10.73", "2015": "$9.17", "2014": "$7.34", "2013": "$6.03", "2012": "$4.75", "2011": "$3.71", "2010": "$2.95", "2009": "$2.23", "2008": "$1.48", "2007": "$1.67", "2006": "$1.55", "2005": "$1.45"}, "O'Reilly Automotive Quarterly EPS": {"2020-09-30": "$7.07", "2020-06-30": "$7.10", "2020-03-31": "$3.97", "2019-12-31": "$4.24", "2019-09-30": "$5.08", "2019-06-30": "$4.51", "2019-03-31": "$4.05", "2018-12-31": "$3.71", "2018-09-30": "$4.50", "2018-06-30": "$4.28", "2018-03-31": "$3.61", "2017-12-31": "$3.52", "2017-09-30": "$3.22", "2017-06-30": "$3.10", "2017-03-31": "$2.83", "2016-12-31": "$2.59", "2016-09-30": "$2.90", "2016-06-30": "$2.65", "2016-03-31": "$2.59", "2015-12-31": "$2.18", "2015-09-30": "$2.64", "2015-06-30": "$2.29", "2015-03-31": "$2.06", "2014-12-31": "$1.76", "2014-09-30": "$2.06", "2014-06-30": "$1.91", "2014-03-31": "$1.61", "2013-12-31": "$1.40", "2013-09-30": "$1.69", "2013-06-30": "$1.58", "2013-03-31": "$1.36", "2012-12-31": "$1.14", "2012-09-30": "$1.32", "2012-06-30": "$1.15", "2012-03-31": "$1.14", "2011-12-31": "$0.93", "2011-09-30": "$1.10", "2011-06-30": "$0.96", "2011-03-31": "$0.72", "2010-12-31": "$0.72", "2010-09-30": "$0.82", "2010-06-30": "$0.71", "2010-03-31": "$0.70", "2009-12-31": "$0.52", "2009-09-30": "$0.63", "2009-06-30": "$0.62", "2009-03-31": "$0.46", "2008-12-31": "$0.29", "2008-09-30": "$0.31", "2008-06-30": "$0.48", "2008-03-31": "$0.40", "2007-12-31": "$0.34", "2007-09-30": "$0.46", "2007-06-30": "$0.45", "2007-03-31": "$0.42", "2006-12-31": "$0.35", "2006-09-30": "$0.42", "2006-06-30": "$0.43", "2006-03-31": "$0.35", "2005-12-31": "$0.35", "2005-09-30": "$0.42", "2005-06-30": "$0.38", "2005-03-31": "$0.30"}}, "shares-outstanding": {"O'Reilly Automotive Annual Shares Outstanding (Millions of Shares)": {"2019": "78", "2018": "82", "2017": "90", "2016": "97", "2015": "102", "2014": "106", "2013": "111", "2012": "123", "2011": "137", "2010": "142", "2009": "138", "2008": "125", "2007": "116", "2006": "115", "2005": "113"}, "O'Reilly Automotive Quarterly Shares Outstanding (Millions of Shares)": {"2020-09-30": "75", "2020-06-30": "75", "2020-03-31": "76", "2019-12-31": "78", "2019-09-30": "77", "2019-06-30": "78", "2019-03-31": "79", "2018-12-31": "82", "2018-09-30": "81", "2018-06-30": "83", "2018-03-31": "85", "2017-12-31": "90", "2017-09-30": "88", "2017-06-30": "91", "2017-03-31": "93", "2016-12-31": "97", "2016-09-30": "96", "2016-06-30": "97", "2016-03-31": "99", "2015-12-31": "102", "2015-09-30": "101", "2015-06-30": "102", "2015-03-31": "103", "2014-12-31": "106", "2014-09-30": "105", "2014-06-30": "108", "2014-03-31": "108", "2013-12-31": "111", "2013-09-30": "110", "2013-06-30": "112", "2013-03-31": "113", "2012-12-31": "123", "2012-09-30": "121", "2012-06-30": "127", "2012-03-31": "129", "2011-12-31": "137", "2011-09-30": "135", "2011-06-30": "140", "2011-03-31": "143", "2010-12-31": "142", "2010-09-30": "142", "2010-06-30": "141", "2010-03-31": "140", "2009-12-31": "138", "2009-09-30": "139", "2009-06-30": "138", "2009-03-31": "136", "2008-12-31": "125", "2008-09-30": "133", "2008-06-30": "117", "2008-03-31": "116", "2007-12-31": "116", "2007-09-30": "116", "2007-06-30": "116", "2007-03-31": "116", "2006-12-31": "115", "2006-09-30": "115", "2006-06-30": "115", "2006-03-31": "115", "2005-12-31": "113", "2005-09-30": "114", "2005-06-30": "113", "2005-03-31": "113"}}, "total-assets": {"O'Reilly Automotive Annual Total Assets (Millions of US $)": {"2019": "$10,717", "2018": "$7,981", "2017": "$7,572", "2016": "$7,204", "2015": "$6,677", "2014": "$6,532", "2013": "$6,067", "2012": "$5,749", "2011": "$5,501", "2010": "$5,048", "2009": "$4,781", "2008": "$4,193", "2007": "$2,280", "2006": "$1,977", "2005": "$1,719"}, "O'Reilly Automotive Quarterly Total Assets (Millions of US $)": {"2020-09-30": "$12,504", "2020-06-30": "$11,729", "2020-03-31": "$11,109", "2019-12-31": "$10,717", "2019-09-30": "$10,373", "2019-06-30": "$10,202", "2019-03-31": "$10,062", "2018-12-31": "$7,981", "2018-09-30": "$7,895", "2018-06-30": "$7,767", "2018-03-31": "$7,667", "2017-12-31": "$7,572", "2017-09-30": "$7,479", "2017-06-30": "$7,346", "2017-03-31": "$7,204", "2016-12-31": "$7,204", "2016-09-30": "$7,522", "2016-06-30": "$7,211", "2016-03-31": "$7,420", "2015-12-31": "$6,677", "2015-09-30": "$6,775", "2015-06-30": "$6,668", "2015-03-31": "$6,786", "2014-12-31": "$6,532", "2014-09-30": "$6,475", "2014-06-30": "$6,508", "2014-03-31": "$6,430", "2013-12-31": "$6,067", "2013-09-30": "$6,167", "2013-06-30": "$6,124", "2013-03-31": "$5,790", "2012-12-31": "$5,749", "2012-09-30": "$5,849", "2012-06-30": "$5,710", "2012-03-31": "$5,754", "2011-12-31": "$5,501", "2011-09-30": "$5,397", "2011-06-30": "$5,366", "2011-03-31": "$5,248", "2010-12-31": "$5,048", "2010-09-30": "$5,023", "2010-06-30": "$4,917", "2010-03-31": "$4,838", "2009-12-31": "$4,781", "2009-09-30": "$4,681", "2009-06-30": "$4,567", "2009-03-31": "$4,378", "2008-12-31": "$4,193", "2008-09-30": "$4,025", "2008-06-30": "$2,463", "2008-03-31": "$2,398", "2007-12-31": "$2,280", "2007-09-30": "$2,261", "2007-06-30": "$2,185", "2007-03-31": "$2,094", "2006-12-31": "$1,977", "2006-09-30": "$1,946", "2006-06-30": "$1,916", "2006-03-31": "$1,803", "2005-12-31": "$1,719", "2005-09-30": "$1,662", "2005-06-30": "$1,608", "2005-03-31": "$1,505"}}, "cash-on-hand": {"O'Reilly Automotive Annual Cash on Hand (Millions of US $)": {"2019": "$40", "2018": "$31", "2017": "$46", "2016": "$147", "2015": "$116", "2014": "$251", "2013": "$231", "2012": "$248", "2011": "$362", "2010": "$30", "2009": "$27", "2008": "$31", "2007": "$48", "2006": "$30", "2005": "$31"}, "O'Reilly Automotive Quarterly Cash on Hand (Millions of US $)": {"2020-09-30": "$1,627", "2020-06-30": "$872", "2020-03-31": "$287", "2019-12-31": "$40", "2019-09-30": "$43", "2019-06-30": "$56", "2019-03-31": "$57", "2018-12-31": "$31", "2018-09-30": "$40", "2018-06-30": "$37", "2018-03-31": "$39", "2017-12-31": "$46", "2017-09-30": "$37", "2017-06-30": "$27", "2017-03-31": "$28", "2016-12-31": "$147", "2016-09-30": "$560", "2016-06-30": "$398", "2016-03-31": "$716", "2015-12-31": "$116", "2015-09-30": "$277", "2015-06-30": "$260", "2015-03-31": "$474", "2014-12-31": "$251", "2014-09-30": "$298", "2014-06-30": "$453", "2014-03-31": "$512", "2013-12-31": "$231", "2013-09-30": "$363", "2013-06-30": "$366", "2013-03-31": "$205", "2012-12-31": "$248", "2012-09-30": "$423", "2012-06-30": "$368", "2012-03-31": "$575", "2011-12-31": "$362", "2011-09-30": "$277", "2011-06-30": "$269", "2011-03-31": "$230", "2010-12-31": "$30", "2010-09-30": "$43", "2010-06-30": "$32", "2010-03-31": "$30", "2009-12-31": "$27", "2009-09-30": "$30", "2009-06-30": "$41", "2009-03-31": "$37", "2008-12-31": "$31", "2008-09-30": "$26", "2008-06-30": "$117", "2008-03-31": "$113", "2007-12-31": "$48", "2007-09-30": "$110", "2007-06-30": "$92", "2007-03-31": "$90", "2006-12-31": "$30", "2006-09-30": "$41", "2006-06-30": "$55", "2006-03-31": "$55", "2005-12-31": "$31", "2005-09-30": "$52", "2005-06-30": "$36", "2005-03-31": "$89"}}, "long-term-debt": {"O'Reilly Automotive Annual Long Term Debt (Millions of US $)": {"2019": "$3,891", "2018": "$3,417", "2017": "$2,978", "2016": "$1,887", "2015": "$1,390", "2014": "$1,388", "2013": "$1,396", "2012": "$1,096", "2011": "$797", "2010": "$357", "2009": "$684", "2008": "$725", "2007": "$75", "2006": "$110", "2005": "$25"}, "O'Reilly Automotive Quarterly Long Term Debt (Millions of US $)": {"2020-09-30": "$4,122", "2020-06-30": "$4,127", "2020-03-31": "$4,471", "2019-12-31": "$3,891", "2019-09-30": "$3,704", "2019-06-30": "$3,784", "2019-03-31": "$3,461", "2018-12-31": "$3,417", "2018-09-30": "$3,174", "2018-06-30": "$3,254", "2018-03-31": "$3,193", "2017-12-31": "$2,978", "2017-09-30": "$2,901", "2017-06-30": "$2,604", "2017-03-31": "$1,978", "2016-12-31": "$1,887", "2016-09-30": "$1,887", "2016-06-30": "$1,886", "2016-03-31": "$1,886", "2015-12-31": "$1,390", "2015-09-30": "$1,397", "2015-06-30": "$1,397", "2015-03-31": "$1,397", "2014-12-31": "$1,388", "2014-09-30": "$1,396", "2014-06-30": "$1,396", "2014-03-31": "$1,396", "2013-12-31": "$1,396", "2013-09-30": "$1,396", "2013-06-30": "$1,396", "2013-03-31": "$1,096", "2012-12-31": "$1,096", "2012-09-30": "$1,096", "2012-06-30": "$797", "2012-03-31": "$797", "2011-12-31": "$797", "2011-09-30": "$797", "2011-06-30": "$498", "2011-03-31": "$498", "2010-12-31": "$357", "2010-09-30": "$327", "2010-06-30": "$479", "2010-03-31": "$597", "2009-12-31": "$684", "2009-09-30": "$694", "2009-06-30": "$786", "2009-03-31": "$783", "2008-12-31": "$725", "2008-09-30": "$657", "2008-06-30": "$75", "2008-03-31": "$75", "2007-12-31": "$75", "2007-09-30": "$75", "2007-06-30": "$75", "2007-03-31": "$100", "2006-12-31": "$110", "2006-09-30": "$101", "2006-06-30": "$101", "2006-03-31": "$25", "2005-12-31": "$25", "2005-09-30": "$25", "2005-06-30": "$25", "2005-03-31": "$100"}}, "total-liabilities": {"O'Reilly Automotive Annual Total Liabilities (Millions of US $)": {"2019": "$10,320", "2018": "$7,627", "2017": "$6,919", "2016": "$5,577", "2015": "$4,715", "2014": "$4,514", "2013": "$4,101", "2012": "$3,641", "2011": "$2,656", "2010": "$1,838", "2009": "$2,096", "2008": "$1,911", "2007": "$687", "2006": "$613", "2005": "$573"}, "O'Reilly Automotive Quarterly Total Liabilities (Millions of US $)": {"2020-09-30": "$11,795", "2020-06-30": "$11,139", "2020-03-31": "$11,000", "2019-12-31": "$10,320", "2019-09-30": "$10,207", "2019-06-30": "$10,057", "2019-03-31": "$9,689", "2018-12-31": "$7,627", "2018-09-30": "$7,396", "2018-06-30": "$7,382", "2018-03-31": "$7,243", "2017-12-31": "$6,919", "2017-09-30": "$6,865", "2017-06-30": "$6,476", "2017-03-31": "$5,781", "2016-12-31": "$5,577", "2016-09-30": "$5,622", "2016-06-30": "$5,521", "2016-03-31": "$5,480", "2015-12-31": "$4,715", "2015-09-30": "$4,773", "2015-06-30": "$4,698", "2015-03-31": "$4,642", "2014-12-31": "$4,514", "2014-09-30": "$4,499", "2014-06-30": "$4,390", "2014-03-31": "$4,267", "2013-12-31": "$4,101", "2013-09-30": "$4,131", "2013-06-30": "$4,118", "2013-03-31": "$3,717", "2012-12-31": "$3,641", "2012-09-30": "$3,591", "2012-06-30": "$3,097", "2012-03-31": "$2,882", "2011-12-31": "$2,656", "2011-09-30": "$2,566", "2011-06-30": "$2,213", "2011-03-31": "$2,060", "2010-12-31": "$1,838", "2010-09-30": "$1,949", "2010-06-30": "$1,986", "2010-03-31": "$2,038", "2009-12-31": "$2,096", "2009-09-30": "$2,082", "2009-06-30": "$2,090", "2009-03-31": "$2,012", "2008-12-31": "$1,911", "2008-09-30": "$1,835", "2008-06-30": "$746", "2008-03-31": "$747", "2007-12-31": "$687", "2007-09-30": "$707", "2007-06-30": "$692", "2007-03-31": "$673", "2006-12-31": "$613", "2006-09-30": "$630", "2006-06-30": "$655", "2006-03-31": "$597", "2005-12-31": "$573", "2005-09-30": "$564", "2005-06-30": "$565", "2005-03-31": "$516"}}, "total-share-holder-equity": {"O'Reilly Automotive Annual Share Holder Equity (Millions of US $)": {"2019": "$397", "2018": "$354", "2017": "$653", "2016": "$1,627", "2015": "$1,961", "2014": "$2,018", "2013": "$1,966", "2012": "$2,108", "2011": "$2,845", "2010": "$3,210", "2009": "$2,686", "2008": "$2,282", "2007": "$1,592", "2006": "$1,364", "2005": "$1,146"}, "O'Reilly Automotive Quarterly Share Holder Equity (Millions of US $)": {"2020-09-30": "$709", "2020-06-30": "$589", "2020-03-31": "$109", "2019-12-31": "$397", "2019-09-30": "$166", "2019-06-30": "$145", "2019-03-31": "$372", "2018-12-31": "$354", "2018-09-30": "$498", "2018-06-30": "$385", "2018-03-31": "$424", "2017-12-31": "$653", "2017-09-30": "$614", "2017-06-30": "$869", "2017-03-31": "$1,423", "2016-12-31": "$1,627", "2016-09-30": "$1,901", "2016-06-30": "$1,690", "2016-03-31": "$1,940", "2015-12-31": "$1,961", "2015-09-30": "$2,002", "2015-06-30": "$1,970", "2015-03-31": "$2,144", "2014-12-31": "$2,018", "2014-09-30": "$1,976", "2014-06-30": "$2,118", "2014-03-31": "$2,163", "2013-12-31": "$1,966", "2013-09-30": "$2,036", "2013-06-30": "$2,006", "2013-03-31": "$2,073", "2012-12-31": "$2,108", "2012-09-30": "$2,259", "2012-06-30": "$2,613", "2012-03-31": "$2,872", "2011-12-31": "$2,845", "2011-09-30": "$2,831", "2011-06-30": "$3,153", "2011-03-31": "$3,188", "2010-12-31": "$3,210", "2010-09-30": "$3,074", "2010-06-30": "$2,930", "2010-03-31": "$2,800", "2009-12-31": "$2,686", "2009-09-30": "$2,599", "2009-06-30": "$2,477", "2009-03-31": "$2,365", "2008-12-31": "$2,282", "2008-09-30": "$2,190", "2008-06-30": "$1,717", "2008-03-31": "$1,651", "2007-12-31": "$1,592", "2007-09-30": "$1,553", "2007-06-30": "$1,493", "2007-03-31": "$1,420", "2006-12-31": "$1,364", "2006-09-30": "$1,316", "2006-06-30": "$1,262", "2006-03-31": "$1,206", "2005-12-31": "$1,146", "2005-09-30": "$1,098", "2005-06-30": "$1,044", "2005-03-31": "$989"}}, "profit-margins": {"current": "14.96%"}, "gross margin": {"2020-09-30": "52.74%", "2020-06-30": "53.00%", "2020-03-31": "52.98%", "2019-12-31": "53.15%", "2019-09-30": "53.13%", "2019-06-30": "53.04%", "2019-03-31": "52.95%", "2018-12-31": "52.85%", "2018-09-30": "52.75%", "2018-06-30": "52.63%", "2018-03-31": "52.61%", "2017-12-31": "52.57%", "2017-09-30": "52.61%", "2017-06-30": "52.64%", "2017-03-31": "52.49%", "2016-12-31": "52.47%", "2016-09-30": "52.39%", "2016-06-30": "52.30%", "2016-03-31": "52.37%", "2015-12-31": "52.25%", "2015-09-30": "52.00%", "2015-06-30": "51.80%", "2015-03-31": "51.66%", "2014-12-31": "51.40%", "2014-09-30": "51.12%", "2014-06-30": "50.94%", "2014-03-31": "50.77%", "2013-12-31": "50.67%", "2013-09-30": "50.64%", "2013-06-30": "50.49%", "2013-03-31": "50.24%", "2012-12-31": "50.10%", "2012-09-30": "49.99%", "2012-06-30": "49.70%", "2012-03-31": "49.38%", "2011-12-31": "49.03%", "2011-09-30": "48.71%", "2011-06-30": "48.57%", "2011-03-31": "48.60%", "2010-12-31": "48.56%", "2010-09-30": "48.55%", "2010-06-30": "48.54%", "2010-03-31": "48.42%", "2009-12-31": "48.03%", "2009-09-30": "47.47%", "2009-06-30": "46.74%", "2009-03-31": "45.97%", "2008-12-31": "45.50%", "2008-09-30": "45.09%", "2008-06-30": "44.69%", "2008-03-31": "44.58%", "2007-12-31": "44.41%", "2007-09-30": "44.39%", "2007-06-30": "44.30%", "2007-03-31": "44.17%", "2006-12-31": "44.06%", "2006-09-30": "44.11%", "2006-06-30": "43.96%", "2006-03-31": "43.90%", "2005-12-31": "43.62%"}, "operating margin": {"2020-09-30": "20.67%", "2020-06-30": "19.95%", "2020-03-31": "18.60%", "2019-12-31": "18.92%", "2019-09-30": "19.10%", "2019-06-30": "18.94%", "2019-03-31": "19.01%", "2018-12-31": "19.03%", "2018-09-30": "19.02%", "2018-06-30": "19.06%", "2018-03-31": "19.17%", "2017-12-31": "19.21%", "2017-09-30": "19.47%", "2017-06-30": "19.57%", "2017-03-31": "19.46%", "2016-12-31": "19.78%", "2016-09-30": "19.60%", "2016-06-30": "19.54%", "2016-03-31": "19.40%", "2015-12-31": "19.00%", "2015-09-30": "18.68%", "2015-06-30": "18.25%", "2015-03-31": "18.04%", "2014-12-31": "17.60%", "2014-09-30": "17.29%", "2014-06-30": "17.03%", "2014-03-31": "16.77%", "2013-12-31": "16.59%", "2013-09-30": "16.42%", "2013-06-30": "16.17%", "2013-03-31": "15.73%", "2012-12-31": "15.82%", "2012-09-30": "15.81%", "2012-06-30": "15.62%", "2012-03-31": "15.47%", "2011-12-31": "14.96%", "2011-09-30": "14.42%", "2011-06-30": "13.95%", "2011-03-31": "13.45%", "2010-12-31": "13.19%", "2010-09-30": "12.79%", "2010-06-30": "12.23%", "2010-03-31": "11.93%", "2009-12-31": "11.08%", "2009-09-30": "10.30%", "2009-06-30": "9.39%", "2009-03-31": "9.14%", "2008-12-31": "9.37%", "2008-09-30": "10.38%", "2008-06-30": "11.81%", "2008-03-31": "11.86%", "2007-12-31": "12.13%", "2007-09-30": "12.36%", "2007-06-30": "12.36%", "2007-03-31": "12.46%", "2006-12-31": "12.35%", "2006-09-30": "12.54%", "2006-06-30": "12.53%", "2006-03-31": "12.48%", "2005-12-31": "12.37%"}, "ebitda margin": {"2020-09-30": "23.39%", "2020-06-30": "22.70%", "2020-03-31": "21.38%", "2019-12-31": "21.62%", "2019-09-30": "21.81%", "2019-06-30": "21.65%", "2019-03-31": "21.68%", "2018-12-31": "21.80%", "2018-09-30": "21.76%", "2018-06-30": "21.79%", "2018-03-31": "21.91%", "2017-12-31": "21.85%", "2017-09-30": "22.09%", "2017-06-30": "22.19%", "2017-03-31": "22.05%", "2016-12-31": "22.33%", "2016-09-30": "22.14%", "2016-06-30": "22.09%", "2016-03-31": "21.96%", "2015-12-31": "21.66%", "2015-09-30": "21.40%", "2015-06-30": "20.98%", "2015-03-31": "20.81%", "2014-12-31": "20.33%", "2014-09-30": "20.02%", "2014-06-30": "19.79%", "2014-03-31": "19.54%", "2013-12-31": "19.37%", "2013-09-30": "19.23%", "2013-06-30": "19.00%", "2013-03-31": "18.60%", "2012-12-31": "18.70%", "2012-09-30": "18.70%", "2012-06-30": "18.51%", "2012-03-31": "18.37%", "2011-12-31": "17.86%", "2011-09-30": "17.36%", "2011-06-30": "16.95%", "2011-03-31": "16.51%", "2010-12-31": "16.34%", "2010-09-30": "15.95%", "2010-06-30": "15.41%", "2010-03-31": "15.15%", "2009-12-31": "14.30%", "2009-09-30": "12.74%", "2009-06-30": "11.08%", "2009-03-31": "10.06%", "2008-12-31": "9.37%", "2008-09-30": "10.38%", "2008-06-30": "11.81%", "2008-03-31": "11.86%", "2007-12-31": "12.13%", "2007-09-30": "12.36%", "2007-06-30": "12.36%", "2007-03-31": "12.46%", "2006-12-31": "12.35%", "2006-09-30": "12.54%", "2006-06-30": "12.53%", "2006-03-31": "12.48%", "2005-12-31": "12.37%"}, "pre tax profit margin": {"2020-09-30": "19.32%", "2020-06-30": "18.58%", "2020-03-31": "17.19%", "2019-12-31": "17.63%", "2019-09-30": "17.77%", "2019-06-30": "17.63%", "2019-03-31": "17.72%", "2018-12-31": "17.76%", "2018-09-30": "17.83%", "2018-06-30": "17.93%", "2018-03-31": "18.10%", "2017-12-31": "18.24%", "2017-09-30": "18.59%", "2017-06-30": "18.75%", "2017-03-31": "18.69%", "2016-12-31": "19.06%", "2016-09-30": "18.92%", "2016-06-30": "18.86%", "2016-03-31": "18.74%", "2015-12-31": "18.34%", "2015-09-30": "18.00%", "2015-06-30": "17.57%", "2015-03-31": "17.39%", "2014-12-31": "16.93%", "2014-09-30": "16.63%", "2014-06-30": "16.35%", "2014-03-31": "16.09%", "2013-12-31": "15.93%", "2013-09-30": "15.78%", "2013-06-30": "15.56%", "2013-03-31": "15.12%", "2012-12-31": "15.24%", "2012-09-30": "15.23%", "2012-06-30": "15.09%", "2012-03-31": "15.00%", "2011-12-31": "14.10%", "2011-09-30": "13.79%", "2011-06-30": "13.25%", "2011-03-31": "12.65%", "2010-12-31": "12.75%", "2010-09-30": "12.07%", "2010-06-30": "11.47%", "2010-03-31": "11.12%", "2009-12-31": "10.23%", "2009-09-30": "9.38%", "2009-06-30": "8.21%", "2009-03-31": "8.09%", "2008-12-31": "8.47%", "2008-09-30": "9.72%", "2008-06-30": "11.85%", "2008-03-31": "11.86%", "2007-12-31": "12.13%", "2007-09-30": "12.36%", "2007-06-30": "12.36%", "2007-03-31": "12.46%", "2006-12-31": "12.35%", "2006-09-30": "12.54%", "2006-06-30": "12.49%", "2006-03-31": "12.43%", "2005-12-31": "12.27%"}, "net profit margin": {"2020-09-30": "14.96%", "2020-06-30": "14.44%", "2020-03-31": "13.41%", "2019-12-31": "13.70%", "2019-09-30": "13.68%", "2019-06-30": "13.69%", "2019-03-31": "13.86%", "2018-12-31": "13.88%", "2018-09-30": "14.09%", "2018-06-30": "13.42%", "2018-03-31": "12.89%", "2017-12-31": "12.63%", "2017-09-30": "12.13%", "2017-06-30": "12.23%", "2017-03-31": "12.10%", "2016-12-31": "12.07%", "2016-09-30": "11.96%", "2016-06-30": "12.02%", "2016-03-31": "11.93%", "2015-12-31": "11.70%", "2015-09-30": "11.50%", "2015-06-30": "11.16%", "2015-03-31": "11.07%", "2014-12-31": "10.80%", "2014-09-30": "10.59%", "2014-06-30": "10.37%", "2014-03-31": "10.14%", "2013-12-31": "10.06%", "2013-09-30": "9.98%", "2013-06-30": "9.75%", "2013-03-31": "9.49%", "2012-12-31": "9.46%", "2012-09-30": "9.45%", "2012-06-30": "9.37%", "2012-03-31": "9.30%", "2011-12-31": "8.76%", "2011-09-30": "8.59%", "2011-06-30": "8.20%", "2011-03-31": "7.73%", "2010-12-31": "7.78%", "2010-09-30": "7.34%", "2010-06-30": "6.99%", "2010-03-31": "6.89%", "2009-12-31": "6.35%", "2009-09-30": "5.83%", "2009-06-30": "5.02%", "2009-03-31": "4.96%", "2008-12-31": "5.20%", "2008-09-30": "6.00%", "2008-06-30": "7.49%", "2008-03-31": "7.51%", "2007-12-31": "7.69%", "2007-09-30": "7.79%", "2007-06-30": "7.80%", "2007-03-31": "7.84%", "2006-12-31": "7.80%", "2006-09-30": "7.95%", "2006-06-30": "8.19%", "2006-03-31": "8.18%", "2005-12-31": "8.07%"}, "pe ratio": {"current": "20.02", "2021-02-05": "20.02", "2020-09-30": "20.59", "2020-06-30": "20.67", "2020-03-31": "16.90", "2019-12-31": "24.50", "2019-09-30": "22.96", "2019-06-30": "22.01", "2019-03-31": "23.46", "2018-12-31": "21.37", "2018-09-30": "21.83", "2018-06-30": "18.70", "2018-03-31": "18.39", "2017-12-31": "18.99", "2017-09-30": "18.34", "2017-06-30": "19.15", "2017-03-31": "24.60", "2016-12-31": "25.95", "2016-09-30": "27.12", "2016-06-30": "26.92", "2016-03-31": "28.18", "2015-12-31": "27.61", "2015-09-30": "28.54", "2015-06-30": "27.66", "2015-03-31": "27.76", "2014-12-31": "26.24", "2014-09-30": "21.54", "2014-06-30": "22.78", "2014-03-31": "23.63", "2013-12-31": "21.34", "2013-09-30": "22.11", "2013-06-30": "20.86", "2013-03-31": "20.61", "2012-12-31": "18.83", "2012-09-30": "18.38", "2012-06-30": "19.35", "2012-03-31": "22.07", "2011-12-31": "21.49", "2011-09-30": "18.93", "2011-06-30": "20.22", "2011-03-31": "19.22", "2010-12-31": "20.34", "2010-09-30": "19.35", "2010-06-30": "18.58", "2010-03-31": "16.89", "2009-12-31": "17.09", "2009-09-30": "17.80", "2009-06-30": "22.27", "2009-03-31": "22.30", "2008-12-31": "20.36", "2008-09-30": "17.38", "2008-06-30": "13.22", "2008-03-31": "17.18", "2007-12-31": "19.30", "2007-09-30": "19.89", "2007-06-30": "22.29", "2007-03-31": "20.43", "2006-12-31": "20.68"}, "price sales": {"2021-02-05": "3.01", "2020-09-30": "3.10", "2020-06-30": "3.00", "2020-03-31": "2.28", "2019-12-31": "3.37", "2019-09-30": "3.16", "2019-06-30": "3.03", "2019-03-31": "3.27", "2018-12-31": "2.98", "2018-09-30": "3.11", "2018-06-30": "2.54", "2018-03-31": "2.40", "2017-12-31": "2.42", "2017-09-30": "2.23", "2017-06-30": "2.35", "2017-03-31": "2.99", "2016-12-31": "3.15", "2016-09-30": "3.26", "2016-06-30": "3.25", "2016-03-31": "3.38", "2015-12-31": "3.24", "2015-09-30": "3.30", "2015-06-30": "3.10", "2015-03-31": "3.09", "2014-12-31": "2.85", "2014-09-30": "2.29", "2014-06-30": "2.37", "2014-03-31": "2.41", "2013-12-31": "2.16", "2013-09-30": "2.24", "2013-06-30": "2.06", "2013-03-31": "1.98", "2012-12-31": "1.81", "2012-09-30": "1.76", "2012-06-30": "1.84", "2012-03-31": "2.08", "2011-12-31": "1.91", "2011-09-30": "1.63", "2011-06-30": "1.66", "2011-03-31": "1.48", "2010-12-31": "1.58", "2010-09-30": "1.42", "2010-06-30": "1.30", "2010-03-31": "1.16", "2009-12-31": "1.08", "2009-09-30": "1.02", "2009-06-30": "1.09", "2009-03-31": "1.10", "2008-12-31": "1.07", "2008-09-30": "1.06", "2008-06-30": "0.99", "2008-03-31": "1.30", "2007-12-31": "1.49", "2007-09-30": "1.56", "2007-06-30": "1.75", "2007-03-31": "1.62", "2006-12-31": "1.61"}, "price book": {"current": "46.82", "2021-02-05": "46.31", "2020-09-30": "47.64", "2020-06-30": "53.04", "2020-03-31": "205.23", "2019-12-31": "83.41", "2019-09-30": "181.56", "2019-06-30": "195.76", "2019-03-31": "81.61", "2018-12-31": "76.96", "2018-09-30": "55.99", "2018-06-30": "57.55", "2018-03-31": "48.02", "2017-12-31": "31.05", "2017-09-30": "29.92", "2017-06-30": "22.14", "2017-03-31": "17.32", "2016-12-31": "15.89", "2016-09-30": "13.96", "2016-06-30": "15.22", "2016-03-31": "13.65", "2015-12-31": "12.63", "2015-09-30": "12.31", "2015-06-30": "11.42", "2015-03-31": "10.22", "2014-12-31": "9.70", "2014-09-30": "7.79", "2014-06-30": "7.44", "2014-03-31": "7.29", "2013-12-31": "6.93", "2013-09-30": "6.75", "2013-06-30": "6.11", "2013-03-31": "5.49", "2012-12-31": "4.79", "2012-09-30": "4.30", "2012-06-30": "3.91", "2012-03-31": "4.01", "2011-12-31": "3.57", "2011-09-30": "3.02", "2011-06-30": "2.82", "2011-03-31": "2.50", "2010-12-31": "2.65", "2010-09-30": "2.41", "2010-06-30": "2.25", "2010-03-31": "2.05", "2009-12-31": "1.95", "2009-09-30": "1.91", "2009-06-30": "2.09", "2009-03-31": "2.00", "2008-12-31": "1.82", "2008-09-30": "1.64", "2008-06-30": "1.51", "2008-03-31": "1.99", "2007-12-31": "2.35", "2007-09-30": "2.48", "2007-06-30": "2.81", "2007-03-31": "2.66", "2006-12-31": "2.68", "2006-09-30": "2.87", "2006-06-30": "2.80", "2006-03-31": "3.43"}, "price fcf": {"2021-02-05": "", "2020-09-30": "$27.59", "2020-06-30": "$24.54", "2020-03-31": "$14.66", "2019-12-31": "$13.98", "2019-09-30": "$15.88", "2019-06-30": "$14.07", "2019-03-31": "$14.81", "2018-12-31": "$14.93", "2018-09-30": "$14.32", "2018-06-30": "$13.15", "2018-03-31": "$11.44", "2017-12-31": "$10.53", "2017-09-30": "$10.22", "2017-06-30": "$9.77", "2017-03-31": "$9.54", "2016-12-31": "$10.75", "2016-09-30": "$10.53", "2016-06-30": "$10.45", "2016-03-31": "$10.21", "2015-12-31": "$9.20", "2015-09-30": "$8.47", "2015-06-30": "$7.94", "2015-03-31": "$7.82", "2014-12-31": "$7.20", "2014-09-30": "$7.15", "2014-06-30": "$6.56", "2014-03-31": "$5.71", "2013-12-31": "$4.63", "2013-09-30": "$4.77", "2013-06-30": "$5.82", "2013-03-31": "$6.46", "2012-12-31": "$7.74", "2012-09-30": "$8.16", "2012-06-30": "$7.11", "2012-03-31": "$7.02", "2011-12-31": "$5.79", "2011-09-30": "$4.58", "2011-06-30": "$4.10", "2011-03-31": "$3.22", "2010-12-31": "$2.40", "2010-09-30": "$1.52", "2010-06-30": "$0.89", "2010-03-31": "$0.13", "2009-12-31": "$-0.91", "2009-09-30": "$-0.75", "2009-06-30": "$-1.68", "2009-03-31": "$-1.33", "2008-12-31": "$-0.33", "2008-09-30": "$-0.16", "2008-06-30": "$0.50", "2008-03-31": "$0.13", "2007-12-31": "$0.16", "2007-09-30": "$0.31", "2007-06-30": "$0.05", "2007-03-31": "$0.11", "2006-12-31": "$-0.37"}, "net worth": {"value": "$32.48B"}, "current ratio": {"current": "0.98", "2020-09-30": "0.98", "2020-06-30": "0.95", "2020-03-31": "0.91", "2019-12-31": "0.86", "2019-09-30": "0.81", "2019-06-30": "0.85", "2019-03-31": "0.84", "2018-12-31": "0.91", "2018-09-30": "0.91", "2018-06-30": "0.92", "2018-03-31": "0.92", "2017-12-31": "0.93", "2017-09-30": "0.93", "2017-06-30": "0.92", "2017-03-31": "0.91", "2016-12-31": "0.96", "2016-09-30": "1.06", "2016-06-30": "1.02", "2016-03-31": "1.12", "2015-12-31": "0.99", "2015-09-30": "1.02", "2015-06-30": "1.03", "2015-03-31": "1.11", "2014-12-31": "1.09", "2014-09-30": "1.08", "2014-06-30": "1.16", "2014-03-31": "1.22", "2013-12-31": "1.17", "2013-09-30": "1.22", "2013-06-30": "1.24", "2013-03-31": "1.17", "2012-12-31": "1.20", "2012-09-30": "1.31", "2012-06-30": "1.37", "2012-03-31": "1.57", "2011-12-31": "1.65", "2011-09-30": "1.68", "2011-06-30": "1.75", "2011-03-31": "1.87", "2010-12-31": "1.87", "2010-09-30": "1.67", "2010-06-30": "1.72", "2010-03-31": "1.78", "2009-12-31": "1.83", "2009-09-30": "1.79", "2009-06-30": "1.81", "2009-03-31": "1.78", "2008-12-31": "1.78", "2008-09-30": "1.71", "2008-06-30": "2.03", "2008-03-31": "1.98", "2007-12-31": "2.08", "2007-09-30": "2.03", "2007-06-30": "2.05", "2007-03-31": "2.15", "2006-12-31": "2.31", "2006-09-30": "2.21", "2006-06-30": "2.09", "2006-03-31": "1.89", "2005-12-31": "1.88", "2005-09-30": "1.85", "2005-06-30": "1.76", "2005-03-31": "2.33"}, "quick ratio": {"2020-09-30": "0.35", "2020-06-30": "0.25", "2020-03-31": "0.14", "2019-12-31": "0.09", "2019-09-30": "0.08", "2019-06-30": "0.10", "2019-03-31": "0.10", "2018-12-31": "0.09", "2018-09-30": "0.11", "2018-06-30": "0.11", "2018-03-31": "0.11", "2017-12-31": "0.11", "2017-09-30": "0.10", "2017-06-30": "0.09", "2017-03-31": "0.10", "2016-12-31": "0.14", "2016-09-30": "0.25", "2016-06-30": "0.21", "2016-03-31": "0.30", "2015-12-31": "0.12", "2015-09-30": "0.18", "2015-06-30": "0.18", "2015-03-31": "0.25", "2014-12-31": "0.18", "2014-09-30": "0.19", "2014-06-30": "0.26", "2014-03-31": "0.29", "2013-12-31": "0.19", "2013-09-30": "0.25", "2013-06-30": "0.27", "2013-03-31": "0.19", "2012-12-31": "0.20", "2012-09-30": "0.31", "2012-06-30": "0.31", "2012-03-31": "0.46", "2011-12-31": "0.39", "2011-09-30": "0.35", "2011-06-30": "0.36", "2011-03-31": "0.35", "2010-12-31": "0.23", "2010-09-30": "0.23", "2010-06-30": "0.25", "2010-03-31": "0.26", "2009-12-31": "0.26", "2009-09-30": "0.26", "2009-06-30": "0.30", "2009-03-31": "0.30", "2008-12-31": "0.29", "2008-09-30": "0.27", "2008-06-30": "0.48", "2008-03-31": "0.47", "2007-12-31": "0.42", "2007-09-30": "0.49", "2007-06-30": "0.47", "2007-03-31": "0.49", "2006-12-31": "0.43", "2006-09-30": "0.42", "2006-06-30": "0.44", "2006-03-31": "0.41", "2005-12-31": "0.38", "2005-09-30": "0.37", "2005-06-30": "0.35", "2005-03-31": "0.55"}, "debt equity ratio": {"current": "5.81", "2020-09-30": "16.63", "2020-06-30": "18.91", "2020-03-31": "101.06", "2019-12-31": "25.97", "2019-09-30": "61.40", "2019-06-30": "69.51", "2019-03-31": "26.02", "2018-12-31": "21.57", "2018-09-30": "14.84", "2018-06-30": "19.17", "2018-03-31": "17.09", "2017-12-31": "10.60", "2017-09-30": "11.18", "2017-06-30": "7.45", "2017-03-31": "4.06", "2016-12-31": "3.43", "2016-09-30": "2.96", "2016-06-30": "3.27", "2016-03-31": "2.83", "2015-12-31": "2.40", "2015-09-30": "2.38", "2015-06-30": "2.39", "2015-03-31": "2.17", "2014-12-31": "2.24", "2014-09-30": "2.28", "2014-06-30": "2.07", "2014-03-31": "1.97", "2013-12-31": "2.09", "2013-09-30": "2.03", "2013-06-30": "2.05", "2013-03-31": "1.79", "2012-12-31": "1.73", "2012-09-30": "1.59", "2012-06-30": "1.19", "2012-03-31": "1.00", "2011-12-31": "0.93", "2011-09-30": "0.91", "2011-06-30": "0.70", "2011-03-31": "0.65", "2010-12-31": "0.57", "2010-09-30": "0.63", "2010-06-30": "0.68", "2010-03-31": "0.73", "2009-12-31": "0.78", "2009-09-30": "0.80", "2009-06-30": "0.84", "2009-03-31": "0.85", "2008-12-31": "0.84", "2008-09-30": "0.84", "2008-06-30": "0.43", "2008-03-31": "0.45", "2007-12-31": "0.43", "2007-09-30": "0.46", "2007-06-30": "0.46", "2007-03-31": "0.47", "2006-12-31": "0.45", "2006-09-30": "0.48", "2006-06-30": "0.52", "2006-03-31": "0.49", "2005-12-31": "0.50", "2005-09-30": "0.51", "2005-06-30": "0.54", "2005-03-31": "0.52"}, "return on equity": {"2020-09-30": "373.39%", "2020-06-30": "491.04%", "2020-03-31": "670.75%", "2019-12-31": "515.19%", "2019-09-30": "526.90%", "2019-06-30": "391.82%", "2019-03-31": "333.13%", "2018-12-31": "318.84%", "2018-09-30": "270.61%", "2018-06-30": "239.69%", "2018-03-31": "183.44%", "2017-12-31": "127.45%", "2017-09-30": "95.12%", "2017-06-30": "73.68%", "2017-03-31": "63.06%", "2016-12-31": "57.95%", "2016-09-30": "53.92%", "2016-06-30": "52.57%", "2016-03-31": "49.49%", "2015-12-31": "46.16%", "2015-09-30": "44.01%", "2015-06-30": "41.74%", "2015-03-31": "39.63%", "2014-12-31": "37.66%", "2014-09-30": "36.43%", "2014-06-30": "34.67%", "2014-03-31": "33.73%", "2013-12-31": "33.11%", "2013-09-30": "31.62%", "2013-06-30": "29.51%", "2013-03-31": "26.16%", "2012-12-31": "23.75%", "2012-09-30": "21.72%", "2012-06-30": "20.21%", "2012-03-31": "18.87%", "2011-12-31": "16.88%", "2011-09-30": "15.83%", "2011-06-30": "14.54%", "2011-03-31": "13.71%", "2010-12-31": "13.98%", "2010-09-30": "13.44%", "2010-06-30": "12.93%", "2010-03-31": "12.95%", "2009-12-31": "12.17%", "2009-09-30": "11.48%", "2009-06-30": "10.01%", "2009-03-31": "9.49%", "2008-12-31": "9.49%", "2008-09-30": "10.29%", "2008-06-30": "12.04%", "2008-03-31": "12.21%", "2007-12-31": "12.81%", "2007-09-30": "13.24%", "2007-06-30": "13.45%", "2007-03-31": "13.80%", "2006-12-31": "13.83%", "2006-09-30": "14.44%", "2006-06-30": "15.20%", "2006-03-31": "15.40%", "2005-12-31": "15.43%"}, "return on assets": {"2020-09-30": "14.62%", "2020-06-30": "14.10%", "2020-03-31": "12.92%", "2019-12-31": "13.45%", "2019-09-30": "14.15%", "2019-06-30": "14.84%", "2019-03-31": "15.90%", "2018-12-31": "16.91%", "2018-09-30": "17.16%", "2018-06-30": "16.32%", "2018-03-31": "15.62%", "2017-12-31": "15.32%", "2017-09-30": "14.75%", "2017-06-30": "14.65%", "2017-03-31": "14.37%", "2016-12-31": "14.13%", "2016-09-30": "14.01%", "2016-06-30": "14.22%", "2016-03-31": "14.15%", "2015-12-31": "13.86%", "2015-09-30": "13.38%", "2015-06-30": "12.79%", "2015-03-31": "12.44%", "2014-12-31": "12.01%", "2014-09-30": "11.76%", "2014-06-30": "11.41%", "2014-03-31": "11.12%", "2013-12-31": "11.08%", "2013-09-30": "10.91%", "2013-06-30": "10.60%", "2013-03-31": "10.25%", "2012-12-31": "10.15%", "2012-09-30": "10.08%", "2012-06-30": "10.09%", "2012-03-31": "10.03%", "2011-12-31": "9.43%", "2011-09-30": "9.31%", "2011-06-30": "8.88%", "2011-03-31": "8.40%", "2010-12-31": "8.47%", "2010-09-30": "7.89%", "2010-06-30": "7.41%", "2010-03-31": "7.25%", "2009-12-31": "6.69%", "2009-09-30": "6.26%", "2009-06-30": "5.43%", "2009-03-31": "5.39%", "2008-12-31": "5.69%", "2008-09-30": "6.59%", "2008-06-30": "8.34%", "2008-03-31": "8.42%", "2007-12-31": "8.80%", "2007-09-30": "9.06%", "2007-06-30": "9.17%", "2007-03-31": "9.33%", "2006-12-31": "9.32%", "2006-09-30": "9.64%", "2006-06-30": "10.08%", "2006-03-31": "10.19%", "2005-12-31": "10.16%"}, "return on investments": {"2020-09-30": "50.54%", "2020-06-30": "49.00%", "2020-03-31": "45.60%", "2019-12-31": "48.27%", "2019-09-30": "49.53%", "2019-06-30": "48.83%", "2019-03-31": "49.26%", "2018-12-31": "49.39%", "2018-09-30": "49.18%", "2018-06-30": "49.08%", "2018-03-31": "49.03%", "2017-12-31": "49.22%", "2017-09-30": "49.78%", "2017-06-30": "48.43%", "2017-03-31": "47.18%", "2016-12-31": "46.25%", "2016-09-30": "45.53%", "2016-06-30": "45.85%", "2016-03-31": "45.41%", "2015-12-31": "44.34%", "2015-09-30": "42.41%", "2015-06-30": "40.42%", "2015-03-31": "38.54%", "2014-12-31": "36.67%", "2014-09-30": "35.43%", "2014-06-30": "34.01%", "2014-03-31": "33.12%", "2013-12-31": "33.01%", "2013-09-30": "32.41%", "2013-06-30": "31.47%", "2013-03-31": "29.87%", "2012-12-31": "28.69%", "2012-09-30": "27.34%", "2012-06-30": "26.20%", "2012-03-31": "25.17%", "2011-12-31": "23.72%", "2011-09-30": "22.66%", "2011-06-30": "21.84%", "2011-03-31": "21.05%", "2010-12-31": "20.68%", "2010-09-30": "19.83%", "2010-06-30": "18.50%", "2010-03-31": "17.77%", "2009-12-31": "16.43%", "2009-09-30": "15.51%", "2009-06-30": "14.22%", "2009-03-31": "13.86%", "2008-12-31": "14.30%", "2008-09-30": "15.83%", "2008-06-30": "18.14%", "2008-03-31": "18.39%", "2007-12-31": "19.17%", "2007-09-30": "19.77%", "2007-06-30": "19.93%", "2007-03-31": "20.37%", "2006-12-31": "20.57%", "2006-09-30": "21.69%", "2006-06-30": "22.42%", "2006-03-31": "22.98%", "2005-12-31": "22.73%"}, "return on tangible equity": {"2020-09-30": "-376.73%", "2020-06-30": "-273.26%", "2020-03-31": "-207.11%", "2019-12-31": "-243.93%", "2019-09-30": "-248.82%", "2019-06-30": "-290.73%", "2019-03-31": "-338.17%", "2018-12-31": "-349.80%", "2018-09-30": "-443.48%", "2018-06-30": "-461.60%", "2018-03-31": "-793.24%", "2017-12-31": "1106.34%", "2017-09-30": "310.66%", "2017-06-30": "158.52%", "2017-03-31": "117.77%", "2016-12-31": "101.12%", "2016-09-30": "90.50%", "2016-06-30": "87.45%", "2016-03-31": "80.41%", "2015-12-31": "73.84%", "2015-09-30": "70.10%", "2015-06-30": "66.59%", "2015-03-31": "62.56%", "2014-12-31": "59.35%", "2014-09-30": "57.64%", "2014-06-30": "54.65%", "2014-03-31": "53.60%", "2013-12-31": "53.00%", "2013-09-30": "50.11%", "2013-06-30": "45.93%", "2013-03-31": "39.16%", "2012-12-31": "34.11%", "2012-09-30": "30.22%", "2012-06-30": "27.56%", "2012-03-31": "25.31%", "2011-12-31": "22.43%", "2011-09-30": "20.84%", "2011-06-30": "19.03%", "2011-03-31": "18.03%", "2010-12-31": "18.59%", "2010-09-30": "18.13%", "2010-06-30": "17.71%", "2010-03-31": "18.03%", "2009-12-31": "17.18%", "2009-09-30": "16.43%", "2009-06-30": "14.40%", "2009-03-31": "12.68%", "2008-12-31": "11.69%", "2008-09-30": "11.60%", "2008-06-30": "12.42%", "2008-03-31": "12.61%", "2007-12-31": "13.13%", "2007-09-30": "13.59%", "2007-06-30": "13.69%", "2007-03-31": "13.93%", "2006-12-31": "13.96%", "2006-09-30": "14.44%", "2006-06-30": "15.20%", "2006-03-31": "15.40%", "2005-12-31": "15.43%"}, "dividend yield history": {"last payout": "$0.00", "last yield": "0.00%"}}